4120 6154
199 61 209 76 ἢ
262 127 313 183 titt
778 111 808 169 b.
828 111 958 170 000le
975 99 1124 168 suesti!
1141 103 1394 165 coustaoussts
1414 105 1448 161 ll.
1473 139 1479 148 «
1916 102 1972 158 ase

263 244 468 308 exhortatione
488 241 609 313 format,
630 249 760 311 eumque
788 251 938 311 aquarum
961 235 1092 309 impetus
1106 231 1131 286 A
1145 235 1174 288 et
1185 229 1379 288 conturbabis
1391 245 1428 285 aa
1443 229 1538 298 (Psoi.
1553 241 1623 296 neu,
1636 223 1724 297 45).»
1748 222 1872 280 vadunt
1891 221 1974 280 enine

264 334 367 410 operit,
379 332 455 390 dum
468 330 546 388 bene
568 328 689 400 agents
706 325 845 384 mambra
859 326 925 398 ejus
942 325 1031 382 turbe
1044 337 1091 380 re·
1144 317 1274 390 fulgura,
1288 335 1358 375 oum
1368 317 1579 391 praedicatores
1594 311 1746 372 miraculis
1759 316 1933 382 coruscam,
1948 315 1975 368 ct

263 421 429 481 natantium
441 418 559 493 premit.
575 417 649 474 Hine
660 416 743 473 enim
758 415 904 489 scriptum
918 419 979 471 cst:
992 435 1006 465 e
1019 416 1090 470 Fac·
1144 423 1276 482 superna
1290 406 1467 464 revertentia
1487 405 1581 463 corda
1599 401 1794 474 transfigunt.
1809 403 1974 458 Ravenna—

263 512 423 568 «tumeat
440 507 568 566 verbum
589 505 707 562 Domini
726 504 767 562 ad
785 503 948 560 Jeremiam
970 502 1088 559 dicens:
1142 501 1201 566 tur,
1217 513 1286 554 oum
1311 511 1372 552 nen
1386 496 1452 564 sibi,
1469 495 1522 552 sed
1539 494 1588 552 bel
1609 492 1724 551 unibus
1739 490 1878 548 tribuunt
1889 489 1975 563 quid-

262 618 279 657 e
298 599 345 656 ad
358 613 466 656 omnes
485 595 619 652 civitates
641 593 731 664 tuda,
745 592 783 649 de
796 591 909 666 quibus
922 591 1045 649 veniunt
1059 593 1092 646 ut
1143 586 1217 660 quid
1229 601 1261 642 se
1282 585 1395 643 lortiter
1415 585 1511 656 egisse
1530 585 1728 656 cognoscunt.
1745 579 1824 647 Quid
1837 583 1885 637 est
1896 579 1975 636 enim

264 710 279 742 a
298 687 425 746 ederent
446 685 479 742 in
492 684 585 740 deme
601 682 729 751 bomini,
749 681 906 738 universes
936 693 1090 738 sermones
1144 679 1204 733 leae
1218 675 1326 744 dicere,
1340 675 1502 746 Amemus,
1515 674 1572 731 nisi
1584 672 1626 730 illi
1637 670 1761 730 laudem
1770 669 1903 727 tribuere
1911 684 1974 741 gra-

263 798 279 832 s
293 789 439 851 quesego
453 771 598 830 mandavi
611 771 675 840 tibi,
692 775 724 828 ut
747 769 881 843 loquaris
893 769 933 827 ad
952 784 1014 833 eos,
1029 765 1091 825 noli
1143 765 1200 837 tiso,
1215 779 1234 822 a
1248 777 1310 838 quo
1321 779 1352 820 se
1368 764 1519 838 accepisse
1534 763 1664 820 sentiunt
1674 759 1832 818 domnam
1843 759 1975 832 pugnaci

264 888 279 920 ι
299 861 630 924 subtrabarevsrbum:
647 859 672 916 sl
687 859 761 918 terte
775 859 910 931 audiant,
923 863 952 916 et
966 871 1091 916 consen
1144 854 1253 925 Fulgnr
1267 853 1381 926 quippe
1395 852 1459 910 ibat
1473 867 1544 910 oum
1567 855 1668 908 Petrus
1683 848 1811 908 diceret:
1829 869 1844 900 e
1860 853 1975 919 Argon·

259 977 280 1029 ,a
299 957 400 1014 untur
414 949 624 1024 unusquisque
640 965 658 1006 a
672 948 723 1006 via
739 963 796 1006 sua
809 947 900 1019 mals,
910 951 940 1004 et
950 945 1094 1021 poeniteat
1143 945 1208 998 turn
1230 945 1260 998 et
1282 955 1392 997 aurum
1405 956 1469 997 non
1483 944 1528 998 est
1545 939 1630 1008 milei,
1647 937 1732 1014 quod
1758 939 1862 993 autem
1876 935 1976 994 habeo

265 1063 282 1100 e
299 1057 348 1102 mo
361 1041 434 1100 mab
446 1039 594 1114 quodogo
605 1037 809 1110 eogitoiacore
824 1037 996 1110 eispropter
1008 1035 1092 1092 mali
1143 1031 1201 1088 hoo
1214 1029 1267 1088 tibi
1278 1029 1370 1087 dabo.
1384 1031 1417 1086 ln
1431 1029 1555 1087 nomino
1568 1032 1637 1086 lesu
1650 1025 1758 1084 christi
1772 1029 1901 1096 surgeet
1911 1040 1976 1082 ane-

265 1154 280 1183 «
299 1132 372 1190 tiam
390 1129 557 1187 studiorum
576 1143 692 1184 eorum.
708 1126 745 1183 dt
771 1125 853 1184 dieas
878 1125 917 1182 ad
930 1139 1003 1182 eos:
1024 1127 1091 1182 llaec
1143 1118 1573 1193 beda(lre.1n,e).»sulgur
1593 1121 1695 1176 autem
1716 1115 1794 1172 rodit
1816 1129 1890 1172 oum
1914 1115 1974 1172 ait:

264 1243 279 1274 e
298 1220 370 1279 dicit
383 1218 544 1277 Dominus:
560 1217 589 1276 Si
602 1231 666 1274 nen
679 1213 832 1274 audieritis
845 1217 945 1284 me,ut
957 1213 1091 1272 ambulo·
1144 1208 1239 1276 «Quid
1251 1208 1444 1266 admiramini
1458 1208 1490 1265 in
1503 1208 1572 1280 hoo,
1584 1211 1636 1264 sut
1645 1219 1701 1263 nos
1715 1204 1791 1279 qnid
1804 1203 1975 1272 intuemini,

264 1330 279 1360 e
299 1309 336 1367 iis
349 1309 381 1366 in
391 1307 458 1380 lege
471 1322 551 1376 mea,
560 1321 654 1381 quam
662 1303 839 1378 dedivobis,
850 1309 884 1362 ut
894 1304 1022 1362 audiatis
1030 1319 1092 1360 ser·
1143 1298 1231 1372 quasi
1245 1301 1349 1355 nostia
1360 1297 1469 1356 uirtute
1480 1301 1511 1354 et
1523 1297 1633 1371 pietate
1645 1295 1804 1353 fecerimus
1816 1293 1900 1351 huno
1914 1309 1978 1350 am-

264 1419 279 1450 e
298 1413 404 1456 monas
427 1411 582 1454 servorum
605 1407 743 1452 meorum
767 1395 994 1468 prophetarum,
1015 1409 1092 1466 quos
1143 1386 1565 1460 bussereoereliquaelce.
1582 1383 1817 1457 sumtiliter:
1834 1382 1976 1454 Fulmen,
2051 1435 2052 1462 ,

264 1508 280 1538 a
298 1501 355 1558 age
368 1484 438 1542 miei
451 1484 491 1542 ad
504 1499 560 1541 vos
570 1481 703 1539 denoots
713 1497 900 1554 consurgens
912 1479 1091 1552 etdirigens,
1144 1476 1175 1532 id
1183 1477 1339 1546 est,sancti
1349 1475 1404 1533 riri
1415 1475 1571 1532 mittuntur
1592 1479 1622 1532 ot
1640 1477 1722 1546 eunt,
1734 1487 1805 1530 oum
1830 1488 1850 1528 s
1863 1475 1977 1529 secrete

263 1595 280 1628 a
297 1579 327 1632 et
338 1589 401 1632 non
415 1573 553 1630 audistis.
566 1571 650 1628 Dabo
659 1571 787 1628 domum
799 1572 889 1628 istam
904 1570 979 1627 siout
991 1570 1093 1639 Sile,et
1106 1580 1131 1639 B
1144 1563 1405 1638 contemplationis
1415 1563 1617 1637 adpubllcum
1625 1561 1760 1636 operatio
1770 1565 1892 1626 exeunt,
1905 1575 1977 1616 oum

264 1680 281 1718 e
298 1662 406 1719 urbem
415 1661 495 1718 hanc
509 1659 590 1716 dabo
599 1659 631 1716 in
646 1657 887 1715 maledictionem
899 1657 1091 1730 cunctisgan-
1146 1655 1185 1711 ab
1196 1653 1376 1711 abscendito
1389 1653 1602 1727 speculationis
1611 1651 1774 1721 intimem
1788 1651 1895 1708 active
1910 1650 1976 1706 sits

264 1771 280 1802 a
299 1749 379 1807 tibus
394 1754 488 1806 terree
504 1751 537 1803 lit
551 1745 711 1804 audierunt
734 1747 1091 1820 sacerdotesetprophe-
1143 1741 1300 1800 latitudine
1336 1741 1567 1814 diffunduntur,·
1601 1741 1654 1798 sed
1675 1743 1875 1809 revcduntur,
1904 1738 1977 1812 quia

265 1861 279 1890 a
299 1835 634 1910 te,otemnispopulus
642 1836 804 1894 latentiam
813 1836 987 1910 loquentem
999 1836 1092 1894 verba
1143 1835 1212 1907 post
1234 1847 1327 1906 opera
1356 1831 1502 1889 exteriora
1529 1847 1598 1906 quae
1627 1834 1786 1904 peragunt,
1801 1844 1926 1902 semper
1939 1828 1978 1884 ad
2051 1847 2052 1868 1

264 1947 281 1984 e
299 1927 365 1986 hee
377 1927 513 1984 indomo
526 1925 652 1982 Domini.
670 1928 805 1999 Cumque
815 1926 998 1998 complesset
1010 1927 1091 1983 lere-
1144 1924 1245 1979 sinum
1258 1921 1519 1995 contemplationis
1540 1925 1707 1990 recurrunt,
1723 1924 1757 1980 ut
1769 1919 1829 1976 illic
1858 1917 1975 1975 ardoris

265 2039 281 2071 e
298 2018 376 2074 miae
387 2017 517 2090 loquens
528 2014 708 2088 omniaque
720 2020 903 2088 praeceperat
911 2015 939 2071 ei
946 2015 1091 2071 Dominus
1144 2012 1191 2068 sul
1203 2010 1360 2068 llammam
1374 2009 1519 2078 reficiant,
1537 2009 1663 2083 etquasi
1688 2023 1725 2066 ex
1738 2011 1819 2065 mebi
1836 2023 1976 2080 superne
2051 2033 2052 2066 r

265 2127 280 2158 e
299 2109 333 2163 ut
358 2103 583 2178 loquereturad
602 2102 777 2159 universum
803 2103 963 2176 populum,
982 2117 1091 2178 appre-
1143 2101 1285 2159 claritatis
1296 2101 1459 2172 ignescant.
1469 2099 1552 2157 Unde
1568 2099 1710 2158 Salomon
1722 2099 1780 2156 ait:
1797 2096 1861 2154 elo
1875 2096 1977 2154 locum
2051 2159 2052 2162 Ἴ

265 2217 280 2247 ιι
297 2194 468 2252 henderunt
480 2207 551 2250 eune
566 2192 736 2249 sacerdotes
749 2195 778 2249 et
786 2193 942 2266 prophete
952 2184 1091 2250 et'omnis
1144 2193 1226 2248 unde
1262 2193 1374 2248 exeunt
1406 2190 1544 2258 flumine,
1569 2193 1767 2256 revertuntur,
1799 2191 1833 2244 ut
1867 2187 1976 2244 iterum
2051 2237 2052 2250 ,

262 2305 279 2336 a
297 2282 430 2359 populus
445 2282 564 2340 dicens:
580 2285 669 2339 lieeta
684 2281 839 2339 meriatur.
849 2284 946 2348 Quare
960 2284 1091 2356 prophe·
1144 2281 1241 2336 fluant
1254 2279 1363 2350 (Recte.
1378 2295 1397 2346 r,
1412 2283 1450 2348 7),
1469 2278 1570 2352 »qeeia
1583 2278 1665 2334 enim
1679 2276 1772 2333 corda
1786 2274 1976 2332 audientium

263 2393 280 2426 a
298 2374 371 2432 tavit
387 2372 555 2430 innomine
577 2371 716 2428 Domini?
730 2393 745 2422 >e
762 2371 965 2444 (deerunt,
981 2371 1018 2441 9).
1039 2372 1092 2425 Per
1143 2369 1252 2439 rigant,
1275 2365 1414 2436 flumine,
1439 2367 1514 2440 quia
1549 2381 1621 2424 vere
1650 2365 1829 2436 accendunt,
1853 2364 1977 2434 fulgure

262 2462 459 2535 semetipsum
484 2473 607 2534 queque
637 2459 782 2516 [lominus
806 2461 839 2516 eie
854 2459 996 2516 nebelom
1017 2471 1091 2514 eece
1143 2459 1359 2514 memorantur.
1377 2456 1448 2514 ilino
1461 2455 1542 2514 enim
1556 2456 1682 2513 dieitur:
1709 2475 1725 2507 e
1742 2455 1906 2512 illuxerunt
1924 2452 1978 2510 iul

264 2548 383 2615 levarit,
397 2546 522 2620 quando
549 2550 725 2619 praesentem
752 2561 784 2630 se
812 2547 904 2603 etiam
933 2549 1091 2618 assumpte
1144 2561 1220 2618 guse
1246 2547 1312 2618 ejus
1336 2545 1403 2603 orbi
1425 2550 1513 2602 terrae
1534 2546 1630 2619 (Psoi.
1663 2561 1739 2616 scre,
1758 2546 1798 2618 t).
1825 2565 1841 2596 s
1869 2543 1976 2600 illinc:

263 2651 390 2711 corporee
409 2635 566 2706 exhibens,
579 2636 735 2692 veritatem
751 2649 839 2692 suam
860 2646 923 2691 nen
946 2635 1091 2692 secuturis
1144 2653 1160 2682 a
1195 2630 1392 2688 Elevaverunt
1429 2629 1567 2700 flumina,
1611 2630 1746 2700 manino,
1779 2628 1978 2686 moraverunt

264 2725 437 2783 infidelibus
454 2723 581 2797 quando
599 2739 653 2797 per
674 2723 834 2794 caliginem
850 2723 951 2781 sonuit
972 2723 1089 2780 dicens:
1144 2737 1233 2779 rocos
1268 2735 1339 2778 suas
1378 2721 1473 2789 (Psoi.
1511 2735 1653 2792 mxveee,
1681 2720 1738 2793 to).
1770 2741 1785 2771 s
1812 2720 1977 2784 Adsensere,

267 2837 282 2868 «
301 2819 363 2888 ligo
385 2819 416 2872 et
431 2818 518 2888 petor
531 2827 629 2870 unum
656 2827 761 2870 sumus
785 2814 886 2886 (Jean.
901 2813 1002 2886 x‚³0);
1014 2835 1029 2866 e
1043 2817 1090 2871 et:
1143 2825 1275 2885 namque
1293 2809 1392 2867 dicere
1421 2814 1468 2868 est
1494 2813 1642 2884 pensante
1670 2825 1702 2868 se
1720 2807 1854 2867 amando
1868 2823 1980 2864 mons-

266 2927 282 2957 «
294 2905 465 2978 Antequam
487 2901 641 2960 Abraham
666 2903 750 2959 fieret
764 2917 820 2974 ege
834 2917 903 2959 sum
922 2903 1020 2976 (deon.
1031 2919 1127 2995 reuse
1143 2905 1232 2958 trare.
1247 2900 1402 2973 Sequitur:

266 2995 320 3068 tte).
337 3015 352 3045 e
367 2993 424 3052 sed
438 3005 508 3049 oum
518 2992 655 3065 protinus
665 3005 814 3065 equom
826 2993 953 3064 impetus
965 2989 1090 3065 operuit,
1180 2993 1264 3047 vass.
1273 2992 1316 3046 36.
1334 2989 1405 3058 Quis
1425 2990 1528 3060 posuit
1549 2990 1582 3046 eie
1601 2989 1762 3047 uocemue
1776 2987 1907 3046 commu
1929 3003 1979 3044 sc·

263 3083 337 3159 quia
350 3087 455 3140 cenna
474 3081 559 3138 illum
573 3095 645 3138 mex
657 3081 786 3138 seviens
801 3081 986 3156 populorum
1004 3081 1092 3139 turba
1143 3081 1298 3152 mium,
1314 3079 1361 3135 vet
1385 3079 1451 3150 queis
1464 3077 1545 3136 dedit
1564 3077 1647 3149 pello
1666 3077 1901 3150 iotetttpseete'aeee
1914 3081 1931 3132 i'
1944 3105 1978 3116 -

263 3174 403 3230 surani.
417 3171 566 3244 scripturn
589 3170 703 3245 quippo
731 3175 793 3228 est:
811 3191 825 3220 e
839 3171 1001 3244 Propterea
1020 3185 1091 3243 ergo
1144 3173 1177 3225 ln
1193 3166 1399 3239 pannonios
1419 3167 1631 3241 predicatores
1652 3165 1748 3224 sancti
1761 3165 1975 3236 desimber,

264 3260 441 3335 quaerebant
462 3273 533 3316 eum
546 3259 641 3315 ludaei
662 3257 810 3326 occidere,
829 3257 903 3331 qeela
916 3273 979 3314 nen
993 3257 1092 3314 solum
1142 3257 1195 3330 qui
1207 3256 1285 3314 inter
1306 3255 1446 3314 tenebras
1466 3256 1532 3314 ries
1555 3255 1709 3330 presentie
1728 3255 1850 3313 student
1874 3253 1978 3312 lucem

263 3349 400 3408 solvebat
413 3347 590 3416 sabbatum,
608 3346 662 3404 sed
680 3351 709 3404 et
726 3349 843 3404 Patrem
865 3360 955 3404 suum
973 3347 1093 3404 dicebat
1142 3351 1301 3403 venturam
1316 3345 1622 3420 predicando,quaei
1643 3345 1795 3404 canende
1818 3343 1974 3402 nuntiare.

264 3439 370 3505 Deum,
383 3435 530 3511 aequalem
544 3451 577 3492 se
592 3435 703 3492 iaciens
718 3439 779 3494 lieo
793 3441 895 3504 (leon.
913 3453 942 3506 v,
960 3437 1034 3509 18).»
1050 3437 1092 3492 De
1142 3435 1249 3492 bienni
1261 3435 1344 3491 enim
1359 3453 1366 3491 ι
1382 3455 1398 3486 a
1416 3439 1477 3492 Nox
1487 3435 1650 3510 precessit,
1666 3435 1731 3492 elles
1742 3437 1845 3492 nutem
1860 3447 1974 3508 appro-

263 3523 322 3582 hoo
348 3537 499 3598 aquaem
522 3524 637 3597 impetu
659 3539 714 3598 per
740 3525 926 3596 Prophetam
958 3525 1089 3581 clamat:
1143 3523 1481 3596 pinquavitiliemuue,
1498 3525 1648 3597 ll);»st:
1663 3523 1911 3595 «HoraostJ'am
1920 3539 1976 3580 nos
2051 3569 2052 3580 ,

266 3633 281 3664 e
291 3611 560 3670 OEmumdederunt
581 3625 631 3668 ma
657 3611 733 3669 sicut
756 3627 838 3686 aqua
851 3616 914 3670 tota
925 3612 974 3669 die
995 3612 1089 3684 (Psoi.
1142 3611 1182 3669 ds
1195 3625 1306 3668 somno
1320 3627 1444 3684 surgere
1458 3613 1561 3685 (loeo,
1577 3615 1630 3686 et).
1646 3633 1661 3665 e
1678 3616 1719 3670 lie
1732 3613 1793 3670 boo
1807 3611 1887 3684 gello
1900 3611 1977 3668 aliae

264 3715 383 3773 mnan,
400 3700 488 3774 l8);»
502 3703 543 3758 et:
560 3698 758 3757 «Salvumme
772 3699 831 3772 iao,
845 3700 1091 3774 Deus,queniam
1144 3699 1269 3758 dieitur:
1292 3719 1306 3750 e
1332 3700 1399 3758 iria
1427 3705 1509 3772 sunt,
1532 3717 1603 3776 ques
1625 3701 1703 3760 beno
1725 3700 1921 3774 gradiantur,
1949 3703 1978 3756 et
2051 3703 2052 3718 ¹

263 3788 549 3862 musvsrmthun
563 3801 660 3863 usque
674 3787 862 3846 adanimem
883 3789 1089 3862 meam(Pso1.
1141 3793 1285 3864 quartum
1306 3789 1390 3862 quod
1414 3789 1547 3848 incendit
1570 3789 1772 3848 felicitarzlao
1794 3788 1977 3848 lortiseimus

262 3894 358 3944 meur,
374 3879 411 3952 2).
428 3899 442 3929 e
464 3881 638 3936 lioneuren.
657 3879 839 3952 Quanquam
860 3877 964 3935 lideles
982 3893 1090 3935 suenus
1140 3879 1306 3936 bestiarum
1321 3879 1362 3936 ad
1387 3879 1498 3936 nedlius
1523 3879 1644 3953 pavebit
1669 3895 1845 3949 occursum,
1876 3877 1976 3949 gallen

260 3967 338 4026 dum
364 3965 551 4043 quibusdem
580 3967 775 4042 supervacuis
802 3965 883 4025 curis
912 3967 1088 4042 promimur,
1141 3967 1301 4026 succinctis
1323 3965 1977 4040 lumbis‚seariss,ncoesersxquireeisne
2051 3959 2052 4022 ζ

260 4055 396 4114 obducta
431 4055 608 4114 contusione
635 4055 814 4129 caligemus.
846 4060 881 4115 lit
909 4071 980 4115 cum
1001 4055 1089 4114 nobis
1140 4055 1283 4126 oitProe.
1298 4071 1364 4122 exe,
1379 4060 1482 4128 teeti,
1497 4061 1573 4126 31).»
1590 4056 1718 4126 Ubilee,
1733 4055 1868 4114 curnem
1895 4054 1975 4114 secl

260 4145 353 4204 stiam
372 4145 484 4204 talibus
498 4145 575 4202 mim
588 4145 732 4219 qeeeedam
755 4145 901 4204 bernium
919 4146 959 4203 ds
980 4161 1012 4203 so
1026 4161 1091 4203 sen·
1142 4145 1233 4220 pitur,
1256 4145 1355 4218 gellus
1376 4145 1598 4220 predicatores,
1617 4151 1649 4204 et
1671 4146 1751 4204 eries
1776 4143 1977 4203 wodanem

262 4235 364 4292 tiendo
384 4235 528 4307 insinuat,
550 4235 639 4307 quasi
662 4235 850 4294 ascesione
871 4249 972 4293 eorem
998 4237 1089 4302 evat,
1142 4234 1295 4309 prepositi
1320 4235 1509 4307 designabat:
1522 4238 1666 4309 quartum
1685 4233 1975 4302 bdbterinocdens,

260 4323 338 4380 dum
351 4323 524 4394 emglnosts
534 4325 644 4380 nostris
661 4324 813 4381 montibus
837 4324 1031 4398 semetipsum
1047 4325 1090 4382 lo-
1103 4289 1128 4350 Β
1140 4324 1338 4382 endebristue
1363 4329 1408 4382 ast
1428 4339 1574 4398 prospera
1594 4329 1704 4383 cuneta
1727 4329 1843 4382 tonans.
1861 4325 1979 4382 Noten-

259 4413 374 4485 quitur,
385 4411 467 4468 velut
478 4411 510 4468 in
522 4411 635 4469 nobule
648 4411 674 4468 is
697 4413 828 4486 quinon
842 4413 983 4484 caruitne,
1006 4413 1091 4471 audi·
1140 4413 1217 4470 dum
1229 4413 1313 4487 qnod
1325 4413 1476 4489 sapientia
1495 4413 1641 4473 diviniore
1658 4413 1807 4488 nepueu
1825 4413 1859 4472 in
1878 4412 1979 4470 νίκω-

261 4503 319 4558 tur.
331 4499 407 4557 curn
418 4500 499 4558 enim
512 4499 600 4558 cecis
613 4500 723 4558 neseis
737 4501 891 4558 mentibus
907 4501 1029 4560 subtilia
1048 4503 1088 4560 do
1139 4503 1226 4562 ribus
1240 4503 1372 4561 bombis
1384 4503 1516 4578 ponens,
1532 4504 1606 4578 quie
1627 4504 1773 4562 nimirum
1784 4502 1890 4560 eloetis
1910 4515 1979 4560 non

259 4587 362 4665 seipse
374 4589 715 4658 metamaucensium
727 4603 826 4648 esoces
836 4591 1088 4649 lenoncumveso
1140 4593 1257 4652 ineolis
1279 4591 1485 4665 socibm,sed
1503 4593 1597 4652 marn
1618 4593 1651 4651 in
1672 4592 1813 4651 seramus
1826 4591 1931 4662 dator,
1946 4593 1980 4650 et

259 4678 423 4738 bntadens
442 4678 583 4737 sidorum
598 4677 663 4753 ipse
675 4677 715 4736 do
730 4679 791 4736 lieo
808 4682 911 4736 nester
923 4677 1088 4738 nnbectas
1138 4683 1226 4756 iuxta
1235 4683 1321 4757 quod
1338 4683 1472 4758 loquitur
1488 4682 1605 4757 ungue,
1626 4683 1759 4757 loquitur
1770 4680 1976 4740 madentia

256 4768 448 4842 oppdnioer,
461 4768 551 4844 quad
575 4779 726 4842 equorum
746 4769 860 4840 impeta
885 4767 918 4825 in
940 4781 1012 4826 soce
1031 4783 1089 4826 sua
1140 4771 1223 4829 (lello
1254 4771 1356 4846 ltaqeee
1395 4769 1590 4844 inulligsntia
1615 4771 1717 4844 detera
1746 4770 1824 4846 qaia
1856 4769 1980 4828 ὼοίοιι·

260 4859 339 4913 Deus
352 4859 493 4932 operitur.
507 4859 657 4916 lbtemm
665 4859 852 4932 superillum
867 4858 1087 4933 aquasadmit·
1139 4859 1270 4918 veritatis
1292 4859 1483 4918 dimefioms
1511 4861 1603 4918 subse
1631 4865 1664 4920 ut
1697 4859 1817 4920 nemi
1842 4858 1977 4933 quibus,

260 4943 361 5009 timus,
376 4945 771 5020 quotpostinspiratlenem
783 4947 1089 5021 cjnsgnosoogiee
1139 4947 1275 5022 quando,
1289 4947 1337 5006 rol
1358 4949 1518 5022 monsedo
1533 4949 1644 5008 inimat
1663 4948 1809 5008 divinitu
1822 4951 1980 5006 mm

260 5031 356 5090 tiones
369 5032 485 5090 illicitas
496 5033 529 5090 in
543 5034 632 5091 eorde
646 5050 811 5093 versamus.
829 5037 986 5110 Sequitur:
1140 5041 1197 5095 tur.
1212 5040 1277 5095 Non
1299 5037 1381 5095 enim
1406 5037 1521 5096 cuneus
1537 5054 1599 5096 una
1612 5038 1781 5112 eadamque
1803 5035 1979 5094 exhortatio

295 5123 379 5181 Vens.
395 5123 439 5181 ³5.
449 5121 596 5195 Numquid
607 5123 876 5198 mitteefulpeeraet
887 5126 983 5196 duret,
998 5131 1026 5184 et
1039 5139 1086 5184 re·
1139 5126 1288 5184 convenit.
1302 5126 1384 5185 Solet
1397 5127 1479 5184 enim
1503 5126 1601 5199 gallus
1626 5125 1876 5202 profundioribus
1889 5125 1980 5182 horis

260 5214 405 5273 vertentia
415 5211 514 5271 diceret
526 5207 582 5269 t'e'be'
589 5227 595 5268 :
610 5213 822 5271 Adsemest-
831 5215 961 5286 Fulgura
970 5215 1086 5290 quippe
1136 5216 1245 5287 metis,
1260 5216 1439 5276 valentiores
1461 5232 1497 5274 ac
1510 5215 1718 5290 productiores
1733 5215 1822 5274 edere
1850 5218 1979 5284 cannes,

260 5317 297 5359 ex
322 5301 456 5360 nubibus
478 5303 597 5370 exeunt,
613 5299 690 5358 sicut
712 5301 789 5360 mna
812 5317 905 5376 opera
919 5319 956 5360 ex
975 5302 1085 5360 sanctis
1138 5303 1204 5362 lucc
1217 5319 1290 5363 rere
1316 5305 1551 5380 propinquante,
1566 5305 1699 5366 minores
1728 5321 1764 5362 ac
1790 5303 1980 5361 minutiores

258 5393 506 5464 predicatoribus
531 5391 740 5449 ostenduntm.
754 5391 854 5450 Nubes
878 5393 991 5466 quippe
1016 5392 1084 5450 idae
1137 5395 1261 5452 omnino
1269 5410 1358 5452 voees
1371 5395 1490 5452 format.
1506 5395 1552 5454 Sic
1562 5395 1675 5470 quippo
1689 5394 1901 5469 predicatores
1919 5392 1982 5450 ini·

259 5481 761 5557 woadsolentquiaetceruseant
774 5482 936 5552 musanus,
945 5485 977 5540 ce
986 5481 1085 5540 vorbis
1137 5483 1207 5557 quis
1221 5483 1321 5542 adbeee
1330 5479 1482 5540 menbbus
1492 5481 1828 5554 lsduntdummaqne'e
1839 5479 1981 5538 vocibus

255 5569 1084 5648 mmmmmmesmmeloplinbu
1136 5571 1240 5632 estem
1262 5571 1368 5644 judieii
1392 5576 1519 5632 masse
1544 5572 1694 5636 leffium
1715 5570 1874 5634 usum
1896 5585 1982 5630 vens
