4160 6162
211 115 260 172 ibi
728 109 756 166 S.
777 108 907 164 oneris
926 101 1073 162 suasus
1092 99 1343 160 annumeraris
1370 98 1402 156 ll.
1868 99 1920 152 m

214 235 351 294 caesione
364 249 418 290 sue
433 233 514 288 hune
528 231 627 288 subita
642 231 853 288 conturbatum
878 229 1037 287 formidine
1055 225 1154 284 Amm
1178 226 1269 282 utam
1293 224 1430 296 diligunt,
1455 219 1583 293 longiori
1606 219 1663 276 sibl
1691 218 1828 291 ejusdem
1854 220 1921 276 vitre

214 327 329 398 putant.
344 320 483 392 Sequitur
500 336 507 375 ι
1096 316 1192 388 spatia
1206 315 1382 390 promittunt
1394 316 1407 371 'l
1421 312 1478 370 Sed
1493 327 1563 368 oum
1591 325 1644 366 eos
1674 323 1756 365 mors
1784 323 1925 382 superse

249 432 336 484 Vens.
351 431 393 484 ll.
409 428 449 482 Et
462 427 593 497 putabas
609 432 636 483 te
651 427 787 483 tenebras
811 443 870 482 aon
895 426 1040 491 uisurum,
1095 406 1179 462 niens
1191 421 1209 460 fl
1223 403 1359 476 Plfflsessfi
1371 402 1431 460 vita
1443 399 1602 466 SUbtlflhib
1619 413 1725 456 8οΝῑῦ
1739 396 1801 454 Vim
1814 397 1923 470 ⁸P⁸fi³2

212 523 240 577 et
252 519 365 586 impetu
379 531 527 588 apicas-um
543 515 760 572 inundantium
783 531 842 571 nau
867 529 1040 585 oppressum
1094 511 1161 568 ‘1¹¹OE
1177 487 1839 566 Sibi¹⁰ssssl⁰l³q¹¹⁸⁸i1⁰⁰08st³fi⁰l¹2¹⁰ssd⁸f⁸
1854 501 1926 544 ⁰0¹1·

214 608 278 664 iri?
291 637 326 648 ...
341 609 382 661 ,ii
396 605 421 660 ii
436 609 537 678 iperii
560 604 659 661 dicat:
677 604 869 662 Securitatem
892 602 975 676 pacis
990 600 1043 657 libi
1095 587 1262 650 sueverant,
1274 581 1430 638 intercidit.
1448 579 1545 653 lniqul
1560 578 1641 634 enirn
1656 577 1732 634 dum
1744 575 1834 633 corde
1846 581 1926 632 tran-

212 695 241 752 in
258 710 312 768 spe
325 709 539 768 proposueras,
562 693 716 749 etidcirco
744 693 782 748 de
807 691 1041 767 praesumptione
1095 673 1150 728 ³1¹0
1161 672 1200 728 ad
1215 677 1326 728 ffilssfflfl
1340 669 1506 740 negligunt,
1523 664 1854 766 0¹⁰1ffl⁰²³l³¹⁸ae⁸⁸¹²fl³
1881 665 1928 720 fu·

214 787 265 841 tun
277 783 366 856 quasi
380 782 417 838 de
431 781 499 838 luce
511 781 677 852 gaudebas,
708 787 801 838 necte
821 795 957 853 unquam
986 794 1041 851 op.
1095 760 1183 831 gitiva
1199 759 1512 828 essenonintuentur,
1530 761 1660 812 mentem
1676 769 1707 812 ιιι
1732 769 1835 814 amore
1859 759 1927 810 vitre

213 873 304 946 piimi
317 871 558 928 tribulationibus
573 871 755 928 eiiiiimiiii
773 871 927 946 Sequitur,
985 853 989 858 '
1095 850 1248 926 praesentis
1259 850 1364 918 ligant,
1380 853 1409 906 et
1423 846 1509 922 quasi
1522 846 1621 918 loogre
1633 843 1874 944 babitsbonisin
1890 859 1928 898 ea

250 981 332 1034 Vens.
351 981 394 1044 li,
412 980 453 1043 ts,
471 978 509 1032 ll.
523 979 634 1032 Annon
642 979 754 1047 capitas
765 975 844 1046 quod
856 977 934 1032 Deus
950 975 1043 1031 altior
1095 938 1151 994 ”bi
1166 937 1362 1036 fundmemff
1377 939 1564 1034 ⁰⁰n⁸,¹¹'¹¹⁰⁰t’
1587 949 1660 1007 ΨΜ
1688 947 1720 1032 ¹,¹¹
1735 937 1862 1030 ΜΨ
1882 947 1927 988 ¹²⁰¹

1095 1028 1153 1084 bus
1166 1043 1219 1100 per
1233 1027 1382 1082 desideria
1396 1024 1574 1088 solidantur,
1600 1027 1630 1078 at
1650 1037 1724 1095 quia
1748 1019 1928 1094 quotidiano

1096 1114 1237 1188 temporis
1252 1115 1350 1188 lapsu,
1365 1113 1431 1186 ipsa
1444 1110 1599 1186 pressantis
1613 1110 1681 1166 vita
1694 1108 1860 1166 mortalitas
1872 1108 1927 1164 da-

1096 1203 1306 1276 cernuntque
1329 1201 1550 1258 dedicationem
1575 1198 1775 1272 reproborum
1802 1197 1929 1254 eosdem

1096 1291 1241 1364 reprobos
1257 1289 1462 1348 subtrahendo
1483 1288 1619 1358 destruit,
1647 1292 1726 1346 reeta
1750 1285 1789 1342 de
1815 1284 1929 1358 iniquis

215 1422 289 1476 Sunt
304 1420 437 1492 plerique
452 1420 493 1476 ita
522 1421 643 1476 hebetes
660 1425 692 1476 ut
719 1419 881 1476 formidare
907 1419 1043 1474 nesciant
1098 1380 1222 1479 ΜΨ
1237 1381 1278 1436 Εἰ
1292 1381 1401 1446 numm
1424 1379 1569 1478 ⁸⁰⁶⁰⁶f⁸²f²
1592 1377 1799 1478 ,sundmf‘a
1811 1389 1927 1474 ‘mm’

214 1509 274 1566 nisi
289 1507 372 1583 quod
386 1509 579 1581 corporaliter
607 1509 716 1566 vident.
740 1509 822 1565 Unde
845 1509 877 1564 iil
895 1514 926 1564 ut
950 1511 1043 1563 ileum
1099 1469 1129 1525 ’ἀ
1144 1474 1198 1537 est’
1210 1485 1272 1540 “³⁸⁰
1286 1485 1392 1524 ΝΜ
1408 1465 1615 1524 'nutabam'
1628 1469 1740 1522 smum
1752 1479 1783 1522 ¹¹¹
1810 1479 1852 1520 ⁰¹⁵
1879 1479 1931 1518 ω’

216 1613 279 1656 nou
292 1601 438 1668 metuant,
452 1613 542 1670 quem
556 1597 656 1654 videre
671 1613 732 1654 non
754 1602 889 1670 possunt.
909 1597 1043 1652 Haeretici
1058 1579 1079 1633 Β
1100 1558 1334 1632 bffli‘pffl'vm
1350 1555 1590 1614 ⁰⁰¹¹⁵¹¹¹¹⁰fi⁰¹¹iffi
1605 1553 1765 1626 &quum

217 1692 328 1753 autem,
340 1686 413 1759 quia
428 1701 459 1742 se
475 1687 624 1760 sapientes
637 1686 828 1756 arbitrantur,
851 1685 943 1742 verbe
971 1701 1043 1740 con-
1135 1687 1217 1742 Vsrs.
1237 1691 1277 1740 tr.
1296 1685 1353 1752 oui
1367 1683 1504 1742 dicebant
1515 1685 1577 1740 Dec
1591 1699 1602 1740 .·
1617 1681 1762 1742 liecestre
1784 1679 1879 1736 nobes.
1891 1711 1926 1718 —

216 1069 289 1125 eoelo
303 1069 352 1132 sit,
368 1072 395 1123 et
409 1079 500 1135 super
513 1067 672 1122 stellarum
696 1067 836 1122 uerticem
851 1065 1041 1133 sublimetur,

215 1161 243 1212 et
257 1157 353 1226 dieis;
367 1155 445 1222 (laid
459 1157 536 1211 enim
549 1155 631 1210 norit
646 1153 734 1210 Deus.
747 1155 786 1208 Et
803 1153 889 1225 quasi
900 1167 957 1222 per
970 1151 1043 1207 cati·

215 1245 313 1314 picem
323 1243 457 1313 judicat.
473 1243 573 1299 Nubes
590 1242 749 1298 latibulum
765 1244 840 1311 eius,
857 1257 910 1296 nce
937 1244 1042 1295 nostra

216 1331 394 1398 consacrat,
411 1336 438 1387 et
457 1332 540 1388 eirea
556 1333 694 1388 cardines
709 1331 778 1388 creti
788 1331 991 1400 perambulat.
1007 1359 1044 1368 —

217 1781 263 1834 tra
282 1775 444 1832 catholicos
468 1775 612 1832 irrisionis
637 1774 804 1849 proferunt,
830 1777 920 1848 alque
946 1773 985 1831 ab
1000 1775 1043 1830 eis
1099 1773 1267 1830 Henetiam
1281 1774 1388 1830 beatus
1402 1771 1457 1830 tob
1481 1771 1592 1829 dixisse
1617 1771 1685 1844 quis
1712 1767 1873 1838 ambigat?
1896 1769 1932 1822 st

217 1863 301 1921 illum
314 1879 376 1920 non
392 1863 486 1920 timeri
501 1865 702 1937 suspicantur,
718 1879 810 1936 quem
826 1863 925 1919 ridere
936 1879 1043 1936 corpo·
1098 1877 1166 1936 qua
1181 1861 1212 1917 in
1224 1863 1290 1933 ejus
1310 1861 1394 1917 dictis
1418 1859 1625 1934 exposuimus,
1652 1861 1774 1931 propter
1802 1855 1931 1925 legentis

216 1954 316 2011 subter
330 1958 495 2027 nequeunt,
518 1955 550 2008 ut
573 1953 661 2027 quasi
686 1968 739 2024 per
765 1957 916 2026 torporem
939 1969 1044 2008 sensus
1099 1951 1252 2008 fastidium
1266 1949 1409 2026 replicare
1422 1949 1600 2008 devitamus.
1616 1947 1754 2022 Sequitur
1769 1962 1775 2000 :
1792 1943 1831 2000 lit
1843 1944 1933 2018 quasi

217 2047 375 2100 Auctorem
388 2057 477 2098 suum
496 2042 676 2109 existiment,
699 2041 772 2115 quia
796 2043 942 2098 eeeetsr'or
971 2043 1045 2098 reto
1099 2043 1273 2112 nibitposse
1286 2041 1397 2112 sarem.
1428 2039 1619 2108 Omnipotens
1647 2034 1834 2094 estimabant
1849 2047 1930 2092 eum.

217 2139 269 2195 eat,
298 2139 327 2190 et
355 2147 446 2202 saper
469 2133 626 2189 stellarum
655 2133 778 2188 uertices
801 2132 992 2198 sublimatur,
1009 2147 1046 2186 ex
1099 2165 1133 2172 —
1149 2131 1179 2186 ln
1196 2131 1242 2188 his
1257 2147 1328 2204 ergo
1344 2146 1454 2198 sermo,
1466 2133 1495 2186 el
1509 2143 1571 2184 non
1582 2125 1929 2184 sententialmmutatnr.

216 2219 494 2294 longinquovidere
509 2237 684 2294 nonposse.
713 2219 919 2294 thuiainter
937 2236 993 2276 nos
1018 2227 1048 2275 et
1099 2223 1174 2276 Nam
1190 2217 1538 2294 quodperbeatumtob
1551 2216 1735 2272 dictumest.
1755 2235 1769 2265 u
1785 2211 1861 2275 Quid
1886 2219 1932 2268 est

216 2311 366 2368 caelestem
380 2312 483 2367 sedem
494 2315 594 2383 partes
611 2311 700 2366 aeriae
713 2310 870 2380 intersunt,
899 2309 987 2382 quasi
1012 2309 1044 2364 in
1100 2310 1295 2382 Omnipotens
1307 2315 1340 2365 ut
1354 2308 1520 2365 serviamus
1533 2306 1559 2362 ei
1574 2305 1588 2362 t
1605 2329 1619 2356 s
1637 2303 1701 2378 (roa
1717 2319 1774 2372 xxi,
1794 2301 1846 2374 lb.)
1871 2301 1931 2360 boc

217 2399 297 2455 nube
311 2399 407 2455 latens
422 2413 475 2470 per
487 2398 645 2468 caliginem
658 2397 781 2468 judlant,
797 2402 825 2452 et
839 2397 1044 2468 superioribus
1100 2407 1153 2471 per
1166 2397 1286 2470 Eliphaz
1302 2397 1418 2464 dicitur,
1442 2399 1470 2453 et
1498 2393 1586 2469 quasi
1614 2391 1687 2450 nihil
1711 2391 1805 2466 possit
1831 2389 1931 2447 lacere

217 2487 358 2552 intentus,
374 2486 473 2540 minas
484 2485 546 2540 lma
560 2485 738 2557 perpendat,
755 2487 784 2539 et
794 2483 869 2539 dum
884 2483 952 2539 ooell
980 2497 1044 2539 car·
1100 2485 1291 2542 estimabant
1305 2501 1385 2542 eum.
1400 2485 1556 2559 Sequitur:

217 2571 302 2628 dines
315 2572 477 2628 ambiendo
492 2571 678 2640 constringit,
700 2570 839 2626 interiora
854 2585 916 2626 non
938 2569 1045 2627 videat.

219 2661 274 2719 Sed
290 2661 357 2736 quis
373 2662 411 2716 de
421 2659 535 2718 Decvel
547 2660 700 2732 desipiens
712 2661 768 2716 ista
782 2661 951 2735 suspicetur
966 2661 1045 2729 roni

216 2750 360 2808 nimirum
374 2765 444 2806 oum
458 2750 495 2806 sit
510 2763 629 2822 semper
641 2749 840 2822 omnipotens,
864 2749 905 2806 sie
920 2749 1047 2807 intendit

217 2839 369 2897 omnibus.
385 2842 418 2896 ut
433 2837 511 2894 adsit
525 2837 670 2910 singulis;
688 2838 731 2893 sie
746 2839 832 2894 adest
847 2839 984 2910 singulis,
1015 2843 1047 2896 ut

218 2928 306 2984 simul
320 2927 462 2984 omnibus
472 2943 631 2999 nunquam
644 2926 728 2983 desit.
744 2929 818 2983 Nam
831 2929 884 2985 etsi
895 2925 1046 3002 quosdam
1064 2929 1087 2985 (l

216 3020 388 3090 peccatores
401 3015 520 3085 deserit,
532 3015 645 3072 eisdem
657 3015 763 3072 ‘minen
789 3014 861 3089 ipsis
881 3015 966 3074 adast
992 3033 1046 3090 per

213 3103 490 3179 judicium,quibus
505 3105 610 3160 deesse
626 3103 743 3160 videtur
757 3121 811 3177 per
822 3106 1043 3177 adjumentum.
1099 3149 1246 3206 sementia
1259 3146 1366 3218 procui
1379 3147 1418 3202 „i
1433 3161 1452 3204 a
1466 3159 1521 3204 me,
1535 3142 1735 3204 ..noceam
1744 3139 1929 3218 paelicatum

218 3194 376 3267 §equitum
535 3299 541 3310 ,
640 3300 645 3310 ,
1028 3301 1033 3311 ,
1099 3235 1154 3292 iob
1174 3235 1287 3294 dictum
1304 3239 1349 3294 est
1366 3253 1373 3292 :
1390 3235 1594 3308 urnamque:
1615 3236 1750 3302 Quorum
1769 3231 1930 3293 nonsdium

253 3299 341 3354 Vnus.
358 3298 399 3352 le.
414 3297 561 3370 Nunqutd
573 3303 707 3354 semitam
720 3301 900 3355 serculorum
916 3297 1044 3355 custodi·
1099 3323 1188 3392 longe
1215 3324 1252 3382 sit
1266 3339 1284 3379 a
1298 3339 1357 3382 mo·
1374 3322 1516 3392 Quamvis
1532 3321 1614 3382 aliud
1629 3320 1786 3388 semmua·
1800 3323 1831 3378 ai
1845 3317 1928 3378 apud

216 3401 250 3443 γε
261 3387 356 3457 ‘um’
367 3399 457 3459 quam
474 3387 668 3444 mmmm
688 3389 747 3443 vm
762 3389 887 3460 iniqui?
907 3419 941 3428 “
967 3387 1047 3444 ὃῑθῦῗ
1100 3413 1258 3470 consilinm
1272 3413 1367 3485 possit
1381 3413 1513 3483 intelligi.
1527 3412 1679 3472 &utentia
1690 3411 1803 3484 quippe
1818 3408 1850 3466 in
1877 3425 1931 3468 cre

217 3477 322 3533 semita
341 3475 654 3574 Redemptorisnostrl
678 3475 847 3546 humilitas,
872 3477 914 3533 ita
939 3478 1045 3533 semila
1099 3507 1153 3573 ost,
1176 3502 1336 3562 eonsilium
1364 3503 1396 3562 in
1422 3503 1611 3573 cogitatione·
1640 3505 1761 3560 Com
1785 3499 1930 3560 nimirum

217 3563 396 3666 ’ῬῩΨῩΜΨ
410 3563 560 3635 superma·
577 3561 760 3664 5⁸⁰⁰¹¹¹⁰¹⁸¹¹¹3¹
781 3565 882 3664 “afflue
907 3565 1045 3622 semitam
1099 3591 1172 3664 quia
1182 3591 1235 3648 iste
1249 3594 1401 3650 malorum
1415 3591 1525 3660 verbis,
1536 3592 1590 3652 istc
1599 3607 1669 3650 vero
1684 3590 1774 3650 ctiam
1788 3605 1807 3646 a
1820 3587 1932 3660 cogita

216 3652 523 3726 vrrrrmqurealcant,
539 3653 784 3726 qurapcrhuius
801 3659 866 3710 viles
895 3653 1045 3711 desideria
1101 3679 1179 3740 pone
1193 3679 1344 3738 desiderat
1358 3694 1425 3736 em
1439 3678 1771 3752 dissimffisusequiw:

215 3757 247 3800 ¹¹¹
260 3741 386 3802 ⁰¹³⁰⁰¹¹⁰
400 3741 622 3816 perambulant.
635 3743 792 3815 sequitur:
1135 3789 1222 3842 vrrs.
1238 3785 1279 3842 re.
1303 3785 1449 3842 vanum
1461 3787 1537 3855 iusti
1549 3791 1578 3842 et
1595 3785 1792 3852 teceamus,
1803 3784 1927 3842 aum-

251 3869 336 3926 vens.
351 3872 393 3928 tt.
411 3867 468 3938 Qui
478 3869 592 3926 sublati
601 3873 672 3926 sant
686 3873 756 3926 ante
771 3874 885 3940 tempus
899 3884 997 3938 raum,
1016 3875 1046 3926 et
1099 3889 1168 3932 cens
1182 3875 1448 3934 mmannabiteas.
1465 3903 1501 3916 ·-
1523 3873 1609 3942 lusti,
1631 3889 1702 3932 cunr
1724 3873 1772 3930 nic
1799 3873 1929 3944 injustos

212 3958 480 4032 aavimsubuertn
501 3959 736 4030 fundamentum
764 3973 877 4018 eoram.
906 3990 941 4002 -·-
969 3961 1044 4018 Cum
1100 3979 1198 4038 errare
1212 3962 1460 4036 conspiciuntur
1475 3979 1573 4019 errore
1583 3961 1772 4036 percuntium
1787 3975 1932 4035 nonpoe

215 4051 334 4122 tempus
343 4048 409 4106 vita
424 4047 555 4108 adivina
567 4047 656 4106 nobis
669 4047 858 4122 prescientia
878 4049 916 4106 ait
941 4047 1045 4122 procui
1101 4058 1171 4110 sunt
1183 4053 1286 4110 laetari.
1304 4053 1331 4110 Si
1346 4052 1427 4110 enim
1443 4051 1576 4123 gaudem
1590 4051 1754 4122 erroribus,
1767 4049 1839 4121 justi
1866 4063 1930 4104 non

215 4137 309 4196 dubio
322 4137 428 4210 lixum,
443 4137 640 4211 quarendum
662 4137 751 4196 valde
772 4141 827 4203 est,
843 4153 905 4210 qua
932 4138 1046 4196 ratione
1101 4146 1321 4200 sunt.lrursum
1336 4141 1361 4197 si
1386 4157 1441 4214 per
1466 4140 1692 4198 insultationem
1717 4138 1867 4208 letantur,
1892 4151 1930 4194 eo

215 4242 297 4284 nune
311 4226 401 4294 dicat,
417 4226 501 4300 quod
513 4226 610 4300 iniqui
624 4242 661 4284 ex
686 4226 826 4298 praesenti
852 4226 962 4284 saeculo
978 4233 1047 4284 aute
1100 4231 1183 4305 quod
1199 4231 1273 4288 tales
1288 4245 1349 4286 non
1364 4229 1550 4302 suntquales
1564 4229 1639 4286 alios
1652 4243 1719 4288 esse
1727 4225 1927 4300 conspiciunt,

216 4319 335 4387 tempus
349 4314 506 4388 proprium
519 4314 746 4374 subtrahantur.
757 4316 954 4389 Omnipotens
964 4316 1046 4374 enim
1099 4320 1225 4377 omnino
1240 4318 1364 4392 superbi
1375 4323 1453 4376 sunt.
1471 4317 1555 4375 Unde
1569 4321 1598 4374 at
1612 4317 1778 4376 Pharisaeus
1786 4313 1931 4388 justifica-

216 4407 305 4474 usus,
321 4403 376 4460 etsi
391 4402 555 4478 aliquando
569 4407 667 4462 mutat
681 4403 870 4476 sententiam,
885 4421 1045 4478 nunquam
1100 4409 1212 4466 tionem
1227 4407 1365 4482 perdidit,
1381 4407 1435 4480 qui
1449 4407 1604 4480 publicanl
1628 4406 1740 4464 maritis
1766 4402 1930 4476 gaudendo

215 4507 287 4566 ergo
300 4507 336 4548 eo
349 4495 482 4565 tempore
496 4506 533 4548 ex
547 4491 605 4548 hac
618 4491 679 4549 rita
693 4492 823 4564 quisque
849 4491 1045 4562 subtrabitur,
1100 4513 1132 4554 se
1144 4496 1282 4569 praetulit,
1294 4495 1398 4554 dicens
1415 4513 1422 4551 ι
1436 4518 1450 4548 u
1467 4496 1582 4554 arabas
1603 4511 1662 4568 ago
1683 4495 1747 4566 tihi,
1771 4493 1844 4569 qula
1865 4507 1931 4548 non

215 4597 277 4656 quo
295 4597 333 4640 ex
359 4579 463 4640 divina
488 4579 622 4654 polenia
644 4584 713 4638 ante
727 4585 864 4653 tempora
877 4581 1043 4654 praecitur.
1100 4603 1168 4644 sum
1181 4586 1258 4643 sicut
1270 4587 1364 4644 ceteri
1378 4586 1526 4652 homines,
1542 4589 1687 4660 raptores,
1704 4583 1817 4655 injusti,
1842 4580 1929 4640 adul-

217 4671 275 4730 Sed
289 4669 446 4728 sciendum
459 4669 532 4744 quia
545 4685 652 4728 creans
664 4673 693 4728 et
706 4668 852 4728 ordinans
874 4685 931 4727 nos
951 4671 1046 4730 omni·
1099 4674 1164 4740 teri,
1178 4674 1260 4731 velut
1273 4674 1363 4732 etiam
1373 4673 1422 4730 hie
1436 4673 1617 4747 publicanus
1639 4673 1723 4746 (bue.
1748 4687 1823 4740 ruri,
1842 4671 1896 4742 lt).
1914 4691 1929 4720 u

215 4765 322 4834 potens
333 4764 411 4820 licus
421 4761 510 4834 iuxta
523 4759 713 4833 singulorum
727 4760 833 4818 merita
845 4760 988 4834 disponit,
1017 4765 1046 4820 et
1099 4762 1228 4830 Quando
1239 4777 1313 4834 arga
1326 4762 1471 4820 ridebunt
1477 4761 1550 4834 justi
1578 4759 1752 4834 iniquorum
1776 4759 1931 4818 interitum

215 4850 377 4908 terminum
390 4855 423 4908 ut
436 4850 573 4910 etmalus
588 4849 635 4908 ille
650 4849 931 4922 breviterrivat,na
944 4850 1046 4910 multis
1099 4857 1128 4912 et
1141 4851 1332 4920 letabuntur,
1350 4851 1407 4908 nisi
1422 4867 1494 4908 cum
1517 4850 1653 4908 disbicto
1678 4850 1772 4922 judici
1798 4847 1931 4924 perlecta

215 4937 293 4996 bene
307 4937 467 5008 agentibus
481 4941 598 5008 noceat,
615 4937 660 4996 val
671 4937 771 4996 bonus
791 4938 904 4998 diutim
933 4939 964 4996 in
988 4940 1045 5000 hac
1096 4942 1162 5014 jem
1177 4939 1333 4998 securitate
1345 4939 1551 4998 exsultationis
1562 4939 1742 5005 inhasarint,
1754 4953 1824 4996 eum
1837 4937 1868 4994 in
1878 4935 1931 4992 illo

215 5027 276 5084 vita
284 5026 445 5100 subsistat,
454 5031 487 5083 ut
499 5026 600 5082 miultis
611 5025 685 5086 boni
698 5028 797 5100 operis
825 5028 944 5100 adjutor
967 5029 1045 5086 exis-
1099 5036 1232 5086 extremo
1246 5029 1385 5086 examine
1409 5029 1529 5085 illorum
1556 5028 1784 5085 damnationem
1812 5025 1932 5098 consiii-

215 5120 267 5176 lat.
298 5115 441 5184 Quamvis
478 5115 670 5187 omnipotens
706 5117 785 5176 Deus
817 5117 890 5174 illud
927 5121 1045 5190 tempus
1099 5119 1190 5190 ciunt,
1206 5119 1285 5176 etde
1301 5118 1404 5190 sejam
1417 5117 1500 5190 quod
1516 5121 1654 5174 metuant
1667 5131 1730 5176 non
1744 5115 1932 5174 habebunt?

215 5206 454 5280 uniuscnjusque
468 5204 508 5264 ad
522 5207 650 5262 mortem
664 5205 810 5279 praecisi,
826 5222 888 5280 quo
906 5207 972 5278 ejus
984 5207 1045 5264 vita
1099 5210 1183 5266 Nunc
1196 5206 1298 5279 itaque
1311 5205 1458 5279 reprobos
1472 5206 1623 5279 aspiciunt
1643 5211 1673 5264 et
1697 5209 1832 5277 gemunt,
1857 5207 1932 5260 irinc

216 5298 401 5355 terminatur.
430 5299 487 5354 Nec
511 5295 571 5352 alio
585 5295 616 5352 in
645 5300 777 5370 tempore
798 5296 951 5371 quispiam
968 5297 1045 5354 mori
1099 5296 1283 5370 conspicient
1294 5299 1323 5352 ct
1337 5295 1580 5363 subsannabunt,
1597 5295 1671 5368 quia
1683 5311 1735 5352 ecs
1749 5291 1932 5351 exsultando

216 5385 332 5458 poterit,
349 5387 407 5444 nisi
417 5385 484 5460 ipso
496 5401 558 5460 quo
571 5385 706 5444 moritur.
722 5387 798 5442 Cum
825 5401 897 5456 ergo
925 5386 967 5442 ita
995 5385 1043 5455 sit,
1099 5385 1271 5459 despicient,
1285 5401 1362 5459 quos
1377 5384 1534 5442 modonec
1546 5385 1609 5442 sine
1624 5382 1850 5456 gemituiniqua
1864 5397 1932 5455 per-

216 5473 347 5548 quidest
367 5475 448 5548 quod
472 5475 579 5532 dieitur
606 5474 690 5548 quod
711 5473 806 5546 iniqui
833 5479 903 5532 ante
930 5479 1045 5544 tempus
1099 5479 1260 5550 patrantes,
1274 5489 1329 5532 nec
1342 5473 1407 5532 sine
1422 5479 1503 5532 metu
1517 5473 1617 5532 rident
1631 5471 1931 5547 proiniquitatcmo-

216 5579 303 5622 suam
317 5564 432 5622 sublati
449 5570 531 5635 sunt,
549 5564 606 5622 nisi
628 5563 712 5636 quod
725 5577 831 5622 omnes
846 5561 899 5635 qui
913 5577 1044 5636 prasen-
1100 5566 1218 5624 riantss.
1232 5565 1369 5639 Seqrsitar
1385 5583 1392 5622 ι

1137 2612 1222 2670 Vens.
1242 2615 1283 2670 ¹8.
1301 2613 1375 2668 Cam
1390 2613 1443 2672 itte
1456 2611 1606 2682 implesset
1620 2608 1723 2668 aomos
1750 2622 1822 2666 ecia
1834 2619 1851 2658 ,ι
1882 2607 1931 2662 bc

1100 2704 1155 2760 nis.
1173 2733 1206 2740 -
1221 2701 1369 2760 Malorum
1391 2700 1500 2760 domos
1529 2698 1674 2758 Dominus
1700 2695 1789 2754 bonis
1814 2694 1930 2768 implet,

1101 2793 1173 2865 quia
1189 2791 1279 2848 etiam
1293 2790 1417 2862 ingratis
1434 2789 1517 2848 bona
1530 2805 1585 2846 sua
1598 2803 1661 2846 non
1672 2787 1809 2858 daswel,
1827 2791 1859 2842 ut
1878 2791 1931 2840 aut

1100 2881 1316 2952 benignitatem
1332 2878 1499 2940 Condimris
1513 2877 1701 2948 erubescant,
1718 2879 1747 2934 et
1761 2873 1801 2932 ad
1814 2873 1933 2932 honita-

1102 2975 1162 3028 tem
1175 2969 1299 3028 redeant
1315 2986 1322 3038 ;
1338 2972 1390 3026 aut
1398 2967 1493 3026 redire
1505 2964 1683 3026 omnimodo
1694 2967 1929 3028 caramentes,

1100 3059 1169 3118 inde
1184 3058 1248 3116 illie.
1257 3057 1377 3130 gravius
1404 3056 1578 3130 puniantur.
1603 3055 1765 3128 Sequitur:
1798 3053 1930 3122 Quorum
