4104 6162
72 155 117 218 525
481 163 483 168 ’
606 152 853 210 cutbertouult
872 147 965 208 elatu
983 149 1081 206 TRES.
1094 177 1131 192 ·-
1145 151 1211 208 tta.
1229 153 1249 208 Ι.

70 277 207 338 miseria?
222 280 297 338 Nam
311 281 340 338 et
353 277 417 352 ipse
436 277 529 336 bomo
542 275 583 332 ita
599 275 661 334 suis
676 275 890 334 afflictionibus
909 273 1043 332 thumo
1069 289 1131 332 non
1158 273 1327 346 egredietur
1350 272 1453 342 dolor;
1482 272 1555 348 quis
1578 287 1776 350 nequequam

70 371 204 424 assuetus
218 369 272 436 est,
287 369 319 426 ut
331 381 383 424 eas
396 381 458 422 non
473 363 638 434 molestias,
655 363 709 420 sed
722 363 892 436 voluptates

70 457 158 534 putet.
174 453 294 512 Amissa
308 461 441 526 namque
455 451 565 510 ooelesli
582 453 689 526 patria,
707 469 762 510 suo
777 452 893 518 exsilio,

70 544 98 602 in
122 558 183 620 quo
198 542 337 615 repulsus
362 546 417 608 est,
444 541 625 600 delectatur:
644 548 785 613 gravatur
800 541 891 608 eruis,

70 635 96 690 et
110 635 209 688 tamen
223 645 285 688 non
299 631 410 700 cogitat
434 642 527 702 quam
552 646 642 702 grave
656 630 694 686 sit
715 629 798 702 quod
811 645 893 701 ipsa-

69 737 134 778 rum
150 735 290 779 curarum
306 719 508 794 multiplicitas
525 726 657 776 mentem
676 720 741 791 cius
755 717 891 786 suffocat,

70 813 99 868 ut
113 808 257 886 scriptum
272 813 329 864 est:
342 809 488 880 deprimit
505 814 624 866 terrena
639 808 819 864 inhabitatio
831 821 895 864 seu·

69 914 130 954 rure
146 897 243 954 mutto
258 898 437 968 coquentem
468 897 550 968 (Sap.
564 912 601 962 u,
617 897 670 968 15).
702 896 837 954 Privatus
851 898 895 952 est

68 986 183 1044 interno
197 984 320 1054 lumine,
331 990 359 1042 et
374 985 517 1044 tamenin
539 985 595 1042 bae
608 985 668 1042 vita
682 985 734 1042 diu
748 984 810 1042 vult
828 1000 895 1057 per·

70 1075 126 1148 peti
140 1074 302 1131 caecitatem
318 1089 418 1130 suam.
448 1076 481 1130 Et
495 1089 565 1130 cum
584 1073 702 1130 interim
713 1071 896 1146 quotidianis

69 1162 188 1218 casibus
201 1161 436 1232 innumerabiles
463 1162 489 1218 ei
502 1167 613 1220 mortes
627 1161 814 1228 immineant,
836 1159 897 1216 vrrlt

69 1257 169 1308 tumen
182 1251 238 1308 sub
254 1251 363 1310 timore
386 1255 426 1308 tot
448 1252 590 1308 mortium
605 1251 657 1306 <liu
672 1251 770 1320 magis
785 1251 894 1316 rivere,

946 377 1048 436 poenu,
1063 377 1130 435 quse
1144 377 1181 420 ax
1194 377 1227 420 re
1241 361 1407 420 insensibili
1429 361 1468 420 ad
1483 367 1619 422 nostram
1643 363 1776 424 amisus·

946 467 1016 510 nem
1030 451 1185 518 annitatur,
1199 451 1237 508 de
1258 467 1294 508 ea
1315 451 1447 508 nascitur
1465 455 1601 511 creatura
1624 470 1693 528 que.
1711 467 1777 528 par-

948 541 1029 610 cutit,
1045 541 1098 598 sed
1111 557 1147 598 es
1170 557 1238 614 quae
1252 539 1409 614 peccando
1424 541 1486 598 vim
1508 544 1712 614 percussionis
1723 560 1776 604 ax·

947 629 1040 686 torsit.
1049 630 1120 686 ilinc
1131 629 1202 688 item
1215 629 1359 703 scriptum
1372 631 1419 686 est
1428 645 1436 686 ε
1445 628 1662 700 eremmanos
1671 647 1777 692 rreum

947 720 1061 776 matum
1088 720 1171 790 (lsai.
1188 736 1253 790 sir,
1267 720 1305 792 7).
1333 717 1408 776 ltala
1435 716 1549 791 quippe
1570 719 1655 778 trulla
1668 727 1776 780 naturs

948 809 1124 866 subsistunt.
1141 807 1208 866 Nori
1222 825 1294 880 ergo
1314 811 1485 866 creanture
1502 807 1640 879 Domino,
1665 811 1719 868 sed
1733 811 1777 869 id·

948 899 1026 954 circo
1053 898 1133 956 mala
1157 913 1258 956 creare
1284 913 1316 954 sa
1331 897 1445 968 asserit,
1467 895 1540 970 quie
1562 912 1611 953 res
1637 912 1715 970 quas
1728 899 1778 956 ills

947 987 1026 1044 bene
1052 987 1196 1054 condidit,
1221 986 1274 1044 sod
1302 1003 1360 1044 nos
1374 986 1452 1042 mele
1476 984 1731 1059 concupiscimus,
1745 987 1777 1044 in

948 1075 1080 1146 flagella,
1094 1093 1164 1150 quaa
1176 1093 1284 1150 aspera
1297 1075 1445 1143 ridentur,
1459 1074 1578 1132 etmula
1593 1075 1692 1142 nobis,
1707 1091 1777 1134 eon·

949 1166 1045 1222 vertit
1062 1165 1132 1222 lnde
1146 1169 1190 1221 est
1204 1165 1287 1238 quod
1300 1165 1393 1222 bomo
1410 1163 1448 1220 da
1463 1177 1580 1220 veneno
1593 1164 1729 1233 moritur,
1739 1165 1778 1222 de

950 1269 1013 1326 quo
1027 1269 1150 1326 serpens
1163 1253 1240 1310 sivit.
1264 1253 1335 1310 Inde
1349 1251 1432 1326 quod
1458 1251 1523 1325 ipss
1540 1251 1625 1308 cibus
1648 1257 1677 1310 et
1688 1258 1778 1327 putus

68 1357 160 1414 quam
176 1339 268 1396 semel
296 1339 453 1398 moriendo
473 1339 587 1396 nullam
611 1339 753 1411 deinceps
782 1337 893 1396 timere.
950 1342 1337 1415 intemperantersumptus
1366 1340 1779 1414 resolutawrpomtaciqet

68 1447 139 1488 nam
154 1430 226 1504 quie
242 1434 426 1504 preceptum
453 1429 620 1486 Conditoris
638 1429 806 1498 transgredi
819 1445 895 1501 pree-
950 1429 1142 1486 immaturam
1167 1435 1350 1486 senectutem
1376 1429 1508 1496 adducit,
1533 1430 1607 1502 quin
1634 1430 1726 1488 etiam
1751 1436 1780 1488 et

68 1519 207 1594 sumpsit,
221 1518 353 1576 adhunc
367 1517 474 1574 suimet
487 1517 635 1574 detectum
645 1518 712 1589 jure
723 1518 851 1586 devenit,
864 1521 897 1572 ut
951 1523 1089 1588 mortem,
1104 1523 1136 1576 ut
1146 1519 1216 1576 item
1232 1518 1384 1590 Scriptura
1397 1517 1487 1574 utut:
1504 1518 1562 1586 Qui
1570 1523 1670 1576 orders
1684 1519 1777 1577 obsti·

68 1609 141 1682 quia
154 1624 241 1666 suam
253 1607 493 1674 delectationem,
507 1623 600 1679 quam
617 1607 648 1662 in
664 1606 755 1662 rebus
770 1605 895 1664 exterio·
915 1613 1091 1684 gemeret,
1119 1609 1224 1678 octiicit
1244 1608 1335 1664 ultum
1360 1608 1467 1674 (Ereti.
1489 1622 1595 1676 mers,
1617 1609 1674 1680 tt).
1702 1611 1779 1666 beses

67 1696 281 1768 ribushubuit,
297 1696 393 1752 eidem
418 1695 569 1754 conditori
590 1696 762 1768 praeposuit,
777 1697 898 1752 nuncet
951 1697 1174 1756 eulemvidens
1199 1697 1413 1770 quodeaqure
1441 1695 1648 1768 nobisdonat,
1674 1702 1779 1755 etnon

65 1785 96 1844 in
121 1786 195 1860 ipsis
214 1786 303 1845 rebus
318 1785 392 1844 etin
414 1785 513 1859 seipso
524 1785 676 1844 molestias
687 1785 805 1852 sentiat,
817 1799 895 1857 quas
950 1788 1050 1862 ipsum
1063 1787 1116 1862 qui
1130 1787 1216 1846 detor
1227 1789 1435 1859 est.pervarso
1446 1783 1551 1842 ordine
1565 1783 1731 1856 diligimus,
1742 1803 1780 1844 es

67 1874 314 1947 uoluptatesesse
330 1878 501 1946 contempto
516 1877 591 1930 beris
606 1872 851 1945 stultusputarit.
950 1876 1081 1948 bisqure
1107 1876 1133 1932 ei
1148 1873 1354 1948 preponimus
1380 1872 1543 1932 salubritas
1569 1887 1628 1930 nos
1655 1873 1780 1942 iaciunt

102 1963 173 2018 ttlll.
191 1966 225 2020 ul
240 1967 341 2020 autem
354 1968 382 2018 et
395 1963 432 2018 de
445 1962 491 2020 bis
506 1977 574 2034 que
589 1977 607 2020 a
622 1961 693 2026 loris
708 1960 831 2018 veniunt
845 1959 897 2018 oli
952 1967 1035 2020 tanto
1045 1963 1130 2020 citius
1144 1962 1184 2020 sd
1198 1963 1264 2033 ejus
1278 1977 1414 2020 amorem
1428 1961 1652 2034 resipiscamus,
1666 1967 1780 2035 quanto

66 2068 131 2124 qua
144 2067 307 2126 ponamus,
321 2051 477 2110 sciendum
492 2055 537 2104 est
550 2048 623 2122 quia
637 2048 696 2106 aila
711 2053 866 2120 suntque
881 2063 899 2104 a
951 2050 1071 2124 plenius
1087 2050 1269 2108 senserimus
1296 2049 1388 2122 plens
1401 2065 1466 2108 esse
1480 2047 1639 2108 doloribus
1662 2065 1699 2108 sa
1710 2065 1780 2123 qum

67 2139 285 2214 Deopetimur,
297 2138 434 2196 videlieet
454 2137 592 2208 flagella:
611 2136 745 2194 sicutilte
760 2139 898 2192 Lazarus.
952 2137 1142 2196 affectamus.
1166 2140 1268 2210 Neque
1282 2137 1363 2196 anim
1389 2137 1460 2194 solis
1480 2137 1678 2198 exterioribus
1701 2137 1781 2198 msls

65 2229 251 2302 Altaquaea
265 2227 420 2302 proximis,
447 2227 682 2302 persecutiones,
708 2225 898 2292 auldamna,
952 2225 1148 2284 oblectamur.
1178 2229 1253 2284 Nam
1267 2229 1302 2282 ut
1322 2224 1435 2282 adnue
1457 2224 1725 2298 ipaosrenmsnus,
1749 2226 1780 2284 in

65 2321 120 2374 aut
150 2317 370 2374 contumelias:
404 2315 480 2372 siout
508 2314 664 2388 apostolus
691 2313 808 2370 Paulus.
835 2313 899 2370 Alia
950 2315 1027 2388 ipsis
1038 2313 1147 2372 nostris
1173 2313 1329 2382 membris,
1350 2329 1420 2386 que
1432 2313 1520 2370 uobis
1542 2313 1654 2372 abono
1669 2313 1782 2374 ertum

66 2422 136 2480 quse
149 2404 324 2478 abantiquo
336 2406 624 2472 hostetentumenta
639 2401 749 2458 scilicet
762 2400 897 2458 diverse:
952 2407 1012 2460 lieo
1025 2404 1103 2460 bene
1123 2403 1266 2460 attributa
1279 2407 1359 2470 suut,
1374 2401 1454 2462 mala
1474 2401 1645 2475 trequentes
1658 2403 1782 2472 numm,

67 2494 144 2550 sicut
159 2492 225 2550 tob.
243 2493 307 2552 Sive
330 2497 432 2550 autem
458 2507 510 2564 per
524 2491 690 2556 bominem,
714 2504 768 2546 seu
781 2504 835 2562 per
848 2505 900 2548 an·
952 2498 986 2550 ut
998 2491 1093 2552 cerulis
1105 2491 1145 2548 ad
1155 2491 1354 2565 petulantiam
1365 2491 1623 2564 commolendum.
1633 2494 1687 2550 Par
1698 2491 1783 2566 ipsos

66 2582 188 2656 tiquum
212 2581 330 2640 bostem
357 2580 483 2639 aduersa
510 2578 640 2646 ueniant,
668 2593 686 2636 a
712 2579 771 2636 lieo
797 2575 900 2654 utique¹
951 2597 1086 2656 namque
1099 2597 1182 2640 mors
1195 2581 1286 2638 intrat
1298 2580 1340 2638 ed
1353 2580 1472 2640 animas
1486 2585 1615 2640 nosbas.
1628 2583 1662 2640 tat
1684 2593 1782 2655 qusn-

65 2672 302 2743 juxtanostrum
324 2669 464 2726 meritum
479 2668 700 2724 modificantur.
718 2670 899 2724 Nemetatus
953 2670 1114 2746 docunque
1141 2669 1256 2730 eisdem
1282 2669 1377 2728 acidis
1400 2668 1517 2743 speeies
1541 2669 1783 2744 mommsebrtts

68 2759 179 2818 mundi
199 2775 236 2816 ex
259 2758 364 2822 merito
385 2761 487 2818 nostro
502 2755 706 2832 perturbatur,
722 2758 750 2812 et
773 2770 826 2828 per
849 2771 899 2810 oc·
953 2763 1089 2834 apparel,
1113 2757 1201 2831 qussi
1216 2759 1339 2814 vetitum
1353 2757 1471 2828 lignum
1494 2757 1592 2816 edam
1612 2758 1783 2832 presseritis

68 2849 167 2908 cultas
192 2847 328 2906 cordium
350 2845 523 2904 insolentias
549 2847 654 2920 aperta
675 2843 826 2918 prodeunt
849 2841 902 2900 lla-
954 2848 1055 2906 babat.
1074 2848 1187 2918 lingua
1201 2851 1343 2920 promptu
1357 2847 1453 2904 ested
1470 2846 1784 2920 proteramumnsem·

68 2937 149 3010 gella
164 2953 334 3012 poenarum.
352 2937 432 3003 Quas
445 2933 582 2990 videlicet
605 2946 711 3006 penas
729 2931 796 3006 ipse
807 2930 901 3002 judex
916 2976 937 3034 c
954 2937 1086 3005 dacium,
1114 2935 1163 2994 rel
1189 2936 1229 2994 ud
1243 2935 1479 2996 construendum
1504 2935 1655 3004 inuelem,
1679 2936 1726 2996 ssi
1745 2935 1785 2996 ssl

68 3033 96 3084 et
110 3026 260 3088 Dominus
274 3029 431 3084 enumerat
445 3023 549 3080 dicens
564 3039 570 3078 :
586 3021 694 3091 Surget
710 3035 781 3096 peras
795 3025 901 3078 contro
953 3027 1053 3098 jurgia
1065 3025 1232 3084 exercenda
1244 3043 1253 3092 ;
1263 3023 1358 3098 pedes
1368 3023 1602 3084 adsumendum
1613 3024 1646 3082 in
1659 3024 1785 3093 Μυκη

67 3117 282 3188 perstemtbuc.
312 3131 370 3184 mu,
388 3115 441 3186 lo),
467 3118 496 3170 et
510 3115 626 3170 cetera.
644 3113 703 3166 Nos
718 3110 811 3178 enim,
825 3109 902 3166 utin
956 3131 1063 3172 sensus
1089 3117 1212 3187 propter
1240 3112 1372 3172 colorem
1397 3111 1481 3180 ausi3
1499 3116 1615 3170 reatum
1635 3111 1785 3183 iudicium

68 3205 211 3264 homeliis
226 3205 344 3273 dicitur,
358 3203 541 3276 omniaque
567 3200 709 3260 udusum
730 3198 902 3272 accepimus
956 3203 1106 3278 pervertit.
1137 3205 1169 3260 ut
1183 3217 1221 3258 ne
1234 3217 1287 3274 per
1316 3200 1436 3272 singula
1456 3217 1576 3260 currere
1595 3200 1784 3274 lungumsit,

69 3297 150 3369 vitre,
169 3295 208 3358 ad
224 3310 314 3352 usum
329 3291 531 3350 convertimus
541 3290 637 3364 empse
649 3306 656 3346 :
668 3289 836 3348 humanam
848 3287 902 3344 sei·
955 3309 1018 3352 non
1029 3293 1128 3350 solum
1142 3307 1195 3365 per
1209 3307 1249 3348 ea
1259 3307 1328 3364 que
1341 3291 1444 3359 uetuit,
1457 3290 1510 3348 sed
1523 3305 1577 3364 per
1590 3305 1627 3348 sa
1638 3305 1787 3364 quaeeun-

68 3385 136 3444 licet
152 3401 259 3458 pacem
274 3383 313 3442 ad
327 3383 409 3441 inam
419 3379 789 3448 msecuritatein,satntem
798 3392 902 3452 corpo·
957 3383 1048 3440 cessit
1058 3383 1136 3438 Deus
1145 3380 1284 3453 iniuriosi
1296 3380 1463 3448 existimus,
1476 3384 1505 3438 et
1519 3379 1724 3438 temenbomo
1733 3395 1786 3438 su·

68 3493 138 3534 rum
156 3473 197 3532 ad
211 3490 302 3534 usum
316 3487 490 3528 exercemus
505 3467 903 3537 vtuorummbermtemnon
958 3471 1089 3530 stodiam
1103 3470 1239 3529 diuinam
1259 3467 1349 3528 debet
1373 3469 1485 3526 bebere
1513 3469 1544 3526 in
1559 3484 1602 3540 se,
1629 3485 1786 3528 nasum

69 3557 903 3632 adnecessitatem‚sedadsuperfluitatumtpsuserens
956 3561 1091 3618 incurret
1114 3561 1297 3632 incorpore,
1321 3573 1414 3632 quem
1428 3557 1581 3631 cupiendo
1597 3558 1786 3618 maleum

68 3653 282 3712 blandimenta
308 3650 384 3708 aeris
399 3649 439 3706 acl
454 3663 589 3706 amorem
615 3646 705 3704 nobis
723 3645 837 3702 servire
851 3660 902 3700 co·
957 3649 1041 3708 timet
1054 3649 1203 3706 incurrere
1219 3647 1250 3704 in
1263 3647 1365 3706 corde.
1388 3648 1577 3720 Quapropuer
1588 3645 1719 3716 mum
1731 3651 1787 3720 est,

69 3745 175 3816 gimus
202 3747 324 3799 terrenae
353 3737 568 3796 delectationis.
596 3737 666 3792 tura
698 3735 787 3806 igitur
811 3737 903 3792 restat
956 3737 1095 3796 utvelin
1118 3736 1251 3810 superbo
1276 3736 1379 3796 animo
1405 3740 1506 3794 nostm
1527 3735 1624 3794 multa
1648 3751 1787 3808 quaereas

69 3839 101 3890 ut
116 3831 213 3892 simul
225 3847 283 3892 nos
294 3829 398 3886 omnia
412 3827 528 3896 luriunt,
545 3841 613 3900 quse
629 3824 718 3882 simul
732 3823 807 3880 vitiis
823 3821 902 3880 mele
957 3827 1143 3897 contristant,
1159 3828 1222 3882 beo
1234 3824 1433 3897 permittente,
1446 3823 1554 3880 sendra
1569 3837 1725 3892 cogamur,
1741 3822 1788 3882 ret

71 3923 204 3981 subacta
218 3919 396 3988 serviebant,
424 3921 452 3974 et
462 3915 514 3992 qui
524 3916 555 3970 ln
581 3913 696 3971 cunctis
710 3911 904 3984 deliquimus,
955 3917 1127 3976 indutiarum
1141 3929 1230 3972 carne
1242 3929 1337 3986 quam
1348 3910 1442 3968 actori
1455 3910 1626 3983 frequenter
1638 3910 1788 3984 praeponi·

68 4014 99 4070 in
115 4011 238 4070 cunctis
253 4009 411 4068 feriamur:
428 4010 461 4064 ut
485 4008 560 4080 quot
574 4004 657 4080 prius
684 4002 717 4060 in
730 4001 848 4058 mundo
860 4000 904 4058 in·
958 4021 1039 4070 mus,
1050 4017 1210 4058 censuram
1223 3999 1373 4072 supplices
1387 3997 1564 4054 sentiamus.

69 4103 211 4160 columes
225 4098 387 4160 bebrumus
403 4095 525 4168 gaudia,
552 4097 593 4150 tot
611 4093 648 4150 da
674 4091 741 4168 ipso
757 4095 825 4166 post
852 4105 905 4146 no-
994 4094 1036 4150 rx.
1053 4087 1099 4146 ub
1111 4087 1197 4144 hoste
1211 4102 1280 4142 nero
1297 4084 1430 4156 maligno
1443 4089 1505 4140 tam
1524 4083 1723 4157 mulpliciter
1736 4099 1789 4158 ps·

68 4191 147 4250 dum
176 4190 282 4248 sentire
310 4201 456 4258 cogamur
483 4187 641 4240 tormenta.
670 4179 743 4236 llinc
770 4180 802 4236 in
827 4178 904 4236 libro
960 4179 1062 4250 umus,
1087 4191 1184 4250 quam
1206 4173 1253 4232 ille
1279 4174 1389 4232 nostris
1414 4172 1656 4246 deceptionibus,
1680 4177 1713 4232 et
1733 4187 1788 4248 pes

68 4281 154 4340 beati
179 4278 234 4338 tob
258 4277 381 4336 dicitur:
397 4273 543 4332 Delum
558 4268 797 4342 uoueuredietur
818 4267 905 4324 dolor
959 4273 1100 4326 naturam
1121 4263 1251 4332 subtilis,
1279 4268 1308 4322 at
1329 4278 1383 4337 per
1408 4261 1554 4320 malitiam
1579 4261 1690 4336 jugiter
1714 4261 1789 4322 inla-

70 4373 150 4436 tJoo.
171 4385 201 4438 v,
223 4370 261 4441 6).
279 4366 364 4433 Quod
387 4363 498 4420 scilicet
512 4361 708 4418 malenostra
724 4358 857 4430 exigant,
872 4327 942 4414 utn
962 4355 1091 4428 ligabitis
1109 4353 1229 4412 insistit.
1254 4352 1346 4424 Cujus
1370 4355 1479 4410 cuncte
1508 4350 1788 4423 tergiversationum

70 4459 202 4518 erebus
225 4453 448 4518 insensibilibus
463 4451 614 4508 feriamur.
636 4451 708 4504 Ecce
723 4447 804 4504 enim
818 4462 905 4520 expe·
959 4443 1125 4504 certamina
1148 4445 1238 4516 atque
1266 4440 1506 4498 machinationes
1531 4439 1677 4498 Dominus
1697 4438 1790 4498 beato

70 4547 207 4608 clandus
221 4545 318 4604 imber
333 4546 434 4601 arente
449 4525 528 4598 terre
541 4538 745 4612 suspenditur,
761 4540 790 4594 et
804 4534 904 4606 caligi-
958 4533 1014 4592 tob
1030 4531 1169 4590 insinuat.
1199 4533 1232 4588 m
1256 4529 1342 4604 quod
1366 4528 1567 4602 opprimendo
1593 4527 1682 4601 repit,
1704 4526 1789 4602 quod

70 4653 171 4696 nosus
186 4652 237 4696 aer
252 4634 313 4692 sole
327 4632 534 4690 inardescente
550 4629 687 4686 siccatur.
703 4629 780 4686 ltere
794 4624 907 4698 procel·
959 4620 1131 4682 insidiando
1170 4616 1375 4684 circumvolet,
1399 4616 1483 4689 quod
1516 4615 1661 4674 minando
1690 4619 1790 4683 terret,

69 4727 106 4784 lis
120 4725 313 4786 tumentibus
336 4721 430 4789 saeuit,
457 4724 486 4776 et
498 4719 572 4776 alios
602 4717 643 4774 ad
657 4714 906 4774 transmeandum
960 4711 1044 4786 quod
1058 4707 1214 4766 suadendo
1227 4705 1389 4776 blanditur,
1401 4703 1484 4777 quod
1507 4703 1697 4778 desperando
1710 4703 1791 4762 tras·

70 4821 233 4891 susceptos
245 4813 402 4890 intercipit.
428 4809 492 4868 aliis
507 4807 710 4866 desideratum
724 4805 779 4862 iter
791 4807 906 4862 contra-
961 4801 1012 4871 git,
1026 4813 1150 4856 exorsus
1163 4799 1208 4853 est
1220 4795 1323 4850 dicens
1338 4809 1347 4848 ι
1362 4795 1436 4848 Ecce
1447 4791 1613 4848 Bebsmotb
1627 4807 1720 4864 quem
1733 4789 1789 4850 leci

71 4909 157 4966 dicit.
174 4911 264 4966 Terra
278 4905 370 4962 etiam
390 4903 530 4974 suscepta
555 4897 672 4956 semina
698 4894 857 4954 consumit.
874 4894 907 4950 ln
960 4894 1070 4958 mcum,
1085 4889 1239 4943 etoaetera.
1251 4885 1322 4950 Qum
1334 4881 1437 4940 omnia
1449 4883 1482 4938 in
1494 4881 1791 4943 tuorumverborum

69 4998 190 5072 quibus
203 4994 460 5067 cunetispatenter
472 4987 637 5048 ostenditur
650 4987 707 5044 hoo
722 4985 806 5060 quod
820 4983 907 5058 scrip
961 4976 1145 5054 expositione
1169 4972 1287 5048 plenius
1311 4970 1496 5046 panduntur.
1520 4970 1570 5030 llio
1598 4975 1699 5030 sutem
1715 4971 1789 5029 illud

71 5092 141 5144 tum
155 5091 201 5146 est
215 5086 252 5144 de
267 5083 414 5142 Domino:
428 5077 582 5152 Puouebit
594 5091 651 5150 pro
664 5091 697 5134 eo
720 5075 798 5133 orbis
814 5079 908 5132 terro-
961 5073 1078 5128 tantum
1093 5059 1398 5122 commemorandum
1408 5060 1536 5130 videtur,
1556 5059 1630 5136 quia
1644 5060 1793 5132 generali-

70 5193 145 5236 rum
166 5180 273 5234 contra
300 5174 464 5230 insensatos
489 5167 572 5238 (Sep.
599 5165 698 5237 att).
729 5163 816 5232 Quod
837 5167 907 5222 tuno
962 5161 1005 5216 ur
1019 5155 1051 5212 in
1066 5151 1208 5212 omnibus
1234 5164 1322 5222 agere
1337 5148 1449 5221 nititur,
1474 5149 1557 5223 quod
1571 5147 1602 5208 in
1625 5147 1795 5223 primobo·

70 5267 183 5344 utique
195 5265 238 5334 fit,
253 5261 378 5338 quando
392 5259 424 5317 in
437 5271 530 5334 poena
551 5253 791 5328 delinquentium
805 5251 908 5310 adver·
962 5246 1043 5306 mine
1058 5241 1157 5316 gessit.
1171 5239 1268 5297 Verba
1291 5238 1341 5296 Dei
1356 5240 1394 5295 de
1422 5239 1566 5298 cordibus
1594 5251 1701 5296 eorum
1714 5233 1791 5294 arsl-

70 5356 150 5412 sitas
181 5353 397 5420 elementorum
420 5345 536 5414 mitet,
564 5343 642 5402 sicut
674 5342 747 5400 item
781 5339 907 5398 dlssiturt
961 5336 1032 5404 1³10,
1046 5347 1163 5406 ⁵¹1²<l110
1179 5329 1388 5390 blfflfflffliss
1408 5345 1478 5404 (lum
1504 5325 1708 5424 mutim&
1722 5337 1791 5394 Μ·

70 5443 170 5516 ignis,
197 5438 327 5514 grando,
345 5437 451 5506 tames,
481 5437 509 5492 et
530 5447 627 5505 mors,
652 5429 759 5488 omnia
778 5427 843 5484 hec
869 5425 909 5486 ad
963 5419 1309 5497 geritmoliturintlgere.
1323 5417 1478 5492 Supplicia
1491 5414 1790 5513 quatiens-mustus·

70 5532 245 5588 vindictam
260 5531 360 5586 creata
374 5530 453 5582 sunt.
477 5521 643 5580 Bestiarum
659 5519 764 5578 dentes
784 5519 813 5574 et
827 5531 908 5572 scor·
963 5512 1095 5572 oblivisci
1111 5508 1228 5572 suadet,
1245 5511 1273 5566 et
1287 5507 1327 5564 ad
1349 5505 1468 5578 agenda
1492 5519 1560 5576 quse
1575 5500 1713 5576 perbibet
1733 5516 1792 5559 nos

71 5621 116 5692 pii
131 5617 361 5695 oppressiones,
375 5607 665 5684 contrioettlagelle.
681 5605 739 5666 Sed
756 5610 857 5664 tamen
871 5603 908 5660 de
964 5601 1094 5676 instigat
1120 5601 1202 5658 Tunc
1229 5595 1322 5654 dixit:
1349 5594 1444 5652 Eritis
1467 5591 1545 5650 suut
1567 5589 1612 5650 clii
1639 5590 1722 5664 (Gaa-
1747 5605 1793 5661 us,
