4106 6148
266 131 334 190 1007
816 119 1003 183 rarbuaool
1018 117 1174 180 nonaum
1188 121 1405 181 aasumensi
1898 127 1969 187 10oe

264 251 442 311 Berthvvaldi
457 249 494 306 de
510 253 589 308 sorte
603 248 672 321 ruit,
688 247 801 322 puerile
813 245 954 304 volumen
1102 236 1129 292 Α
1150 242 1293 302 sentiscat
1303 243 1390 316 rigidi
1404 247 1538 303 retrusus
1552 245 1583 302 in
1597 246 1659 303 ima
1669 247 1814 306 barathri.

265 344 428 416 opponens
445 343 528 396 tanto
542 337 729 412 nequiquam
741 340 819 392 certe
834 337 974 392 Patrono.
1146 333 1297 408 Quidquid
1311 334 1467 392 neutericis
1481 334 1625 392 confinxit
1640 338 1817 412 apocrypha
1832 337 1934 408 biblis,

263 428 405 486 Ausoniae
418 430 527 485 coeunt
542 425 646 496 Graiae,
662 440 734 482 mox
748 429 838 497 atque
851 423 948 480 soritae
1145 423 1284 480 cassetur
1298 422 1403 497 priscis
1415 423 1525 495 legatio
1541 439 1648 482 censeo
1663 425 1759 483 dictis.

263 516 416 574 Vestibula
432 514 543 572 cursim
559 513 727 588 priscorum
742 512 815 568 scita
830 511 996 568 revolvunt.
1145 511 1216 578 Quis
1257 511 1537 587 duo-quindecies,
1567 513 1663 572 denos
1702 515 1815 589 pariter
1855 533 1971 594 quoque

262 607 400 664 Protinus
415 605 549 664 admisso
566 602 668 660 micuit
681 606 843 676 syntagma
857 600 971 658 berillo.
1806 606 1942 680 [quinos

263 699 298 754 llt
311 695 404 752 luber
418 693 539 760 introiit,
549 691 665 764 jubaris
681 707 735 748 eeu
751 695 853 747 nectar
865 689 959 764 opimi
1078 717 1084 728 ·
1144 687 1245 759 Elegio
1256 690 1414 748 archontes
1427 695 1518 764 queat
1531 691 1680 749 infamare
1692 691 1854 764 maligno?

262 786 386 844 Protulit
400 783 529 842 effevum
545 783 610 854 (sie)
624 780 740 854 liquido
754 781 868 836 flavore
878 778 1012 836 libellum
1144 776 1195 832 His
1207 793 1310 835 coram
1324 778 1395 835 fidei
1409 778 1454 835 vir
1468 779 1516 836 hic
1529 779 1686 837 confessus
1696 781 1855 850 honorem,

263 876 350 932 Hisce
365 871 597 930 characteribus.
615 869 721 926 Christi
736 875 806 926 tune
817 869 914 942 inquit
926 869 1087 926 alumnus:
1144 867 1257 923 Extunc
1269 866 1350 924 vitali
1365 867 1471 924 merito
1496 873 1634 925 craxatus
1647 869 1831 943 [inscriptus]
1849 871 1882 928 ia
1897 871 1972 940 albo,

262 963 349 1022 Nulla
361 963 470 1032 damus
485 959 598 1034 patriae,
615 959 719 1030 fateor,
730 959 857 1015 discidia
872 963 993 1015 nostrae.
1145 955 1236 1013 Certis
1249 960 1404 1030 exspectat
1417 956 1551 1014 eoelestia
1565 957 1646 1015 dona
1665 957 1784 1029 diebus,

262 1057 327 1110 Non
348 1067 445 1121 reges,
471 1065 532 1106 non
550 1048 679 1104 tristatas
694 1047 778 1119 (340),
798 1063 941 1119 regumve
957 1046 1088 1116 clientes,
1144 1044 1182 1100 Ut
1195 1059 1226 1102 re
1239 1044 1393 1118 pereipiat,
1408 1045 1491 1118 quod
1505 1062 1558 1119 spe
1574 1045 1720 1118 patienter
1735 1051 1764 1103 et
1775 1052 1871 1121 optat.

262 1140 359 1198 Matris
373 1139 412 1196 ad
423 1136 539 1194 eximie
555 1136 702 1208 gremium
713 1150 890 1192 concurrere
907 1134 1007 1205 gratis.
1145 1133 1218 1189 Huic
1237 1133 1289 1206 qui
1300 1133 1443 1201 dissentit,
1459 1133 1561 1204 nimis,
1574 1134 1712 1208 iuquam,
1726 1151 1851 1208 prorsus
1860 1136 1973 1210 ineptit.

262 1227 343 1299 Elflssi
353 1226 460 1284 00]Ῑᾶῑᾶ
475 1224 557 1299 prius
568 1225 642 1281 mihi
652 1225 721 1296 l'Ul'a
735 1224 873 1297 Pl0bffl'0·
1144 1240 1328 1312 (Sequentia,
1344 1255 1412 1312 qum
1426 1241 1458 1296 io
1481 1256 1535 1297 ms.
1551 1241 1652 1298 codiee
1677 1243 1849 1299 corbeiensi
1871 1243 1975 1300 desum

262 1320 326 1374 Non
339 1316 442 1387 ignota
455 1330 541 1382 cano,
558 1313 645 1370 vohis
658 1312 843 1386 praecognita
859 1327 958 1382 narro,
1180 1327 1218 1395 aa
1233 1312 1332 1394 codice
1351 1311 1537 1368 Calloniana
1552 1312 1735 1370 bibliotheca
1746 1315 1905 1384 sreppteuit
1919 1317 1975 1372 lfo-

260 1403 337 1462 luda
351 1403 461 1459 dedere
475 1405 575 1458 Patres
589 1405 759 1458 Romanum
773 1406 901 1457 stemma
914 1403 1061 1470 regentes.
1181 1383 1345 1454 bimulus-i

261 1492 351 1550 Testis
367 1491 452 1549 adest
465 1491 556 1562 hujus
572 1494 682 1547 sanctae
693 1489 842 1563 periergia
857 1489 945 1544 sedis.
1181 1492 1247 1545 llaec
1260 1489 1368 1546 eadem
1383 1489 1475 1546 sacris
1487 1489 1752 1562 jusseruatindere
1766 1489 1864 1563 libris,

262 1585 329 1638 llaec
339 1581 412 1655 quia
426 1595 488 1636 non
509 1579 618 1653 sprevi,
633 1595 707 1635 narn
721 1595 776 1634 uec
797 1577 967 1651 spernenda
986 1575 1089 1650 putavi
1109 1581 1220 1666 Bltore
1235 1579 1368 1636 cleanteo
1384 1579 1456 1652 (342)
1471 1579 1565 1636 solitis
1581 1579 1696 1636 bullata
1711 1579 1827 1652 sigillis,

262 1670 381 1730 collatis
397 1666 479 1726 aaut
494 1668 604 1725 crebris
620 1667 814 1740 populatibus
830 1669 918 1737 agris.
1143 1665 1273 1738 Regibus
1287 1672 1316 1724 et
1328 1667 1406 1723 clero
1422 1666 1581 1734 mittentes,
1596 1672 1686 1742 atque
1699 1667 1834 1742 popello,

261 1763 305 1816 En
319 1759 372 1831 qui
394 1775 443 1814 mc
459 1773 551 1813 sensu
566 1755 695 1827 graviter
715 1755 893 1830 lymphante
909 1760 1088 1829 sequuntur,
1146 1757 1180 1812 Ut
1193 1755 1336 1812 dirimant
1348 1755 1409 1812 odii
1423 1755 1556 1813 crudelia
1567 1756 1669 1827 jurgia
1683 1757 1784 1830 prisci.

260 1849 376 1904 Norunt
386 1846 411 1902 si
425 1861 488 1919 qua
502 1860 570 1902 meo
584 1843 736 1901 vitiamine
747 1849 837 1918 rupta
851 1845 982 1907 vicissim
1144 1847 1177 1901 Et
1189 1844 1289 1902 dixere
1304 1844 1380 1901 Patri
1396 1849 1464 1918 post
1474 1845 1580 1901 oscula
1595 1844 1701 1902 frontis
1716 1861 1844 1920 aquosae
1861 1863 1869 1902 :

261 1933 416 2006 Objectare
429 1937 552 2007 queunt,
569 1936 667 1989 vestro
679 1931 830 1990 lustrabor
841 1933 880 1990 ab
895 1949 956 1990 ore.
1144 1933 1289 1990 Pacilicus
1306 1933 1426 1994 redeas:
1443 1933 1587 2005 subjectis
1602 1933 1714 2006 gaudia
1727 1934 1859 2004 reddas;

261 2027 326 2082 Non
336 2038 392 2094 ego
406 2021 661 2097 pompisonisadii
672 2023 802 2095 pretiosa
816 2021 927 2096 lupatis
939 2021 1052 2096 [frenis]
1143 2021 1236 2079 Terris
1251 2027 1341 2098 atquc
1356 2023 1432 2098 polis
1445 2025 1515 2082 lesu
1531 2023 1720 2082 cleronomus
1734 2024 1854 2098 (haeresl
1868 2029 1948 2082 esto.

261 2112 377 2181 lloenia,
393 2110 981 2185 necgilvisphaleratcstromatemannis
992 2110 1089 2185 (equis
1497 2112 1610 2168 llbvlll.

875 2201 1065 2274 [tolutaribus
1080 2217 1087 2256 ε
1179 2199 1305 2256 Devictis
1317 2199 1408 2270 igitur
1425 2197 1491 2256 falsi
1503 2199 1650 2260 latoribus
1665 2207 1759 2271 astus,

295 2291 465 2366 Prosequor
479 2294 510 2349 at
519 2288 621 2347 nudus
631 2289 707 2347 nudi
719 2289 846 2361 vestigia
861 2290 945 2347 Petri.
1144 2286 1265 2358 Pignerc
1278 2292 1452 2346 sanctorum
1466 2289 1562 2349 multa
1584 2307 1707 2365 quoque
1721 2290 1804 2362 glore
1820 2297 1977 2356 venustus,

260 2381 420 2438 Posteritas
435 2381 547 2438 sancite
562 2380 674 2454 quibus
690 2379 833 2436 subsistat
848 2379 947 2438 amica
1145 2376 1255 2433 Deserit
1268 2377 1419 2434 Ausonias
1434 2376 1535 2450 multis
1548 2378 1761 2436 comitantibus
1776 2395 1858 2436 oras.

261 2469 399 2541 Legibus,
413 2473 441 2526 et
453 2469 569 2543 priscas
585 2469 675 2526 nolite
687 2469 829 2526 revellere
844 2469 976 2526 chartas.
1142 2464 1327 2540 Alpinasque
1341 2467 1423 2541 petit,
1439 2483 1501 2540 quo
1517 2468 1625 2526 Celtica
1638 2473 1772 2542 permeet
1786 2484 1874 2525 arva.

296 2559 473 2632 Obstipuere
493 2559 556 2630 (sic)
571 2559 673 2614 Patres
696 2558 760 2614 haec
776 2557 817 2612 sic
829 2556 892 2613 fore
908 2557 994 2629 [esse]
1009 2573 1089 2614 com·
1143 2555 1317 2611 Praeteriens
1329 2561 1416 2613 notos
1435 2557 1617 2631 pedetentim
1633 2557 1737 2614 transit
1749 2557 1864 2614 Alanos
1879 2561 1975 2630 (343);

873 2644 1086 2716 [miniscentes.
1142 2644 1273 2702 Tandem
1288 2651 1411 2720 pacatos
1425 2645 1547 2704 devenit
1561 2648 1709 2721 adusque
1723 2647 1913 2706 Sicambros.

295 2733 356 2789 Hac
369 2731 471 2790 dixere
485 2732 699 2807 pharamundi
711 2732 794 2789 rudis
809 2732 882 2789 arsit
894 2732 988 2805 origo,
1178 2734 1251 2790 Hinc
1264 2741 1388 2793 vexatur
1398 2736 1459 2793 acri
1473 2752 1526 2810 per
1545 2736 1665 2808 singula
1676 2737 1818 2794 membra
1832 2741 1976 2794 veterno:

245 2821 374 2879 diabulo
386 2837 442 2878 nec
457 2821 552 2880 deerit
565 2838 726 2897 quomens
742 2822 915 2880 veneranda
929 2822 1035 2881 nitebit
1143 2825 1200 2880 Nec
1215 2824 1321 2898 quibat
1332 2830 1428 2882 metas
1439 2825 1567 2899 pedihus
1582 2831 1699 2884 uenere
1715 2825 1846 2900 cupitas.

257 2910 338 2968 Talia
351 2910 479 2968 labentis
492 2911 647 2986 patiuntur
660 2927 813 2986 spargana
827 2911 894 2968 vitea
1101 2959 1122 3016 C
1144 2915 1245 2970 Fertur
1254 2931 1333 2988 equo
1348 2915 1491 2989 primum;
1507 2919 1576 2989 post
1585 2916 1650 2972 haec
1658 2915 1826 2986 gestamine
1836 2915 1977 2986 fratrum,

256 3001 384 3075 AEmula,
398 3017 453 3058 neo
465 3001 564 3059 tardat
576 3001 663 3076 spiris
678 3002 791 3073 agitare
803 3001 943 3072 malignis
1142 3001 1274 3060 Vocibus
1284 3007 1312 3060 et
1326 3008 1387 3062 toto
1400 3009 1557 3078 pastorum
1572 3004 1661 3062 corde
1676 3004 1849 3074 dolentum;

254 3091 338 3148 Actio
353 3106 519 3165 pravorum
533 3089 627 3147 vitum
642 3107 804 3164 moresque
819 3091 995 3164 proborum.
1141 3093 1347 3167 lfuratamqne
1358 3093 1471 3150 vehunt
1486 3093 1627 3150 dilectum
1640 3093 1761 3168 pondus
1775 3094 1817 3151 ad
1831 3093 1945 3152 urbem

256 3179 467 3254 Conquirenda
484 3183 586 3237 tamen
596 3180 724 3253 hujusce
737 3179 866 3251 refragia
880 3185 977 3238 sectae.
1142 3179 1354 3238 Semianimem
1369 3182 1485 3239 insueto
1496 3187 1685 3256 componunt
1698 3181 1798 3240 debite
1815 3187 1920 3240 stratu
1935 3203 1943 3240 :

254 3272 289 3327 Et
297 3269 439 3343 quamvis
453 3269 531 3325 ediis
544 3269 729 3344 proscriptus
744 3268 939 3343 physiculatis
953 3271 1085 3343 [natura-
1138 3269 1327 3344 Perculsiquc
1341 3277 1433 3342 metu,
1449 3271 1596 3346 quidnam
1609 3272 1762 3343 conlingat
1776 3272 1807 3328 in
1824 3276 1900 3330 actu

983 3357 1082 3434 [libus]
1138 3361 1318 3433 Exspectare
1333 3361 1447 3426 timent,
1468 3362 1573 3418 mortis
1589 3361 1748 3418 formidine
1757 3361 1866 3435 pressi.

253 3447 392 3502 Protinus
408 3447 542 3516 arbitrio,
558 3446 699 3509 Wilfride,
712 3447 836 3520 piabere
845 3452 958 3505 nostro.
1138 3449 1257 3505 (tatonis
1271 3450 1380 3506 etenim
1392 3449 1439 3506 bis
1454 3450 1527 3507 forte
1538 3456 1704 3525 quaterque
1713 3451 1832 3522 vigenis

253 3536 310 3590 Neo
321 3537 457 3590 Romana
471 3535 556 3606 prius
566 3534 632 3590 falsi
646 3534 764 3606 pilotria
777 3536 839 3606 (sie)
853 3541 940 3593 testes
1136 3537 1281 3595 Decubuit
1293 3538 1385 3611 horis,
1401 3544 1504 3613 pastus
1519 3539 1698 3612 fraglamine
1717 3541 1828 3597 mentis

254 3621 412 3689 Excedam,
424 3622 522 3692 justas
536 3621 632 3678 donec
646 3636 701 3694 pro
715 3622 838 3679 crimine
850 3639 956 3697 poenas
1136 3626 1274 3700 Corporis
1288 3631 1340 3685 aut
1352 3629 1437 3698 escis,
1453 3633 1505 3686 aut
1519 3629 1652 3703 qualibet
1666 3633 1728 3686 arte
1737 3629 1877 3703 liquoris.

251 3709 320 3766 Jure
334 3709 429 3774 luant,
444 3709 621 3782 discantque
633 3709 696 3766 viro
711 3709 825 3767 deferre
835 3713 972 3784 probato.
1171 3719 1298 3774 Demum
1311 3734 1380 3774 cum
1394 3719 1489 3793 quinti
1504 3719 1652 3792 spirarent
1664 3717 1782 3776 lumina
1795 3718 1878 3789 solis,

255 3801 311 3856 lste
326 3797 448 3872 quidem
461 3797 557 3854 Latias
567 3797 639 3856 olim
654 3797 788 3857 lallando
801 3800 940 3874 papillas,
1135 3805 1252 3864 lfittilur
1267 3824 1282 3864 a
1298 3824 1419 3864 summo
1433 3807 1526 3881 (dictu
1541 3807 1677 3866 mirabile
1689 3809 1708 3882 l)
1723 3807 1802 3865 ooelo

250 3888 334 3945 Pavit
349 3887 540 3946 Christicolas
554 3887 649 3945 multo
664 3887 787 3946 dulcme
798 3894 944 3950 catervas.
1134 3895 1289 3953 archanus
1303 3897 1435 3966 hlicbael,
1451 3897 1545 3954 nitido
1559 3897 1731 3973 lampabilis
1750 3913 1802 3954 ore
1817 3915 1825 3968 ;

287 3979 415 4034 oravere
429 3979 528 4032 Patres
545 3995 552 4032 ε
569 3979 691 4034 testatur
705 3977 809 4051 etipse
824 3981 956 4038 loannes
964 3981 1078 4058 (papa),
1135 3985 1229 4052 Quem
1249 3989 1334 4043 Pater
1348 3985 1517 4053 intendens,
1528 4003 1590 4044 non
1603 3991 1636 4046 ut
1645 3987 1796 4044 fantasma
1809 3987 1972 4062 repellens,

251 4065 318 4122 Haec
333 4065 456 4122 dicens:
473 4064 557 4122 Nullo
567 4066 713 4122 morietur
727 4065 871 4140 lampada
884 4067 986 4141 fungo·
1135 4073 1194 4133 Cau
1210 4075 1352 4134 stilbonta
1363 4075 1605 4150 [splendentem]‚
1620 4093 1732 4135 novum
1746 4076 1866 4148 lumen,
1883 4094 1974 4135 vene

250 4153 367 4210 insidia
381 4159 496 4210 veteres
509 4153 695 4212 dormiscant
710 4155 794 4212 ocius
809 4172 924 4215 omnes.
1678 4169 1771 4240 [ratam
1783 4167 1937 4224 amioum.

250 4243 403 4316 Desipiunt
419 4242 541 4299 hebetes
554 4241 656 4299 tetrico
667 4259 793 4302 moerore
808 4245 950 4305 furentes.
1136 4252 1253 4324 Surgito
1264 4253 1405 4328 concivis,
1421 4257 1514 4313 nostri
1526 4272 1588 4314 non
1604 4257 1700 4332 portio
1713 4255 1779 4312 vilis
1795 4273 1803 4311 :

250 4329 417 4386 Wilfridum
432 4330 578 4388 damnare
597 4329 700 4387 nefas:
721 4331 784 4406 qui,
798 4333 883 4390 sicuti
899 4337 996 4402 torris,
1091 4306 1168 4397 lim
1177 4340 1242 4398 lieei
1254 4342 1408 4401 astricolas
1422 4344 1498 4402 inter
1511 4361 1668 4404 numerere
1679 4349 1826 4408 catervas.

250 4422 373 4493 Ereptus
385 4434 498 4490 magno
512 4423 615 4476 manet
625 4419 834 4479 incombustus
847 4424 886 4480 ab
900 4425 978 4496 igne.
1132 4429 1240 4504 lnquit,
1254 4431 1294 4488 ab
1308 4432 1421 4491 orbatis
1429 4433 1494 4507 jum
1512 4451 1594 4494 nunc
1607 4434 1797 4493 revocabaris
1811 4437 1916 4506 agnis.

287 4512 321 4566 Ut
333 4513 435 4582 petrus
452 4507 567 4578 Christi,
580 4507 621 4564 sic
636 4507 684 4564 bic
699 4510 826 4580 vestigia
839 4514 915 4570 Petri
1130 4521 1290 4594 Postquam
1305 4521 1353 4579 bis
1362 4521 1441 4580 binis
1450 4523 1555 4582 fratres
1571 4524 1746 4583 solidaveris
1761 4525 1870 4592 annis3

249 4597 383 4668 l'eroolit,
403 4597 551 4671 aequoreis
568 4613 726 4671 nunqnam
740 4599 907 4658 timefactus
930 4603 962 4662 in
974 4607 1073 4667 undis.
1130 4609 1205 4666 Cum
1216 4609 1354 4669 mercede
1366 4610 1448 4669 bonu
1460 4616 1549 4670 temet
1561 4613 1721 4682 revocabo,
1736 4611 1790 4669 sed
1802 4612 1887 4670 insta

249 4691 415 4758 Degeneres
432 4685 538 4760 populi
551 4687 624 4760 quid
639 4686 761 4760 prodest
773 4688 849 4746 velle
863 4689 973 4751 beari?
1128 4696 1340 4756 caristotoehe
1355 4700 1462 4773 dignas
1475 4702 1556 4760 aedes
1578 4703 1725 4760 fabricare
1736 4703 1858 4760 Mariae:

247 4777 347 4834 Virtus
366 4775 391 4832 si
409 4791 472 4849 qua
485 4774 592 4849 placet,
607 4776 711 4850 patriis
720 4777 875 4852 pepulistis
885 4780 924 4838 ab
938 4783 1010 4841 oris.
1129 4786 1221 4859 Cujus
1236 4803 1339 4846 amore
1354 4789 1406 4847 tibi
1417 4790 1609 4850 cumulantur
1619 4793 1726 4850 certius
1741 4789 1825 4848 anni.

249 4867 292 4922 En
306 4865 429 4922 rutilum
445 4865 560 4938 liquido
574 4882 702 4924 summae
717 4867 833 4925 virtutis
853 4870 974 4940 agalma
988 4877 1073 4949 (344).
1128 4875 1214 4932 Novit
1225 4875 1298 4949 quid
1307 4878 1402 4947 Petro,
1414 4879 1489 4936 ratri
1498 4880 1573 4954 quid
1588 4881 1680 4938 solvis
1696 4880 1841 4957 adelpho.

248 4953 311 5009 Sint
324 4957 389 5008 rata
402 4970 471 5026 quae
496 4955 603 5023 sanxit,
620 4971 681 5012 non
705 4955 769 5014 hec
794 4957 929 5019 obliteret
943 4977 1074 5038 usquam
1163 4965 1309 5022 Continuo
1328 4971 1448 5026 sanctos
1462 4969 1553 5028 subiit
1565 4971 1652 5043 vigor
1665 4971 1782 5044 integer
1796 4979 1889 5034 artus
1905 4997 1914 5036 ι

246 5044 305 5099 hut
317 5038 426 5110 regalis
440 5055 528 5113 apex,
543 5047 595 5100 aut
606 5043 822 5103 ecclesiasticus
836 5048 920 5105 ordo.
1128 5053 1303 5125 angelicum
1316 5073 1579 5131 superamnumen
1588 5061 1752 5119 recucurrit
1765 5063 1807 5121 ad
1820 5065 1970 5127 aethram.

246 5131 409 5192 Nobiscum
420 5130 527 5205 sapiat,
543 5132 595 5204 qui
608 5133 712 5194 Christi
726 5135 866 5207 stigmata
879 5143 983 5211 gestat,
1127 5143 1272 5215 Surgitur,
1285 5150 1314 5204 et
1328 5148 1423 5205 tristes
1436 5153 1618 5208 renovantur
1632 5150 1723 5223 digne
1738 5152 1874 5214 sodales.

245 5219 390 5282 Naturale
405 5221 497 5278 chaos
511 5219 745 5296 evitandamque
758 5225 918 5298 mephitim
1128 5233 1150 5290 0
1164 5232 1292 5306 defossa,
1307 5251 1402 5307 sagax
1416 5243 1601 5313 curatquem
1617 5239 1721 5298 eoelica
1731 5242 1831 5316 pinax
1847 5263 1855 5316 ;

293 5366 357 5438 340)
371 5363 513 5454 l³roeeres
532 5379 636 5446 supro.
1127 5375 1252 5434 Gallium
1266 5393 1337 5434 cum
1349 5379 1500 5438 wandalis
1514 5379 1611 5452 effusi,
1627 5399 1697 5458 pars
1708 5382 1748 5443 ad
1761 5384 1898 5459 Ligerim
1916 5407 1965 5449 re-

291 5435 339 5491 344
370 5435 544 5519 speculum,
553 5436 758 5495 simulacrum.
1126 5446 1267 5504 sederunt
1290 5449 1411 5523 parsad
1426 5451 1615 5525 Rhodanum,
1631 5455 1796 5530 dequibus
1814 5459 1875 5518 hoc
1892 5462 1967 5520 loco

281 5507 344 5570 (342
365 5507 631 5590 lloreprmcrpum.
704 5579 710 5592 ·
789 5581 795 5594 ι
922 5581 928 5594 ,
944 5582 949 5594 Ι
1125 5489 1310 5591 Fridegodus
1325 5521 1395 5590 agit.

278 5575 353 5648 (343)
367 5575 454 5634 Alam
470 5577 596 5650 Scythae
608 5579 722 5652 populr,
733 5584 879 5644 excitante
890 5581 1026 5641 Strlrcone
1037 5583 1069 5641 in
