4106 6148
191 123 260 182 ιο39

887 109 1031 168 romnis
1050 107 1148 164 PAPAE
1167 109 1211 163 llll

1832 95 1920 151 {04⁰

177 245 363 318 ‚auctoritate
375 242 426 300 Ilei
441 241 653 314 omnipotentis
666 244 695 296 ct
708 239 865 296 beatorum
890 233 964 291 Petri
989 235 1021 288 et
1036 233 1059 285 Α
1074 231 1194 299 damus,
1222 233 1254 286 ut
1280 229 1337 286 sub
1360 212 1564 300 jurisdictione
1586 225 1697 278 sancta
1719 223 1840 291 nostrae,
1857 219 1919 276 eui

190 336 271 394 Pauli
286 351 321 391 ac
334 338 438 388 nostra
455 332 541 402 cujus
556 329 709 398 fungimur
732 325 923 384 vicariatione
947 338 1019 377 ana-

190 424 328 482 thematis
343 422 461 478 rinculo
475 437 540 476 esse
555 419 744 484 innodatum,
760 421 789 472 et
814 432 832 472 a
852 429 944 482 regno
972 410 1021 467 Dei

191 514 332 578 alienum,
350 529 418 568 cum
435 509 556 567 diabolo
569 514 597 564 ct
612 509 677 578 ejus
694 504 885 562 atrocissimis
901 501 1021 575 pompis

191 609 280 676 atque
306 602 384 658 tuda
409 600 549 656 traditore
578 596 692 652 Domini
716 595 807 650 nostri
827 597 895 648 lesu
917 589 1021 646 Christi

191 691 304 749 aeternii
331 689 468 762 supplicii
498 686 636 744 incendio
664 682 930 740 concremandum.
966 679 1021 744 Qui

191 798 263 838 vero
278 780 328 854 pio
344 779 450 834 intuitu
464 779 564 832 custos
580 779 609 830 et
624 774 800 830 observator
815 770 956 828 exstiterit
968 769 1022 824 hu·

188 873 239 943 jus
254 875 363 926 nostre
379 865 550 941 apostolicae
566 861 786 919 constitutionis
801 859 957 935 privilegii,
973 858 1022 914 be-

190 957 368 1016 nedictionis
379 955 505 1024 gratiam
519 954 626 1025 ajusto
640 952 737 1023 judice
760 950 886 1006 Domino
912 950 971 1004 Deo
994 952 1022 1004 et

192 1048 341 1105 Salvatore
356 1049 459 1100 nostro
477 1045 547 1099 lesu
564 1042 688 1112 Christo,
699 1047 726 1097 et
738 1057 756 1097 a
768 1045 870 1096 sancta
883 1038 1021 1106 gerritrice

192 1137 257 1208 ejus
269 1134 383 1203 virgine
399 1132 498 1202 Marta,
518 1131 673 1203 vitamque
689 1136 831 1187 aternam
846 1145 914 1184 cum
929 1127 1021 1184 omni-

191 1222 253 1279 bus
277 1219 388 1276 sanctis
410 1223 438 1274 et
464 1216 562 1273 electis
587 1217 637 1272 Dei
661 1215 806 1288 consequi
828 1209 1020 1270 mereaturin

193 1310 303 1369 sarcula
318 1309 506 1367 seculorum.
521 1313 625 1364 Amen.

556 1417 648 1472 XVltl.

192 1542 282 1582 ΒΗΜΛ
309 1540 424 1581 torulus
453 1539 531 1581 PAPAE
555 1539 595 1578 xli
619 1539 672 1578 PRO
701 1533 879 1577 nonasrauto
902 1533 1023 1574 VULTUR·

459 1627 541 1668 NENSI
561 1628 585 1668 S.
605 1627 753 1668 trucensis.

516 1719 613 1790 (Anno
628 1717 700 1789 962).

246 1825 345 1901 [Apud
360 1823 507 1882 Muratori.
523 1826 592 1882 lter.
608 1825 679 1880 Ital.
692 1823 802 1892 Script.
818 1825 881 1890 1,ιι,
895 1821 968 1892 447]-

228 1935 353 1990 Joaaues
364 1931 537 2004 episcopus,
553 1945 658 1986 servus
671 1945 826 1986 serrorum
849 1928 909 1993 Dei,
930 1930 1023 1983 Pareo

169 2035 171 2040 ·
192 2019 355 2078 venerabili
376 2018 489 2089 abbati,
518 2023 547 2076 et
571 2017 753 2074 monasterio
769 2017 864 2074 sancti
880 2014 1024 2073 vincentii

193 2107 335 2180 martyris
351 2107 457 2164 Christi
471 2106 560 2162 situm
576 2122 666 2180 super
680 2105 793 2162 fontem
815 2104 950 2162 Vulturni
972 2103 1025 2159 llu-

194 2197 296 2264 minis,
310 2196 448 2269 partibus
464 2196 602 2260 Samnire,
618 2195 762 2252 territorio
772 2197 1026 2264 Beneventanum

193 2302 247 2360 per
271 2290 299 2342 te
313 2285 344 2342 in
363 2285 471 2342 eodem
493 2284 655 2341 venerabili
668 2283 852 2340 monasterio
876 2285 934 2340 tuis
957 2299 1024 2338 suc-

194 2373 366 2431 cessoribus
379 2372 553 2443 regulariter
567 2371 780 2444 promovendis
794 2371 1023 2444 inperpetuum.

229 2463 302 2518 Cum
316 2477 428 2534 magna
442 2460 530 2518 nobis
546 2460 743 2517 sollicitudine
760 2476 832 2516 cura
850 2459 956 2516 insistit
969 2474 1024 2532 pro

195 2551 342 2607 universis
358 2549 408 2606 Dei
419 2549 552 2606 ecclesiis
565 2565 599 2606 ac
610 2549 666 2622 piis
681 2547 753 2605 locis
767 2549 965 2620 vigilandum,
987 2564 1025 2604 ne

194 2637 328 2709 aliquam
342 2636 525 2692 necessitatis
535 2636 684 2706 jacturam
708 2636 881 2703 sustineant,
896 2633 950 2690 sed
964 2648 1025 2689 ma·

195 2725 240 2796 gis
255 2724 378 2798 propria
392 2723 517 2780 utilitate
532 2724 680 2797 stipendia
704 2728 937 2797 consequantur,
957 2722 1025 2779 ideo

194 2812 332 2870 convenit
347 2828 402 2869 nos
419 2812 562 2884 pastorali
578 2815 639 2867 lota
660 2812 768 2868 mentis
791 2811 958 2882 integritate
978 2826 1025 2866 eo-

1077 324 1135 376 Deo
1152 325 1272 376 auctore
1288 317 1480 381 deservimus,
1495 311 1638 380 ecclesiae,
1661 309 1747 366 vobis
1771 309 1920 366 detinen-

1076 409 1160 476 dum,
1184 408 1296 465 nullius
1321 402 1438 462 atterius
1480 401 1612 458 ecclesiae
1645 399 1918 472 jurisdictionibus

1076 499 1278 555 submittatur.
1301 497 1358 548 Pro
1381 508 1442 565 qua
1469 507 1499 546 re
1521 488 1917 563 piisdesideriislaventes,

1076 588 1132 643 hac
1147 580 1443 650 nostraauctoritate,
1460 579 1542 652 quod
1564 577 1725 651 exposcitis
1749 577 1918 652 mancipa-

1076 693 1144 732 mus
1170 679 1203 732 Et
1216 671 1282 730 ideo
1305 669 1500 726 concedmus
1524 667 1622 738 vobis,
1645 666 1811 741 vestrisque
1838 683 1917 723 suc-

1054 764 1245 820 ‘cessoribus
1268 758 1429 816 abbatibus
1455 757 1605 814 licentiam
1630 755 1802 830 apostolicae
1825 757 1915 813 sedis

1075 859 1194 919 nostra,
1210 853 1243 905 ut
1255 847 1421 922 quamlibet
1437 845 1685 902 christianitatem
1700 845 1914 917 indigentibus

1076 942 1105 996 in
1121 933 1245 1010 praelato
1258 935 1420 993 venerabili
1434 934 1625 1006 monasterio,
1634 933 1733 1007 qualis
1745 934 1914 1008 episcopus

1074 1027 1160 1084 vobis
1174 1027 1211 1083 ad
1228 1025 1416 1083 invitandum
1433 1025 1474 1082 irc
1487 1023 1647 1092 volueritis,
1667 1023 1801 1082 habendi
1822 1029 1914 1098 pote-

1075 1121 1182 1174 statem
1197 1116 1373 1173 omnimodo
1389 1115 1593 1182 concedimus,
1610 1113 1649 1170 ad
1675 1113 1816 1171 ecclesias
1839 1131 1914 1172 con-

1075 1207 1246 1271 secrandas,
1264 1209 1291 1261 et
1304 1205 1436 1261 similiter
1450 1204 1667 1260 ordinationem
1686 1203 1723 1260 de
1748 1204 1914 1262 subdiaco-

1075 1295 1164 1352 nibus
1180 1299 1208 1352 ct
1222 1294 1400 1352 diaconibus
1415 1309 1468 1368 per
1483 1297 1620 1366 tempora
1634 1292 1816 1364 faciendam,
1828 1297 1858 1350 et
1869 1294 1912 1350 de

1075 1384 1159 1441 omni
1174 1383 1270 1454 gradu
1286 1383 1484 1439 ecclesiastico
1508 1381 1621 1438 ibidem
1647 1381 1676 1437 in
1700 1386 1839 1455 tempora
1852 1383 1911 1438 im-

1076 1473 1232 1547 plendum.
1246 1476 1446 1529 protestamur
1461 1472 1562 1542 etiam,
1576 1475 1609 1527 ut
1623 1471 1723 1528 nullus
1745 1471 1909 1546 episcopus

1037 1583 1058 1637 p
1076 1561 1183 1619 exinde
1203 1561 1311 1618 debeat
1330 1561 1547 1618 subdiaconem
1573 1559 1612 1616 ad
1641 1575 1728 1615 suam
1752 1560 1905 1633 synodum

1075 1667 1250 1725 provocare,
1264 1651 1321 1706 nisi
1334 1667 1390 1708 sua
1403 1649 1490 1706 luerit
1504 1648 1626 1724 propria
1641 1646 1774 1705 voluntas
1788 1654 1838 1706 aut
1848 1649 1902 1706 ab

1075 1739 1188 1808 batem,
1204 1740 1251 1796 rel
1266 1741 1450 1796 monachum
1476 1738 1557 1795 nullo
1579 1739 1671 1796 modo
1689 1739 1826 1810 judicare,
1848 1738 1898 1794 rel

1078 1829 1347 1886 excommunicare.
1374 1828 1518 1884 Volumus
1538 1825 1627 1885 etiam
1653 1833 1681 1884 et
1708 1826 1904 1901 apostolicam

1076 1917 1263 1989 injungimus
1277 1917 1480 1975 auctoritatem
1495 1917 1581 1973 robis
1596 1917 1761 1991 vestrisque
1787 1931 1907 1972 succes-

1078 2005 1199 2062 soribus
1214 2006 1447 2080 abbatibus,qri
1461 2006 1573 2062 ibidem
1587 2005 1619 2062 ia
1633 2011 1766 2080 tempore
1776 2003 1910 2060 ordinati

1077 2092 1195 2166 luerint,
1221 2099 1252 2151 ιιι
1277 2095 1301 2152 si
1325 2096 1477 2166 sacerdos,
1504 2095 1550 2152 vel
1564 2093 1662 2152 clerici
1676 2094 1911 2166 dequacunquc

1078 2183 1204 2240 ccclesia
1218 2183 1353 2241 venerint
1365 2184 1404 2240 ad
1418 2183 1618 2240 habitandum
1642 2183 1911 2253 congregationem

1078 2271 1215 2342 fratrum,
1245 2273 1306 2330 sive
1330 2272 1541 2329 monachicum
1566 2271 1747 2346 suscipiendi
1769 2271 1911 2327 habitum

1079 2377 1111 2418 se
1133 2362 1321 2434 contulerint,
1347 2363 1446 2419 statim
1467 2361 1658 2434 recipiantur.
1674 2362 1910 2427 chrismavero,

1078 2456 1107 2509 et
1120 2452 1270 2508 firmatam
1286 2451 1399 2526 aquali
1412 2453 1554 2526 episcopo
1566 2451 1649 2508 vobis
1666 2449 1809 2508 voluntas
1822 2450 1911 2506 luerit

1077 2540 1268 2614 impetrandi,
1283 2540 1369 2601 liceat
1381 2557 1510 2614 semper,
1525 2545 1554 2598 et
1567 2540 1749 2608 secundum,
1765 2544 1799 2597 ut
1808 2539 1907 2595 nullus

1078 2629 1280 2700 disimussub
1294 2629 1490 2703 apostolicam
1503 2633 1636 2687 nostram
1659 2631 1854 2702 potestatem.
1881 2631 1911 2684 Et

1080 2734 1202 2776 omnem
1217 2718 1377 2790 cujuslibet
1391 2718 1523 2776 ecclesiae
1536 2718 1722 2776 sacerdotem
1742 2718 1774 2774 in
1783 2717 1914 2792 praefato

1078 2805 1240 2865 venerabili
1254 2801 1427 2865 monasterii
1441 2796 1585 2864 ditionem
1599 2807 1766 2881 quamlibet
1780 2807 1910 2874 habere,

194 2901 334 2958 rumdam
349 2899 566 2956 venerabilium
579 2899 715 2955 locorum
731 2898 862 2956 maxime
883 2896 1059 2988 stabilita-C
1078 2913 1113 2956 ac
1129 2897 1345 2970 auctoritatem,
1361 2901 1468 2972 praeter
1492 2897 1595 2956 sedem
1618 2897 1827 2972 apostolicam,
1842 2913 1913 2971 pro

195 2990 231 3046 tis
247 2989 445 3060 integritatem
458 3004 630 3062 procurare,
647 2993 675 3044 et
694 2987 796 3046 sedule
818 3004 922 3044 eorum
947 2987 1023 3044 utili-
1077 2986 1228 3060 bibemus,
1255 2987 1296 3044 ita
1317 2993 1348 3044 ut
1369 2986 1430 3044 nisi
1449 2987 1488 3044 ab
1507 2987 1618 3046 abbate
1633 2987 1807 3044 monasterii
1822 2987 1914 3044 luerit

193 3079 246 3144 tati
259 3077 394 3134 subsidia
407 3077 552 3144 conferre,
572 3083 605 3134 ut
618 3081 677 3134 Iteo
702 3081 804 3135 nostro
828 3077 1024 3152 omnipotenti
1077 3074 1229 3144 invitatus,
1244 3092 1300 3132 nec
1315 3076 1478 3132 missarum
1488 3075 1529 3134 ibi
1540 3075 1741 3134 solemnitates
1752 3076 1912 3150 quispiam

192 3165 223 3223 id
236 3167 319 3240 quod
333 3183 389 3239 pro
405 3167 470 3238 ejus
487 3167 581 3223 sancti
597 3166 727 3222 nominis
741 3167 865 3238 honore,
879 3167 970 3224 etiam
985 3167 1024 3224 ad
1078 3165 1227 3222 celebrare
1242 3171 1413 3238 praesumat.
1430 3167 1596 3224 statuentes
1607 3167 1728 3240 insuper
1741 3166 1912 3238 apostohm

193 3255 315 3312 laudem
331 3259 421 3328 atque
440 3255 568 3327 gloriam
583 3257 648 3328 ejus
664 3257 772 3312 divinae
788 3257 953 3328 majestatis
977 3273 1023 3312 ve·
1078 3269 1205 3312 censura
1219 3250 1275 3312 sub
1288 3253 1381 3312 divini
1392 3255 1497 3327 judicii
1509 3254 1715 3325 obtestatione,
1727 3255 1781 3311 sed
1796 3259 1826 3311 et
1837 3254 1910 3310 rali-

192 3345 377 3402 nerabilibus
391 3345 532 3403 collatum
547 3351 592 3402 est
605 3346 688 3417 locis,
706 3346 743 3402 sit
765 3347 948 3420 acceptabile
971 3363 1023 3403 ao·
1077 3343 1125 3400 dis
1140 3349 1230 3416 atque
1251 3344 1400 3401 atrocibus
1426 3344 1625 3402 anathematis
1638 3343 1908 3415 interdictionibus,

191 3435 249 3505 bis,
266 3433 349 3508 quod
364 3433 404 3491 ad
418 3435 484 3505 eJus
498 3434 599 3492 locum
620 3435 797 3509 plenissima
820 3436 1024 3495 misericordia
1077 3437 1110 3490 ut
1124 3449 1258 3507 unquam
1274 3439 1437 3506 praesumat
1448 3433 1599 3509 quispiam
1610 3433 1686 3492 alius
1698 3434 1908 3506 cujuscunque

192 3521 320 3591 dignum
333 3523 509 3593 hujusmodi
522 3523 564 3596 pii
578 3524 678 3597 operis
694 3524 725 3580 in
740 3524 862 3581 sidereis
888 3525 1022 3582 confera-

191 3616 225 3666 tu
255 3609 372 3666 actibus
387 3611 597 3667 remuneratio.
613 3611 713 3682 Igitur,
728 3612 800 3684 quia
814 3612 958 3684 petistisa
973 3628 1025 3669 no·

190 3697 238 3754 bis
255 3701 405 3771 quatenus
429 3697 646 3756 monasterium
670 3699 749 3757 beati
773 3699 920 3758 Vincentii
943 3716 1023 3758 mar·

191 3786 265 3860 tyris
294 3786 384 3844 situm
405 3803 499 3861 supra
523 3787 650 3844 fiuvium
671 3789 860 3859 Vulturnum,
880 3791 1023 3848 territorio

1078 3522 1229 3595 dignitatis
1243 3523 1387 3598 praeditus
1402 3529 1559 3598 potestate,
1575 3524 1623 3582 vel
1635 3523 1727 3581 etiam
1745 3524 1777 3581 in
1798 3523 1905 3581 ecdem

1077 3612 1259 3668 monasterio
1276 3613 1445 3680 venerabili,
1465 3613 1510 3670 vel
1524 3613 1588 3685 ejus
1603 3613 1706 3670 causis
1720 3611 1897 3680 incumbere,

1078 3705 1130 3758 aut
1143 3701 1180 3756 de
1195 3700 1286 3758 rebus
1299 3705 1328 3758 et
1339 3701 1592 3775 possessionibus,
1616 3701 1663 3758 vel
1688 3699 1817 3759 ecclesiis
1835 3698 1903 3755 sub

1074 3788 1161 3861 jectis
1176 3789 1220 3846 vel
1233 3790 1382 3865 quidquid
1397 3791 1434 3847 dc
1456 3791 1501 3848 his
1526 3790 1634 3847 exinde
1659 3791 1755 3848 inesse
1778 3788 1907 3852 ridetur,

190 3874 411 3944 Beneventano,
425 3875 561 3948 partibus
578 3876 705 3934 Samnite
718 3893 778 3934 una
792 3893 862 3934 cum
876 3878 1023 3951 pertinen-

191 3962 237 4018 tiis
267 3961 327 4018 suis
355 3968 383 4018 ct
410 3964 609 4032 monasteriis,
640 3965 777 4021 videlicet
808 3967 1023 4024 monasterium

191 4049 271 4106 beati
285 4051 359 4107 Petri
386 4051 513 4124 apostoli
530 4053 620 4108 situm
631 4053 717 4125 juxta
739 4052 865 4112 fluvium
890 4055 1021 4125 Sabbati,

191 4137 336 4193 territorio
348 4139 412 4210 jam
427 4140 507 4196 dicto
525 4143 731 4198 Beneventano
744 4160 750 4208 ;
765 4142 818 4198 sed
831 4147 860 4198 ct
874 4147 1022 4200 monaste·
1077 4145 1276 4217 inferendum,
1288 4163 1358 4204 oum
1372 4149 1530 4223 praelatum
1546 4148 1723 4221 perenniter,
1745 4152 1777 4203 ut
1791 4147 1908 4204 dictum

189 4225 268 4282 rium
282 4233 392 4283 sanctre
410 4229 459 4284 tlei
474 4229 623 4300 genitricis
647 4231 742 4288 Maria
769 4231 799 4288 in
825 4231 891 4288 loco
922 4235 1018 4302 San03
1077 4239 1130 4303 est,
1146 4236 1311 4309 tampaciS,
1336 4252 1430 4309 quam
1452 4237 1652 4294 barbarorum
1667 4241 1802 4308 tempore
1820 4235 1911 4291 firma

189 4313 261 4370 item
277 4317 495 4373 monasterium
511 4318 667 4376 Salvaloris
691 4320 807 4378 llomini
834 4323 927 4378 nostri
950 4323 1020 4380 lesu
1077 4323 1235 4382 stabilitate
1250 4324 1471 4382 decreverimus
1493 4325 1550 4382 sub
1563 4325 1770 4398 jurisdictione
1795 4329 1912 4381 sauctae

190 4403 306 4474 Cluisti,
320 4407 403 4477 quod
419 4408 553 4478 positum
566 4413 612 4464 est
628 4409 657 4464 in
673 4409 896 4478 altte;necnon
911 4415 939 4469 et
958 4429 1020 4470 mo·
1076 4411 1206 4468 ccclesiae
1245 4417 1355 4469 nostrae
1395 4413 1646 4486 permanendum.
1681 4411 1911 4483 promulgantes

188 4493 354 4549 naslerium
367 4494 397 4550 ιιι
411 4495 525 4568 bonore
542 4501 652 4554 sanctae
672 4499 766 4556 Mariae
781 4500 963 4558 aedificatum
979 4502 1020 4558 vi·
1075 4515 1205 4574 quoque,
1222 4507 1251 4558 et
1266 4501 1324 4558 hac
1339 4502 1513 4560 auctoritate
1526 4501 1684 4560 bealorum
1700 4500 1908 4574 apostolorum

188 4581 295 4638 delicet
322 4583 354 4640 in
384 4585 530 4642 territorio
554 4587 726 4659 marsicana,
751 4588 818 4647 loco
841 4589 1017 4664 Apiniauici.
1073 4589 1226 4664 principis,
1254 4606 1357 4646 coram
1386 4593 1457 4662 Deo,
1485 4595 1512 4646 et
1540 4588 1659 4646 terribili
1681 4589 1747 4660 ejus
1766 4587 1910 4644 examine

1077 3880 1303 3952 quoquomodo
1316 3879 1441 3948 auterre,
1452 3879 1653 3952 autalienare,
1665 3881 1716 3937 scd
1731 3896 1785 3937 nec
1801 3895 1910 3952 quam-

1076 3967 1148 4026 libet
1174 3969 1329 4038 malitiam,
1355 3975 1407 4026 aut
1433 3971 1559 4041 jacturae
1584 3969 1750 4026 molestiam
1783 3968 1910 4034 ibidem,

1077 4056 1139 4114 sive
1153 4057 1236 4132 pacis
1249 4058 1311 4116 sive
1323 4059 1524 4116 barbarorum
1534 4063 1677 4134 tempore,
1688 4058 1911 4132 quoquomodo

188 4672 278 4728 Porro
293 4674 512 4732 monasterium
527 4677 622 4733 sancti
646 4677 737 4734 Mauri
752 4677 828 4737 intra
843 4680 1019 4739 comitatum

188 4758 360 4818 atinensem
375 4779 468 4836 quam
481 4769 509 4822 et
522 4765 604 4822 aliud
617 4768 832 4824 monasterium
844 4775 954 4826 saneta
970 4771 1020 4828 ltei

188 4847 338 4916 genitricis
351 4853 447 4908 Mariae
461 4853 551 4912 situm
563 4855 593 4911 in
610 4856 754 4913 territorio
766 4858 921 4914 Pennense
932 4859 962 4914 in
978 4859 1019 4916 lo·

187 4949 234 5004 eo,
259 4935 312 5008 qui
326 4937 433 4995 dicitur
450 4945 586 5014 tlarano;
611 4962 729 5003 necnon
752 4953 781 5004 et
801 4949 1019 5008 monasterium

187 5023 269 5081 aliud
284 5032 493 5088 consecratum
508 5033 538 5088 in
557 5033 671 5094 honore
687 5042 798 5094 sauctoe
823 5039 873 5094 Dei
899 5039 1018 5109 genitri-

186 5113 229 5170 cis
241 5115 347 5185 Maria,
363 5116 430 5174 loco
443 5119 495 5192 qui
510 5120 617 5178 dicitur
641 5128 719 5182 [tuas
736 5126 902 5194 Basilicas:
925 5144 1018 5202 quam

186 5217 248 5262 una
262 5221 331 5262 cunr
345 5207 409 5264 aliis
425 5211 614 5268 monasteriis
630 5219 658 5272 ct
672 5215 762 5284 cellis,
776 5218 896 5284 massis,
918 5213 948 5275 et'
971 5234 1019 5276 ca-

186 5291 237 5360 sis,
266 5296 416 5366 caulibus,
444 5316 513 5358 cum
536 5302 638 5371 servis,
670 5309 698 5360 et
723 5295 838 5364 ancillis
862 5307 1018 5382 utriusque

136 5445 142 5458 ι
185 5396 274 5438 sexus
287 5383 400 5443 ibidem
412 5390 622 5461 residentibus,
640 5412 708 5452 cum
722 5397 824 5456 omnia
835 5403 863 5455 et
876 5399 908 5454 in
923 5398 1019 5455 omni·

183 5467 242 5524 bus
258 5474 528 5546 conpertinentiis,
553 5481 613 5547 tibi,
643 5484 770 5558 aliisque
793 5485 1018 5546 successoribus

183 5555 358 5636 abbatibus,
374 5563 426 5642 qui
440 5563 552 5628 ibidem
566 5568 598 5630 iu
613 5575 746 5646 tempore
767 5575 887 5652 luerint,
913 5589 1018 5642 tonce-

1074 4679 1184 4751 futuro,
1199 4695 1253 4753 per
1266 4680 1356 4752 hujus
1370 4679 1461 4737 nostri
1475 4679 1630 4752 apostolici
1643 4677 1798 4754 privilegii,
1814 4681 1910 4751 atque

1074 4768 1226 4826 constituti
1251 4769 1396 4843 paginam
1433 4769 1610 4838 sancimus,
1650 4773 1740 4841 atque
1775 4767 1913 4822 decerni-

1074 4875 1152 4930 mus,
1174 4857 1251 4928 loca,
1281 4874 1348 4930 quae
1384 4857 1546 4914 abbatibus
1574 4855 1793 4929 cujuslibetque
1818 4854 1913 4911 vobis

1073 4947 1104 5006 in
1118 4947 1224 5004 eodem
1249 4946 1409 5004 venerabili
1433 4945 1616 5004 monasterio
1639 4944 1735 5003 sancti
1762 4943 1912 5000 vincentii

1073 5037 1213 5110 martyris
1227 5037 1332 5093 Christi
1346 5041 1532 5093 commutata
1555 5035 1603 5091 rcl
1616 5041 1644 5090 et
1664 5049 1808 5090 concessa
1823 5038 1911 5103 sunt,

1073 5141 1192 5184 necnon
1207 5131 1234 5182 et
1246 5124 1319 5182 alias
1331 5126 1467 5182 locorum
1481 5125 1699 5198 possessiones,
1715 5137 1783 5197 quac
1796 5137 1814 5178 a
1830 5123 1914 5192 regi-

1073 5216 1141 5282 bus,
1153 5213 1199 5270 vel
1212 5214 1351 5284 ducibus,
1368 5213 1413 5270 vcl
1434 5213 1605 5283 castaldeis,
1625 5218 1654 5269 et
1665 5209 1809 5268 universis
1825 5211 1913 5266 Chri-

1075 5304 1177 5361 stianis
1202 5303 1317 5374 largita,
1347 5307 1437 5376 atquc
1465 5303 1566 5359 oblata
1590 5306 1670 5370 suut,
1697 5305 1750 5357 aut
1769 5299 1801 5354 in
1824 5305 1913 5371 post·

1074 5394 1200 5450 modum
1216 5393 1273 5450 illic
1287 5409 1427 5452 concessa
1444 5392 1563 5461 luerint,
1577 5392 1666 5448 firma
1676 5389 1835 5446 stabilitate
1844 5387 1912 5460 juri

1074 5484 1167 5556 ipsius
1179 5481 1480 5557 praelatimonasterii
1495 5481 1660 5551 existenda,
1677 5484 1766 5554 atque
1787 5477 1820 5533 in
1839 5493 1910 5550 per-

1074 5577 1196 5657 petuam
1212 5571 1420 5653 permanenda
1436 5571 1618 5656 statuimus,
1639 5585 1695 5628 nec
1716 5565 1836 5626 licentia
1857 5566 1907 5636 sit,
