4104 6162
264 166 313 218 tal
780 141 808 196 S.
829 135 958 192 ODONlS
980 128 1129 190 arbaris
1150 127 1401 184 clusiaCENSls
1420 125 1454 180 ll.
1913 125 1961 178 352

262 284 378 350 divites,
391 279 480 337 etiam
497 275 523 331 si
534 277 630 332 totum
644 269 746 330 orbem
769 259 910 338 possibile
926 263 1003 316 osset
1019 271 1089 329 pos-
1104 255 1128 310 ι
1143 251 1225 308 ribus
1238 251 1303 322 ejus
1318 249 1487 317 insaniunt;
1501 247 1631 304 fructum
1642 247 1744 303 autem
1755 245 1787 300 in
1799 243 1846 300 his
1855 243 1964 302 nubum

263 369 351 428 sideri
366 384 385 424 a
399 363 536 434 singulis,
552 360 651 418 adhuc
674 359 775 413 tamen
794 351 825 406 in
851 345 998 405 desiderio
1024 343 1088 414 ejus
1142 339 1235 398 alium
1247 338 1407 412 reperiunt,
1423 336 1481 393 nisi
1495 334 1657 403 interitum,
1671 337 1700 391 et
1719 331 1896 406 perniciem,
1910 349 1966 406 μθ.

262 457 408 518 urderent.
424 457 574 526 Pauperes
598 462 669 504 vero
695 445 769 501 dum
797 438 922 513 cupiunt
947 433 1088 490 divitibus
1141 444 1274 503 namque
1297 427 1537 502 perpetuemur
1563 429 1665 482 lamen
1691 421 1800 480 cadam
1827 419 1967 493 gloriam

262 545 428 620 exaequari,
460 537 660 599 insatiabilem
693 527 940 603 concupiscentia
973 521 1088 580 rabiem
1142 520 1315 590 contemptu
1344 514 1444 585 gloria
1475 511 1604 570 coelestis
1636 509 1813 586 apluribus
1842 513 1966 570 amatur,

261 637 426 712 patiuntur,
448 629 612 696 insaniunt,
623 629 652 684 et
681 622 802 688 furiunt,
819 623 847 676 el
870 615 949 672 idam
964 609 1088 670 morbus
1143 611 1232 682 alequa
1258 605 1292 662 fit
1318 601 1539 678 exspectabilis.
1562 601 1676 660 Idcirco
1702 599 1830 671 dignum
1860 603 1912 666 esa
1939 605 1968 654 ut

262 726 397 783 diversos
421 717 546 790 singulis
563 716 685 787 generat
699 710 869 780 languores.
885 706 918 760 Et
940 701 1088 758 intantum
1142 695 1272 756 atrocius
1295 693 1486 765 judicantum
1511 690 1624 765 quippe
1650 689 1703 763 qui
1730 692 1758 746 et
1774 685 1909 746 oblatam
1922 687 1968 742 liei

263 829 350 872 amor
364 809 500 886 pecnnia
520 819 642 864 omnem
656 800 761 870 fatigat
780 794 924 854 animam,
941 794 973 849 ιιι
991 804 1088 862 nequa
1143 783 1270 856 gratiam
1293 779 1456 843 fastidiunt,
1496 783 1525 836 et
1549 777 1633 851 quod
1656 775 1771 834 mulum
1804 790 1868 832 non
1892 775 1969 845 iguo

252 901 580 968 'amicitiarum,neque
594 878 1089 965 propinquitatis,interdumctlam
1143 877 1211 930 rant
1233 871 1339 940 eligere
1365 867 1492 926 malunt.
1526 869 1620 924 Tanta
1640 879 1773 938 namque
1800 867 1847 920 cst
1869 879 1970 920 eorum

263 1006 319 1048 nec
334 985 480 1058 conjugis,
496 987 548 1042 aut
572 977 667 1036 amori
681 975 809 1032 liliorum
823 969 874 1028 del
887 969 997 1025 locum.
1024 965 1090 1031 Qui·
1143 960 1196 1035 qui
1210 957 1363 1032 decipiunt
1389 955 1547 1025 stoliditas,
1564 957 1672 1012 utnon
1697 953 1795 1010 solum
1820 969 1873 1010 eos
1897 953 1970 1009 ratio

263 1080 322 1138 bus
339 1075 493 1136 affectibus
516 1074 591 1128 inter
611 1065 748 1125 homines
772 1060 845 1119 nihil
860 1057 1024 1132 praefertur.
1040 1054 1090 1110 llic
1145 1047 1227 1106 nulla
1246 1047 1358 1104 abhoc
1375 1044 1496 1103 interitu
1521 1049 1650 1108 revocet,
1666 1042 1720 1100 sed
1746 1057 1801 1099 nea
1826 1041 1972 1098 oseaeuna

264 1183 350 1227 amor
370 1166 436 1239 ipso
449 1161 536 1219 melle
562 1157 676 1215 dulcior
695 1152 829 1210 ridetur:
852 1151 882 1206 et
895 1161 961 1204 cum
985 1143 1011 1199 ei
1038 1142 1091 1215 qui
1144 1137 1267 1212 quidem
1287 1135 1494 1193 indesinentur
1523 1131 1715 1207 pereuntium
1730 1129 1872 1203 exempla
1884 1129 1974 1186 darer.

264 1271 374 1316 manus
395 1251 435 1310 illi
457 1247 593 1306 dederint
606 1242 686 1300 mille
705 1241 808 1298 foveas
829 1239 923 1310 parat,
945 1231 1091 1306 expetitur
1145 1230 1239 1285 reant.
1254 1225 1330 1292 Quin
1356 1225 1455 1299 polius
1481 1239 1551 1280 cum
1576 1221 1671 1280 sciant
1694 1221 1777 1294 quod
1804 1219 1975 1292 omnesqui

264 1353 375 1411 tamen,
389 1347 417 1400 et
444 1337 630 1398 desideratur
644 1333 684 1390 ab
704 1328 856 1393 omnibus,
882 1340 917 1380 ac
939 1337 993 1395 per
1007 1322 1092 1377 innu-
1145 1317 1211 1388 ejus
1225 1309 1689 1386 umbraticampulcbritudinem
1697 1306 1975 1380 diligunt,amundi

263 1449 363 1491 meros
387 1429 505 1488 labores
527 1429 556 1482 et
574 1437 673 1480 mores
692 1418 828 1475 latentur
844 1429 875 1468 se
902 1411 950 1466 vel
968 1409 1008 1466 ad
1027 1408 1091 1478 ejus
1145 1401 1310 1478 primordio
1322 1401 1430 1458 eadem
1440 1399 1536 1472 gloria
1550 1397 1642 1468 fallat,
1657 1403 1758 1454 tamen
1770 1396 1851 1453 hanc
1867 1394 1975 1468 ample-

260 1525 387 1596 januam
402 1515 586 1592 quandoque
614 1507 792 1581 pertingere.
809 1505 842 1557 Et
857 1500 881 1554 si
895 1498 963 1572 quis
980 1513 1032 1554 eos
1053 1494 1092 1551 nd
1146 1493 1210 1550 nari
1233 1489 1406 1564 inexplebili
1429 1487 1577 1546 ‹issidorio
1593 1487 1743 1558 gastiunt;
1759 1501 1829 1558 quac
1842 1485 1977 1540 videlicet

263 1611 399 1678 meliora,
409 1610 438 1663 et
449 1604 622 1670 adregnum
633 1594 693 1665 liei,
705 1591 788 1666 quod
799 1591 877 1646 intra
885 1603 940 1644 nos
951 1591 1004 1654 est,
1014 1600 1094 1658 quae·
1109 1602 1131 1656 B
1147 1580 1212 1638 illos
1226 1579 1268 1636 ita
1280 1578 1356 1636 falso
1366 1576 1530 1650 jactamine
1543 1575 1634 1646 illicit,
1657 1578 1804 1648 tanquam
1818 1571 1901 1629 foeda
1914 1587 1975 1628 me.

263 1700 393 1758 rendum
412 1689 593 1768 persuadere
609 1682 772 1750 sonaverit,
788 1677 949 1749 refugiunt,
964 1679 992 1732 et
1012 1675 1093 1730 insa·
1147 1669 1246 1737 ratris,
1261 1684 1327 1740 qua
1353 1665 1541 1737 nigredinem
1561 1680 1648 1721 suam
1670 1663 1777 1720 fucatis
1791 1660 1977 1736 quibusdam

265 1805 339 1846 num
350 1786 466 1860 putant,
482 1783 511 1836 et
521 1776 607 1852 quasi
619 1769 785 1848 phrenetici
796 1767 836 1825 ad
848 1767 906 1823 hoc
916 1763 1000 1838 quod
1015 1763 1093 1820 insa·
1149 1755 1298 1814 coloribus
1310 1753 1450 1822 occultat,
1464 1752 1646 1810 lascivorum
1660 1749 1764 1808 oculos
1780 1752 1894 1823 captat.
1904 1751 1976 1805 Cum

264 1878 317 1934 nia
339 1870 474 1945 suggerit
487 1865 585 1936 magis
609 1878 642 1920 se
659 1857 848 1917 submittunt.
867 1857 991 1910 Summa
1005 1851 1094 1922 igitur
1148 1841 1237 1914 igilur
1250 1839 1371 1914 perfecti
1394 1837 1467 1895 boni
1493 1835 1580 1894 malis
1594 1833 1715 1893 admisti
1730 1837 1815 1890 sunt:
1833 1832 1875 1889 ita
1893 1833 1977 1904 juxta

265 1964 407 2024 ariditate
418 1957 627 2031 amplexantur
642 1950 777 2018 urrrbras,
788 1950 817 2004 el
832 1944 980 2015 stringunt
990 1947 1094 1998 ventos
1148 1929 1309 1988 Psalmista
1322 1943 1439 1989 vocem,
1454 1926 1573 1982 discunt
1587 1939 1711 1999 operam
1727 1936 1844 1991 eorum,
1862 1920 1975 1978 utillud

266 2053 377 2112 similes
391 2047 529 2108 videlicet
554 2041 657 2118 pueris
672 2036 857 2105 ludentibus,
870 2033 917 2090 rel
932 2036 1009 2089 certe
1024 2031 1094 2088 stul·
1148 2017 1308 2093 impleatur
1321 2015 1405 2090 quod
1419 2015 1533 2072 dictum
1547 2017 1608 2072 ost:
1632 2013 1679 2070 Vae
1693 2011 1805 2068 muodo
1820 2025 1840 2068 α
1853 2010 1976 2067 searrdo-

265 2145 364 2202 tiores.
376 2139 418 2197 llli
444 2138 517 2194 forte
537 2138 668 2190 turmam
678 2125 855 2184 verberibus
870 2123 1027 2194 agitantes,
1047 2118 1095 2176 rel
1151 2107 1186 2164 ll't
1197 2107 1318 2179 (Matth-
1332 2120 1411 2173 xvnr,
1428 2103 1465 2176 7).

264 2228 430 2308 quemlibet
444 2225 536 2284 alium
557 2220 663 2278 ludum
684 2231 738 2289 per
763 2217 882 2270 atatem
896 2209 1032 2281 fragilem
1046 2207 1096 2264 de·
1185 2195 1221 2252 V.
1233 2192 1374 2268 Quisquis
1390 2207 1460 2250 vero
1471 2206 1580 2250 sanum
1593 2189 1680 2264 sapit,
1697 2192 1814 2264 oportet
1829 2192 1861 2245 ul
1875 2203 1975 2261 pras-o

264 2322 416 2386 lactantes,
429 2312 516 2372 avelli
529 2309 569 2368 ab
581 2324 617 2366 eo
632 2306 749 2365 nolunt.
766 2307 802 2358 ιιι
816 2301 864 2357 isti
875 2302 959 2372 tanto
976 2297 1096 2353 inexcu·
1148 2303 1216 2345 rum
1230 2284 1357 2356 gloriam
1371 2299 1408 2340 ex
1422 2281 1481 2340 fine
1497 2279 1675 2349 consideret,
1689 2279 1742 2354 qui
1757 2276 1833 2336 sicut
1847 2277 1879 2335 in
1891 2281 1974 2335 llora-

266 2409 375 2468 sahiles
389 2408 468 2476 sunt,
485 2403 599 2476 quanto
624 2395 750 2453 scienter
773 2391 803 2446 in
827 2387 911 2444 nihili
926 2384 1093 2452 confidunt,
1148 2375 1222 2432 lium
1237 2373 1312 2431 libro
1334 2389 1364 2429 ιι
1382 2371 1563 2446 disputatur,
1580 2386 1615 2428 eo
1631 2368 1761 2428 atrocius
1776 2367 1807 2424 in
1823 2369 1973 2424 tormenta

266 2499 337 2556 etin
353 2510 440 2552 coeno
464 2492 529 2562 ejus
550 2491 696 2556 tanquam
711 2495 779 2536 sues
793 2473 921 2534 volutari
935 2471 1093 2540 delectant,
1149 2463 1326 2533 obruuntur,
1351 2475 1414 2535 quo
1436 2459 1524 2518 altius
1560 2459 1592 2516 in
1624 2461 1784 2532 peccalum
1815 2455 1973 2514 elevantur,

267 2585 443 2644 inleliriores
475 2579 577 2650 utique
605 2578 633 2630 et
658 2567 805 2642 turpiores
831 2564 887 2622 illis
911 2561 1094 2620 animalibus
1149 2549 1268 2608 Transit
1286 2547 1370 2623 quod
1383 2547 1543 2618 extollitur,
1558 2549 1716 2622 permanet
1735 2543 1819 2620 qnod
1834 2543 1974 2618 punitur;

267 2690 335 2748 quar
346 2685 433 2729 coeno
449 2668 609 2724 vescuntur
623 2659 791 2718 existentes.
1148 2641 1335 2699 honorantur
1358 2637 1390 2694 in
1404 2636 1461 2706 via,
1477 2636 1508 2694 in
1526 2635 1720 2710 perventione
1733 2632 1975 2698 damnabuntm

303 2763 346 2818 ιιι.
362 2757 419 2817 Sed
441 2754 555 2812 utinam
583 2747 659 2806 sicut
685 2743 814 2800 Phineas
839 2740 877 2796 de
904 2737 1095 2796 anathemata
1149 2735 1178 2787 et
1201 2727 1289 2801 quasi
1315 2742 1369 2801 per
1397 2740 1518 2784 amoena
1532 2727 1619 2799 prata
1640 2723 1679 2781 ad
1715 2738 1866 2781 carcerem
1881 2737 1978 2794 perro

268 2851 366 2908 richar
378 2845 571 2920 imprecatur,
587 2837 642 2895 soli
656 2834 698 2893 illi
718 2831 911 2899 corruissent,
925 2827 977 2902 qui
992 2840 1095 2884 secun·
1149 2817 1331 2888 niunt,dum
1346 2816 1411 2875 vita
1425 2815 1580 2890 praesentis
1597 2831 1651 2890 per
1665 2829 1810 2890 prospera
1823 2813 1863 2872 ad
1885 2812 1978 2870 interi

267 2942 341 2999 dum
355 2934 522 3013 principem
546 2939 731 2986 mammona
752 2921 849 2978 vivere
875 2917 1093 2974 decreverunt:
1116 2915 1215 3009 Ctum
1229 2907 1364 2967 tendunt.
1389 2909 1424 2964 lit
1438 2906 1562 2981 quidem
1576 2906 1649 2962 boni
1664 2921 1736 2962 cum
1749 2903 1902 2979 quoslibet
1916 2901 1977 2974 glo

267 3034 295 3088 et
309 3043 371 3087 non
384 3024 473 3084 etiam
489 3019 542 3077 filii
562 3015 638 3076 lucis
653 3012 723 3072 buia
746 3007 857 3066 soeculo
872 3005 1097 3063 conformaren·
1150 2997 1246 3056 riosos
1262 3001 1314 3053 aut
1325 3009 1403 3052 mort
1424 2999 1477 3052 aut
1489 2991 1682 3052 dehonestari
1694 2991 1895 3067 conspiciunt,
1910 2991 1978 3064 quia

267 3125 314 3178 tur
324 3120 428 3175 oontm
447 3107 639 3186 Apostolum
654 3101 716 3170 sed,
728 3098 812 3173 quod
826 3095 916 3154 nimis
930 3091 1095 3150 dolendum
1149 3087 1285 3146 humana
1304 3083 1399 3156 gloria
1413 3083 1486 3142 nihil
1501 3085 1540 3142 sit
1554 3099 1624 3141 cum
1644 3082 1757 3156 gemitu
1781 3081 1865 3140 fateri
1887 3079 1978 3138 solent

266 3213 321 3277 est,
334 3206 393 3281 ipsi
416 3202 493 3260 filias
521 3196 603 3264 Cain,
617 3191 725 3251 relictis
741 3187 829 3246 honis
850 3182 1017 3250 celestibus,
1034 3197 1096 3240 am·
1150 3177 1294 3234 dicentes:
1315 3175 1392 3231 Ecce
1414 3174 1487 3247 qaia
1508 3173 1588 3231 nibil
1611 3180 1653 3232 est
1669 3173 1755 3231 bomo
1782 3171 1847 3243 (fob
1862 3187 1922 3240 rvr,
1943 3171 1976 3240 8).

267 3296 355 3372 plecti
371 3292 510 3367 gestiunt,
524 3285 556 3344 id
580 3288 624 3342 cst
646 3278 775 3348 divitias,
803 3273 939 3344 delicias,
959 3270 1096 3344 volupia·
1149 3265 1234 3341 quod
1260 3263 1403 3322 nimirum
1426 3261 1535 3320 rectius
1560 3263 1659 3320 dicent
1690 3262 1716 3320 si
1738 3265 1807 3319 tunc
1830 3259 1977 3317 interium,

267 3393 321 3456 tes,
346 3379 538 3455 obsequelas,
563 3377 653 3448 atque
676 3366 814 3426 libidines
839 3359 1011 3420 ulciscendi.
1040 3358 1096 3426 Qui
1150 3352 1309 3427 cujuslibet
1346 3350 1477 3426 potentis
1519 3350 1694 3422 cogitarent,
1739 3365 1807 3406 gum
1838 3363 1910 3404 eum
1950 3345 1977 3400 in

267 3475 383 3534 utinam
408 3469 456 3527 vel
482 3465 521 3525 ad
540 3462 591 3521 liei
612 3454 878 3518 comminationem
904 3452 1093 3508 terrerentur.
1150 3444 1223 3502 floro
1241 3440 1446 3517 prosperitatis
1460 3439 1572 3498 vident.
1586 3443 1668 3498 func
1692 3455 1827 3514 namque
1849 3436 1978 3495 conside·

267 3565 315 3622 rel
328 3561 400 3638 quia
410 3563 480 3616 tunc
492 3552 582 3613 dixit:
599 3549 667 3606 Non
678 3541 866 3618 permanebit
876 3539 1001 3609 spirtius
1016 3551 1095 3593 meus
1150 3531 1281 3591 randum
1300 3534 1345 3588 est
1366 3545 1428 3605 quo
1449 3544 1539 3586 cursu
1561 3529 1684 3586 felicitas
1711 3526 1885 3600 transvolet,
1913 3541 1976 3582 cum

267 3657 299 3714 ia
314 3644 554 3711 arminicurtem
568 3640 651 3714 (Gen.
666 3652 706 3710 vr,
717 3634 755 3706 3),
770 3630 816 3688 vel
831 3629 904 3703 quia
917 3641 999 3684 nunc
1011 3625 1095 3683 dicit:
1151 3623 1220 3679 anta
1230 3620 1380 3676 humanos
1389 3619 1493 3676 oculos
1503 3619 1591 3692 quasi
1602 3633 1784 3694 permanens
1794 3615 1895 3692 pollet.
1908 3618 1976 3672 Nam

266 3744 339 3804 lilii
348 3740 435 3814 repat
447 3736 601 3793 mittentur
612 3729 643 3786 ia
659 3723 795 3784 tenebras
804 3719 965 3778 exteriores
974 3715 1096 3788 (Mettis.
1152 3709 1278 3784 glorium
1291 3707 1428 3766 morituri
1443 3707 1516 3765 nihil
1527 3723 1591 3765 essa
1602 3709 1635 3764 in
1645 3708 1713 3782 ipsa
1720 3709 1787 3780 jam
1801 3711 1896 3764 morte
1911 3719 1974 3778 pen-

268 3847 336 3901 xxn,
351 3829 405 3901 ιι).
421 3829 454 3884 Ει
466 3825 631 3898 postquam
645 3811 738 3871 semel
750 3807 938 3876 audirimus:
948 3805 1012 3876 Epo
1022 3804 1098 3874 elegi
1152 3815 1219 3858 sare
1231 3798 1316 3873 pravi
1342 3795 1468 3871 quilibet
1481 3799 1609 3870 possunt
1618 3815 1624 3854 :
1648 3801 1720 3854 tuno
1746 3796 1829 3853 enim
1847 3796 1872 3852 ej
1892 3793 1972 3851 epm„

269 3936 318 3980 cos
341 3919 378 3976 de
396 3913 506 3974 mando
528 3909 617 3983 (Jooa
644 3921 693 3972 av,
709 3899 834 3973 illinon
856 3894 983 3954 domum
1006 3890 1098 3964 subji·
1152 3889 1300 3960 derogant
1313 3886 1365 3961 qui
1379 3887 1459 3944 banc
1474 3890 1502 3942 et
1514 3902 1610 3960 usque
1625 3886 1665 3944 ad
1679 3891 1808 3944 mortem
1824 3887 1972 3960 sequentes

268 4009 347 4072 ciam
360 4001 487 4082 principi
502 3995 625 4066 mundi;
649 3991 723 4068 quia
751 3986 894 4046 nimirum
913 3996 1036 4040 necesse
1055 3984 1100 4037 cst
1152 3982 1265 4038 amant.
1278 3980 1318 4034 lle
1335 3976 1383 4032 his
1396 3980 1486 4050 atque
1500 3992 1607 4034 eorum
1620 3974 1823 4034 imitatoribus
1843 3973 1971 4048 seriptum

267 4117 324 4160 nos
346 4111 422 4164 esse,
447 4090 543 4151 autin
564 4083 679 4145 mundo
696 4095 787 4154 quem
810 4079 888 4133 fleus
915 4088 968 4147 per
992 4070 1097 4127 Filium
1153 4073 1198 4126 est
1225 4067 1281 4125 sub
1300 4070 1372 4140 typo
1397 4065 1507 4124 scilicet
1531 4064 1610 4122 illius
1633 4081 1732 4139 pravas
1758 4063 1971 4138 generationis:

267 4186 439 4248 reconciliat
460 4180 526 4244 sibi,
548 4181 600 4235 aut
625 4175 655 4232 in
677 4187 713 4229 eo
736 4169 798 4243 qui,
818 4167 905 4238 juxta
924 4161 1097 4236 apostolum
1152 4159 1252 4228 Longe
1276 4158 1353 4226 fient
1366 4155 1425 4225 filii
1448 4157 1543 4225 ejusa
1564 4156 1673 4226 sature,
1690 4161 1717 4212 et
1734 4159 1929 4212 conterentur
1948 4151 1973 4206 ia

268 4281 432 4336 loannem:
457 4271 494 4326 la
517 4265 651 4336 metipso
672 4260 788 4330 positas
813 4259 855 4311 est
882 4253 981 4322 (Joan.
997 4266 1026 4305 r.
1044 4248 1098 4320 ιιι).
1152 4253 1242 4318 porto
1256 4245 1322 4316 (roa
1333 4262 1360 4312 v,
1373 4246 1411 4317 ι).
1427 4245 1514 4310 Porta
1526 4247 1570 4300 est
1584 4243 1690 4302 ultima
1704 4243 1768 4300 dios
1781 4242 1897 4316 iudicii,
1913 4237 1976 4314 quia

269 4371 305 4424 Ut
315 4365 396 4422 enim
418 4361 617 4427 Hieronymus
631 4344 799 4421 inepislola
814 4340 854 4398 ad
876 4338 1020 4412 Ephesios
1030 4351 1099 4410 per·
1154 4351 1207 4410 per
1233 4335 1331 4409 ipsam
1356 4331 1483 4390 intratur
1505 4331 1545 4390 ad
1565 4347 1704 4405 regnum.
1721 4331 1806 4390 Stulti
1830 4331 1919 4403 igitur
1937 4325 1978 4382 rel

268 4456 361 4518 hibet,
376 4466 449 4510 moa
462 4449 495 4504 ιιι
508 4443 640 4516 aliquem
651 4434 804 4512 principes
819 4428 1015 4488 tenebrarum
1031 4441 1101 4499 sup·
1155 4441 1260 4483 corum
1274 4423 1337 4498 lilii,
1353 4422 1383 4480 id
1398 4428 1452 4492 est,
1469 4421 1645 4492 imitatores,
1667 4426 1735 4480 ante
1749 4426 1869 4496 portam
1884 4432 1980 4492 super.

269 4543 417 4620 plantant,
429 4551 484 4596 suo
506 4528 623 4590 mundo
634 4525 681 4584 cui
697 4520 905 4598 principantur
926 4516 1099 4587 adnectunt,
1155 4515 1251 4582 blunt,
1265 4513 1319 4570 scd
1333 4513 1364 4568 in
1377 4515 1463 4585 porta
1490 4515 1691 4578 conterentur,
1707 4512 1780 4586 quia
1798 4527 1879 4568 nunc
1901 4523 1981 4584 pros-

269 4633 379 4693 lliderit
392 4644 464 4702 ergo
477 4623 531 4700 qai
542 4620 609 4680 talis
627 4621 681 4684 cst,
697 4615 846 4688 quantum
862 4608 921 4665 sint
935 4605 1100 4664 novissima
1154 4607 1308 4678 parantur,
1324 4601 1422 4660 sedin
1438 4601 1552 4674 judicio
1568 4601 1717 4658 ferientur.
1736 4601 1792 4668 Qui
1811 4601 1892 4658 enim
1917 4603 1983 4656 tuna

269 4726 347 4784 illius
362 4721 467 4796 pejora
488 4710 648 4790 prioribus.
666 4708 740 4762 Nam
754 4706 786 4759 ut
808 4697 908 4757 verbis
927 4693 1049 4753 loannis
1063 4709 1099 4750 ex
1153 4694 1252 4754 renuit
1283 4695 1377 4750 Deum
1403 4707 1456 4765 per
1490 4690 1679 4764 disciplinam
1713 4690 1824 4748 hahere
1857 4693 1981 4764 patrem.

270 4810 455 4888 supradicto
469 4805 546 4863 libro
559 4803 689 4864 utamur,
703 4807 781 4868 pone
794 4790 857 4847 sine
870 4785 959 4844 venia
967 4782 1100 4842 habendi
1154 4783 1270 4841 malens
1280 4797 1344 4839 esse
1354 4779 1434 4838 filins
1445 4780 1536 4852 hujus
1546 4779 1640 4852 regni,
1652 4785 1722 4836 tunc
1736 4795 1791 4854 per
1802 4778 1982 4852 adjutorium

270 4908 340 4961 sunt
353 4898 452 4958 cuncti
465 4911 543 4970 quos
555 4890 647 4962 hujus
662 4882 768 4942 mundi
779 4879 874 4952 gloria
887 4875 1006 4950 decipit.
1025 4877 1098 4932 Cum
1154 4871 1265 4930 habere
1279 4885 1343 4928 non
1354 4867 1516 4926 merebitur
1523 4875 1700 4944 ereptorem,
1712 4869 1765 4926 sed
1774 4869 1806 4926 in
1819 4873 1907 4942 porta
1919 4881 1984 4923 con

270 4991 351 5051 enim
364 4988 486 5046 videant
501 4980 583 5057 apud
597 4993 665 5036 earn
680 4973 805 5032 cruenta
819 4968 932 5036 omnia,
946 4962 1115 5039 periculis„
1153 4966 1271 5017 teretur.
1290 4960 1365 5017 Sane
1377 4957 1516 5032 quisquis
1528 4958 1576 5016 rel
1590 4958 1628 5016 de
1640 4964 1767 5032 utraque
1782 4957 1982 5030 generatione,

269 5096 329 5156 que
341 5095 377 5136 ac
386 5072 534 5134 mortibus
545 5070 575 5126 et
585 5061 756 5141 praecipitiis
770 5058 870 5132 plena,
886 5069 942 5112 nec
958 5053 982 5110 si
998 5059 1098 5110 tamen
1153 5049 1200 5108 vel
1212 5049 1250 5107 de
1266 5053 1392 5123 utroque
1408 5047 1505 5120 gradu
1518 5049 1587 5106 vitae
1598 5049 1690 5122 hujus
1702 5063 1806 5105 amore
1816 5047 1981 5122 captusest

271 5187 333 5230 snm
355 5160 509 5242 cupiditati
534 5157 652 5216 frenum
675 5145 858 5224 imponunt,
875 5158 1004 5217 cumque
1031 5157 1112 5216 eam,
1152 5135 1289 5222 partibus
1302 5138 1367 5210 ejus
1381 5135 1471 5208 favet,
1487 5141 1514 5196 el
1529 5136 1767 5195 dehortatorium
1782 5137 1912 5194 verbum
1925 5145 1981 5192 non

270 5258 374 5335 stipari
405 5252 530 5312 comant
555 5241 710 5304 sodalibus
745 5234 883 5312 pessimis
909 5229 1098 5290 contumeliis
1152 5225 1448 5284 libanterauscultat.

270 5351 349 5422 dico,
362 5339 541 5421 opprobriis,
551 5336 655 5399 livore,
671 5327 786 5384 insidiis
797 5318 1056 5381 criminationibus
1071 5319 1100 5374 ct
1188 5319 1232 5372 Vl.
1249 5315 1410 5372 Sciendum
1433 5329 1502 5371 vero
1518 5315 1660 5389 estquod
1686 5315 1793 5372 eadem
1817 5328 1929 5385 genera
1944 5309 1982 5364 sir

270 5428 529 5512 perniciosissimis
542 5423 631 5489 curis,
647 5423 729 5478 melu
741 5415 807 5490 jugi
822 5413 926 5471 timore
939 5407 1098 5482 frequenti,
1153 5405 1242 5463 mista
1252 5407 1331 5476 sunt,
1345 5401 1606 5476 utinquibuslibct
1618 5401 1909 5476 fidoliumgradibus
1921 5413 1984 5474 pro

270 5530 300 5584 et
312 5521 461 5582 millealiis
474 5510 651 5590 huiusmodi
663 5504 802 5566 infaustis
814 5495 1100 5566 consortibus,velut
1154 5509 1271 5552 currere
1295 5491 1406 5566 pariter
1420 5491 1627 5552 inveniantur:
1656 5491 1804 5567 quoniam
1825 5500 1983 5566 quousque

270 5611 454 5687 sanguinum
466 5595 763 5666 coronacircumdari
774 5613 781 5664 ;
791 5591 891 5671 adhuc
904 5593 1006 5647 lamen
1016 5599 1099 5644 amc·
1153 5578 1472 5652 ventilabrumjudicis
1486 5580 1622 5653 agitetur,
1637 5595 1733 5654 grana
1749 5595 1821 5639 cum
1829 5579 1926 5658 paleis
1938 5589 1984 5633 ne
