4104 6162
275 165 327 221 diii
811 157 838 210 S.
856 155 984 212 ODONlS
1000 150 1145 210 aaanrls
1171 155 1456 212 ¹2ttllt1acaasls11
1795 159 1798 164 ’
1936 165 1981 220 52⁸

276 293 313 356 5).
328 289 411 344 Nunc
423 281 509 338 dicit:
526 281 560 336 la
590 280 644 336 too
660 280 770 336 mundo
793 279 931 335 subtimes
958 283 1102 348 apparete
1124 281 1145 333 ιι
1160 291 1213 350 ρει
1228 277 1381 335 ministros
1397 294 1477 348 suos,
1489 293 1585 351 quam
1595 294 1649 353 per
1661 281 1792 354 seipsum
1809 287 1906 351 nocet,
1917 283 1983 340 dum

276 376 401 444 (dedra,
428 371 465 440 5).
486 371 567 426 Tunc
595 367 686 424 dixit:
716 369 913 440 Nequaquam
937 365 1104 422 moriemini
1159 381 1212 439 ρει
1227 367 1323 423 malos
1338 367 1385 424 vel
1399 367 1480 424 illicit
1494 367 1591 424 bonos
1607 368 1646 426 ad
1659 368 1785 438 malum,
1802 370 1849 428 vel
1865 370 1984 446 impedit

275 464 358 536 (Gen.
375 477 415 528 ιιι,
432 459 469 532 l).
485 461 568 516 Nunc
595 457 682 530 quasi
696 455 922 513 misericordem
944 457 1037 511 Deum
1051 451 1105 508 fin·
1159 472 1211 514 eos
1238 456 1373 514 labana.
1401 457 1482 514 Unde
1497 459 1663 532 propheta:
1685 460 1859 526 velociores,
1884 461 1983 535 inquit,

276 547 576 624 gens,inpunitatem
591 544 737 603 scelerum
750 543 902 618 promittit.
915 542 969 600 Sed
982 557 1037 599 nos
1054 541 1105 613 qui
1157 545 1283 613 suerum
1297 547 1407 619 aquilis
1422 547 1490 602 eceli
1504 547 1619 604 inimici
1631 549 1728 604 nostri
1743 547 1864 618 (Thrae.
1879 566 1920 620 ιιι,
1936 555 1982 618 ιιι).

276 638 479 714 experimento
493 635 582 709 primi
610 635 742 692 hominis
767 633 928 690 didicimus
942 646 1036 704 quam
1060 629 1105 687 di·
1160 635 1270 692 Omnes
1283 637 1383 692 tamen
1399 635 1509 709 quibus
1524 636 1667 709 prravalet
1681 653 1735 712 per
1750 637 1806 696 tria
1818 639 1891 698 vitia
1906 639 1985 697 vehe-

278 729 376 786 stricte
388 727 483 800 judex
497 724 704 798 delinquentes
718 723 812 792 feriat,
835 725 951 794 oportet
966 725 997 779 ut
1011 719 1105 776 mina·
1160 722 1310 781 mentibus
1323 723 1438 794 mergit.
1467 724 1610 782 Videlicet
1634 725 1708 784 alios
1738 743 1791 800 per
1804 727 1985 804 superbiam,

278 835 343 875 cem
356 815 493 888 ejusdem
511 812 621 886 judicis
650 812 827 870 sententiam
855 809 1064 874 extimeamus,
1079 812 1107 864 et
1160 827 1221 887 qua
1236 829 1266 868 sc
1294 812 1457 882 extollunt;
1490 812 1565 870 alios
1582 830 1635 886 per
1660 815 1902 892 luxuriamque
1932 818 1987 874 suis

278 911 384 964 contra
398 903 580 978 deceptionis
608 901 746 958 fraudem
769 900 907 973 ejusdem
930 898 1023 956 hostis
1038 913 1106 954 cau·
1160 900 1361 974 voluptatibus
1389 902 1540 965 serviunt:
1571 901 1646 960 alios
1676 919 1729 978 per
1756 905 1987 980 malitiamque

279 995 336 1052 tius
351 1011 386 1051 ac
401 991 552 1050 robustius
566 989 777 1058 consistamus,
794 989 862 1046 illus
877 989 931 1045 Job
951 987 1050 1059 majus
1065 990 1107 1042 at·
1161 1005 1232 1046 suos
1245 989 1398 1062 proximos
1413 994 1546 1060 gravent.
1565 991 1646 1048 Unde
1661 999 1689 1048 ει
1710 994 1804 1050 tribus
1817 994 1988 1052 nominibus

279 1084 454 1142 tendentes:
478 1081 606 1138 Verebar
620 1081 720 1145 ornain
733 1093 825 1150 opero
834 1093 909 1146 erico,
923 1077 1016 1134 sciens
1029 1075 1107 1148 quod
1161 1094 1197 1134 ειι
1210 1077 1282 1152 ιρειε
1295 1077 1390 1135 ιιιιιιιε
1407 1079 1574 1136 ιιειιοιιιιιιιε
1590 1081 1776 1155 appellatur:
1794 1081 1904 1140 scilicet
1918 1086 1987 1144 avis.

279 1191 339 1232 aon
349 1187 491 1244 parceres
502 1171 689 1243 delinquenti
699 1170 764 1240 (doh
780 1185 818 1238 ιιι,
830 1171 888 1237 28).
905 1169 938 1225 nt
953 1166 1022 1224 item
1038 1165 1108 1222 dicit
1162 1172 1190 1224 et
1205 1167 1473 1242 behemothquod
1489 1172 1533 1225 est
1562 1171 1744 1242 jumentum,
1761 1177 1789 1229 et
1820 1174 2012 1244 leviathan„

279 1261 451 1320 psalmista:
479 1259 636 1316 Maledicti
656 1260 708 1331 qui
735 1257 890 1316 declinant
915 1272 933 1312 a
958 1254 1107 1312 mandetis
1161 1257 1244 1330 quod
1263 1262 1307 1314 est
1328 1257 1429 1316 draco.
1461 1262 1491 1315 ln
1515 1259 1562 1316 his
1584 1276 1716 1335 namque
1744 1278 1821 1336 quos
1849 1277 1905 1336 pro
1938 1265 1990 1336 spi·

281 1353 338 1408 mis
353 1351 447 1420 (Psoi.
464 1364 566 1415 cxvrn,
582 1348 638 1419 il).
998 1417 1001 1426 ,
1162 1345 1318 1404 rititalibus
1333 1345 1377 1402 vel
1403 1347 1621 1420 temporalibus
1636 1348 1744 1406 divitiis
1758 1351 1788 1406 ιιι
1817 1351 1990 1424 superbiam

315 1444 345 1497 ll.
363 1438 493 1509 Singulis
509 1441 610 1494 autem
634 1435 808 1493 hominihus
833 1435 907 1492 vitiis
933 1433 1109 1492 convenies·
1163 1434 1267 1504 elevat,
1284 1433 1349 1492 avis
1376 1437 1429 1492 εει.
1457 1439 1487 1491 ln
1503 1435 1550 1492 his
1575 1453 1656 1506 vero,
1672 1454 1749 1512 quos
1776 1437 1815 1496 ad
1841 1437 1990 1497 luxuriam

279 1531 360 1587 tibus
375 1528 545 1587 insidiatur.
562 1526 643 1582 Prius
659 1525 739 1582 enim
752 1525 997 1597 conspersionem
1010 1523 1110 1580 unius-
1163 1526 1293 1592 enervat,
1309 1525 1479 1596 jumentum
1507 1529 1562 1581 est.
1580 1527 1611 1582 ln
1624 1525 1670 1582 ιιιε
1692 1542 1770 1599 quos
1796 1525 1836 1584 ad
1865 1527 1991 1585 nocendi

280 1619 428 1692 cujusquo
452 1614 602 1690 perspicit,
633 1619 661 1671 ει
689 1619 759 1672 tunc
787 1613 956 1672 tentationis
982 1613 1108 1686 laqueos
1129 1610 1306 1684 pmalitiam
1329 1610 1507 1681 inflammat,
1538 1613 1629 1670 draco
1659 1619 1712 1672 ast.
1740 1617 1771 1672 ln
1809 1615 1866 1672 illis
1894 1623 1991 1674 autem

280 1708 378 1765 eidem
419 1704 626 1778 conspersioni
661 1703 814 1776 proximos
847 1703 981 1778 opponit.
1009 1705 1108 1776 Neque
1163 1717 1240 1774 quos
1268 1699 1378 1774 pariter
1403 1717 1457 1774 per
1492 1703 1547 1759 tria
1576 1703 1640 1760 luae
1677 1705 1793 1776 mergit,
1821 1705 1991 1777 jumentum

281 1797 362 1855 enim
376 1793 463 1852 facile
475 1794 647 1868 captivaret,
675 1793 699 1849 si
714 1796 765 1850 aut
791 1793 949 1852 luxuriosis
973 1791 1108 1866 praemia,
1164 1789 1262 1858 simul,
1279 1793 1307 1847 et
1321 1788 1424 1858 draco,
1440 1795 1469 1847 ει
1482 1791 1546 1848 avis
1562 1796 1617 1848 est.
1633 1791 1761 1850 Maxima
1779 1798 1881 1850 ιειιιειι
1902 1795 1992 1852 virtus

282 1889 335 1943 aut
349 1883 448 1942 avaris
473 1887 572 1939 scorta
595 1885 784 1956 proponeret.
810 1882 838 1939 Si
860 1885 912 1938 aut
935 1896 1057 1938 voraces
1071 1877 1109 1936 de
1163 1881 1229 1951 ejus
1242 1879 1274 1936 in
1287 1879 1407 1936 luxuria
1421 1885 1473 1937 est.
1492 1881 1574 1938 Unde
1598 1881 1639 1938 ad
1653 1881 1776 1939 beatum
1799 1882 1854 1940 lob
1870 1883 1990 1941 dicitur:

282 1973 473 2034 absunemioe
487 1971 592 2044 gloria,
618 1974 670 2029 aut
682 1971 865 2029 abstinentes
876 1971 913 2028 dc
929 1970 1006 2044 guloe
1016 1969 1109 2027 imhe·
1163 1968 1321 2024 Fortitudo
1337 1969 1401 2038 ejus
1415 1968 1566 2025 ialambis
1579 1972 1645 2040 qus
1675 1971 1739 2042 (dod
1755 1987 1801 2035 ιιι,
1820 1973 1874 2043 lli.
1893 1973 1992 2030 videli-

282 2065 401 2122 cillitate
415 2061 560 2137 pulsaret.
571 2061 598 2119 Si
613 2061 700 2120 mites
714 2077 768 2135 per
778 2061 911 2118 studium
924 2060 1107 2126 certaminis,
1164 2061 1209 2114 cat
1220 2071 1348 2131 prosper
1362 2057 1523 2114 masculos.
1540 2058 1580 2115 m
1593 2061 1689 2116 virtus
1702 2059 1795 2124 iliius,
1814 2065 1941 2135 propter
1957 2061 1990 2118 ie·

281 2157 334 2212 aul
344 2150 622 2224 iracundcscaperc
631 2165 683 2223 ρει
697 2166 841 2222 pavorem
849 2149 1015 2208 formidinis
1029 2164 1109 2222 quae-
1163 2147 1272 2208 minas,
1299 2147 1330 2203 in
1341 2145 1482 2204 umbilico
1498 2149 1608 2204 centris
1624 2151 1688 2222 ejas
1701 2148 1799 2221 (loidi.
1817 2149 1871 2207 Ubi
1888 2155 1991 2208 notan-

280 2246 367 2300 rerat.
385 2239 442 2299 Sed
462 2243 496 2297 ut
509 2238 660 2296 efficacius
677 2239 707 2296 in
730 2254 785 2296 sua
812 2237 917 2295 fraude
940 2236 1107 2312 praevaleat,
1163 2235 1247 2304 dum,
1263 2235 1339 2308 quia
1350 2233 1491 2292 tortitudo
1502 2237 1566 2306 ejus
1590 2251 1651 2294 non
1666 2235 1775 2294 dicitur
1787 2253 1851 2294 εεεε
1873 2239 1905 2296 in
1923 2239 1992 2297 lum·

281 2349 317 2389 eo
332 2331 401 2389 vitio
415 2345 477 2405 quo
493 2345 562 2386 aum
578 2328 663 2386 citius
683 2344 903 2386 consensurum
917 2344 953 2385 ειι
968 2326 1109 2402 qualitate
1162 2322 1219 2392 his,
1236 2323 1284 2380 vel
1297 2323 1329 2380 in
1341 2322 1485 2381 umbilico
1495 2339 1599 2382 eorum
1615 2325 1667 2399 qui
1677 2331 1929 2398 prosternuntur:
1948 2330 1992 2386 sul

282 2420 375 2479 animi
389 2421 455 2492 ejus
469 2419 562 2484 novit,
578 2417 721 2491 explorat.
744 2417 816 2474 Hinc
830 2417 1045 2491 scriptumest:
1058 2417 1109 2471 Di·
1163 2411 1194 2468 in
1206 2410 1317 2468 lumbis
1331 2415 1359 2468 ct
1373 2411 1517 2470 umbilico
1532 2413 1628 2486 ipsius
1643 2414 1766 2488 diaboli,
1780 2417 1853 2489 quia
1864 2416 1991 2474 nimium

283 2509 397 2567 viditur
411 2514 499 2565 astus
513 2521 603 2577 snper
618 2511 729 2562 terrem
743 2506 809 2578 (ded
823 2521 947 2576 xxxvia,
962 2505 1018 2572 24).
1036 2503 1110 2572 Quia
1164 2501 1239 2557 sicut
1265 2499 1297 2557 in
1322 2499 1474 2557 Moralium
1500 2501 1576 2559 libro
1605 2519 1688 2561 xxxn
1716 2503 1902 2577 perhibetur,
1936 2505 1993 2578 ejus

283 2596 419 2655 videlicet
429 2596 461 2652 in
487 2595 545 2652 hac
559 2594 621 2650 vita
647 2594 816 2656 tentationis
844 2595 982 2653 ardorem
1003 2593 1109 2652 callide
1163 2588 1283 2664 proprie
1298 2603 1408 2662 corpus
1422 2588 1508 2660 fiunt,
1524 2591 1575 2665 qui
1590 2592 1617 2649 ει
1629 2606 1682 2666 ρει
1696 2591 1846 2651 luxuriam
1860 2611 1994 2653 succum·

284 2683 408 2756 singulis
419 2684 557 2754 ingerens
579 2682 665 2756 quasi
691 2687 797 2740 astum
820 2682 934 2752 dividit,
950 2683 1025 2742 dum
1037 2683 1109 2742 viei-
1164 2679 1248 2737 bunt.
1831 2701 1841 2716 =

282 2789 340 2831 nos
355 2771 490 2831 moribus
502 2771 627 2844 laqueos
642 2771 810 2830 abscondit.
825 2776 855 2838 ln
872 2771 928 2828 illis
942 2776 1043 2830 ιιιιιειιι
1057 2773 1109 2847 qui
1199 2769 1252 2826 llll.
1268 2769 1299 2826 ln
1312 2785 1374 2844 qua
1386 2775 1487 2828 tamen
1516 2770 1634 2828 luxuria
1658 2772 1810 2830 neminem
1835 2789 1937 2848 usque
1961 2775 1993 2832 ad

283 2863 349 2936 ejus
364 2861 511 2921 voluntati
539 2859 665 2932 subjecti
692 2865 770 2930 sunt,
794 2862 927 2935 quadam
955 2863 1110 2920 securitate
1164 2873 1345 2916 consensum
1371 2859 1488 2931 mergit,
1503 2859 1559 2916 nisi
1584 2876 1653 2918 eum
1668 2862 1721 2935 qui
1746 2861 1828 2934 prius
1853 2863 1886 2920 ιιι
1903 2865 1994 2921 oculs

283 2951 453 3026 perfruitum,
470 2951 544 3008 dum
572 2948 713 3006 cordibus
727 2965 832 3008 eorum
853 2949 942 3025 quasi
962 2949 1110 3024 superbus
1126 2979 1147 3035 c
1164 2945 1215 3004 Dei
1227 2945 1428 3021 superbiendo
1443 2947 1531 3004 cadit.
1562 2947 1649 3014 Quod
1665 2948 1694 3004 in
1712 2966 1743 3005 εε
1770 2951 1889 3024 ριιιιιιιε
1905 2953 1993 3008 homo

283 3057 336 3100 rex
351 3041 532 3099 inconcussa
546 3042 691 3114 potestate
705 3038 887 3098 dominatur.
905 3038 962 3097 Sed
977 3039 1001 3096 si
1024 3040 1110 3112 cuju·
1164 3035 1302 3106 ostendit,
1332 3035 1384 3110 qui
1416 3042 1578 3111 postquam
1616 3038 1819 3112 superbiendo
1849 3042 1993 3113 peccavit,

282 3130 468 3189 slibetmens
492 3127 532 3186 ad
549 3127 733 3187 desiderium
758 3127 924 3186 conditoris
948 3128 1109 3202 incalescit,
1163 3139 1235 3182 mcx
1249 3123 1390 3197 genitalia
1415 3125 1554 3183 mambra
1568 3126 1696 3184 erubuit.
1724 3130 1798 3185 Nam
1813 3129 1888 3202 quia
1904 3131 1994 3187 Deum

283 3221 307 3278 si
321 3219 528 3292 Redemptoris
545 3217 645 3290 gratia
662 3218 808 3287 meminit,
825 3222 854 3276 et
867 3218 959 3276 teneri
974 3219 1109 3292 captivus
1163 3213 1366 3288 superbiendo
1392 3215 1582 3289 connmpsit,
1612 3233 1683 3274 mox
1718 3217 1883 3277 esuhdita
1908 3235 1993 3278 carna

283 3309 393 3368 avitiis
406 3308 571 3366 erubescit:
589 3323 657 3363 eum
686 3307 765 3364 idem
781 3307 875 3364 hostis
897 3308 1065 3366 considerat
1078 3325 1109 3366 se
1162 3302 1299 3377 pralium
1316 3303 1540 3378 sumpsittlnde
1555 3305 1703 3380 propheta
1716 3323 1722 3362 :
1736 3307 1991 3380 Respoabediain-

282 3397 404 3471 despici,
434 3401 463 3452 et
486 3399 591 3452 contra
615 3411 647 3450 se
670 3395 857 3470 mancipium
883 3395 968 3469 quod
991 3395 1109 3454 dudum
1163 3393 1237 3466 quit,
1251 3394 1429 3466 emopaatm
1458 3395 1554 3450 lsrael
1569 3395 1601 3450 ia
1626 3395 1734 3465 faciem
1766 3397 1839 3468 (Osa.
1861 3413 1891 3465 v,
1915 3399 1954 3470 ὅ),
1967 3397 1992 3454 id

281 3483 458 3559 possederat
480 3483 576 3552 reniti,
593 3499 664 3541 mox
676 3483 707 3541 in
720 3483 801 3542 omni
818 3483 987 3541 tentationis
1001 3489 1063 3542 arte
1078 3500 1109 3542 se
1163 3485 1207 3538 est
1215 3497 1269 3554 ρει
1281 3482 1420 3540 morinum
1431 3481 1580 3557 superbia
1590 3481 1709 3540 latentis
1718 3483 1748 3542 in
1759 3488 1898 3559 apertam
1911 3486 1992 3544 luxu·

282 3574 403 3644 instigat
415 3591 421 3630 z
433 3588 514 3630 acne
529 3573 553 3628 is
565 3585 655 3646 quem
664 3572 840 3645 possederat
851 3571 890 3630 ab
901 3573 1109 3645 ejusdominio
1162 3571 1239 3628 riam
1254 3569 1360 3628 cadere
1374 3571 1562 3645 permittitur.
1570 3571 1625 3636 Qui
1640 3577 1673 3630 ut
1682 3573 1852 3632 ostenderat
1864 3575 1949 3649 quod
1962 3575 1991 3632 li·

281 3661 431 3731 liberetur,
441 3661 596 3735 multiplici
611 3661 717 3718 fraude
729 3661 1047 3719 decertatllincdehls
1057 3663 1109 3736 qui
1162 3658 1233 3716 bido
1248 3675 1284 3716 ex
1296 3658 1402 3717 merito
1417 3659 1564 3734 superbire
1589 3663 1759 3736 proruperit
1782 3663 1840 3720 ait:
1866 3665 1992 3735 Spiritus

281 3756 493 3810 convertuntur
508 3751 547 3811 ad
572 3767 622 3810 cor
646 3751 868 3826 scriptumest:
885 3753 1110 3811 Malediccntei
1160 3748 1373 3819 [ιιιιιιέειιοιιιε
1397 3749 1429 3804 ia
1442 3750 1537 3807 medie
1561 3766 1662 3808 eoram
1691 3751 1792 3822 (lota,
1809 3755 1849 3821 t).
1872 3753 1901 3810 Si
1917 3754 1991 3811 ειιιιιι

281 3843 334 3916 qni
350 3842 536 3901 maledicant
551 3841 620 3908 diei,
635 3841 688 3914 qai
698 3843 804 3912 parati
817 3844 1045 3900 suntsnscitare
1058 3843 1110 3900 Le·
1163 3838 1285 3911 spiritus
1309 3837 1456 3912 superbia
1488 3837 1545 3897 sub
1560 3840 1621 3896 Deo
1641 3841 1796 3914 premitur,
1820 3859 1894 3900 caro
1908 3859 1992 3918 super

281 3931 408 3990 viatica
424 3931 489 4004 (dod
504 3947 544 4000 ιιι,
556 3931 591 4003 8).
601 3929 702 3987 Eidem
717 3931 830 4004 quippe
840 3929 918 3988 hosti
931 3931 1108 3989 maledicere
1162 3926 1298 4002 spiritum
1314 3925 1412 3984 illicito
1435 3943 1497 3984 non
1517 3927 1662 3986 elevatur.
1694 3929 1836 4005 Quisquis
1863 3949 1935 4006 ergo
1950 3949 1991 3988 su·

280 4025 324 4079 est
338 4026 461 4094 peccata
475 4037 543 4095 quae
571 4021 704 4092 suggerit
718 4020 874 4079 exsecrari.
899 4020 956 4078 Sed
970 4021 1108 4096 quisquis
1162 4032 1255 4092 perna
1277 4017 1399 4091 appetit,
1427 4018 1450 4074 si
1475 4023 1580 4092 postea
1607 4019 1760 4094 voluptate
1787 4025 1991 4094 prosternimr,

279 4112 337 4168 hoc
350 4110 452 4169 iecerit
469 4110 627 4168 leviathan
653 4110 784 4180 suscitat,
797 4109 858 4184 qui,
882 4114 915 4166 ut
926 4109 1037 4169 dictum
1053 4117 1106 4174 est,
1162 4122 1224 4163 non
1238 4110 1308 4164 tnnc
1323 4123 1354 4163 sc
1365 4106 1478 4180 judicet
1489 4107 1610 4170 victum.
1628 4125 1698 4167 cum
1713 4114 1814 4184 aperta
1828 4121 1991 4186 superatur,

278 4200 309 4255 ιιι
325 4213 486 4272 ριειοιιιιιι
496 4197 737 4270 cordibus,quasi
747 4199 865 4270 quietus
878 4201 907 4254 et
913 4197 1027 4270 sopitus
1042 4198 1109 4254 der·
1162 4195 1235 4269 quia
1248 4199 1319 4253 tunc
1331 4195 1433 4269 utique
1449 4199 1517 4252 ante
1531 4196 1581 4252 Dei
1614 4196 1719 4256 oculos
1731 4198 1763 4256 ιιι
1776 4199 1873 4273 culpa
1886 4199 1994 4272 voragi-

278 4287 341 4344 mit.
356 4287 531 4360 Quicunque
545 4287 633 4358 igitur
647 4286 788 4343 divinitus
803 4291 1042 4360 respectusque
1058 4287 1107 4343 llai
1127 4300 1233 4386 Dnem
1248 4283 1363 4356 cecidit,
1379 4301 1449 4342 cum
1459 4300 1523 4341 sese
1539 4286 1616 4344 ultra
1631 4303 1725 4361 quam
1736 4287 1858 4347 deberet
1873 4289 1993 4348 efferens

281 4380 351 4432 sunt
363 4391 451 4447 agere
461 4375 621 4446 desiderat,
639 4375 800 4432 chiatban
815 4375 845 4432 in
861 4376 1022 4432 certamine
1035 4391 1107 4432 con·
1163 4374 1287 4432 latenter
1299 4375 1448 4433 intumuit.

279 4469 324 4520 tra
341 4479 372 4518 se
386 4467 541 4536 provocat,
555 4464 680 4536 ejusque
695 4462 840 4520 malitiam
852 4464 1108 4522 suaconversicne
1198 4463 1270 4520 Xlll.
1303 4464 1392 4536 igitur
1408 4465 1521 4524 malitia
1549 4467 1587 4524 nd
1611 4467 1764 4526 violentos
1779 4469 1918 4544 pertinet.
1943 4473 1994 4528 Su·

278 4551 456 4610 inflammat.
475 4555 533 4608 llec
550 4567 733 4626 magnopere
748 4569 820 4624 ergo
835 4552 984 4640 qupslihet
998 4569 1109 4628 pravos
1161 4552 1266 4627 perbis
1295 4569 1365 4612 vero
1401 4558 1429 4612 et
1455 4553 1584 4623 luxuria,
1620 4561 1681 4614 tam
1704 4557 1744 4615 ad
1778 4557 1874 4632 ipsos,
1903 4575 1993 4634 quam

277 4641 432 4716 inquietat,
449 4641 725 4716 quippequcsnon
752 4641 850 4699 solum
869 4656 923 4716 per
950 4642 1040 4714 mala,
1057 4643 1109 4702 sed
1162 4641 1307 4701 etiamad
1331 4641 1416 4712 alios,
1446 4643 1498 4716 qui
1525 4645 1674 4702 mansueti
1704 4645 1884 4722 plerumque
1898 4647 1994 4706 viden

277 4747 332 4804 per
347 4733 414 4805 ipsa
428 4747 551 4805 quoquc
565 4731 645 4789 hona
669 4747 771 4806 opera,
795 4747 863 4804 quos
882 4747 943 4788 non
959 4731 1110 4790 sinceriter
1163 4736 1218 4790 tur.
1232 4734 1306 4789 Nam
1321 4730 1351 4788 in
1362 4730 1434 4804 ipsis
1448 4732 1595 4790 mendicis
1612 4739 1639 4792 et
1650 4735 1851 4808 pauperrimis
1866 4737 1923 4796 ista
1934 4737 1992 4792 duo

278 4825 394 4891 gerunt,
411 4819 466 4876 sibi
483 4820 593 4877 servire
605 4820 749 4895 conspicit
760 4839 766 4890 ;
779 4819 831 4878 sed
842 4821 881 4878 ad
899 4823 991 4879 ileum
1005 4821 1108 4880 consu·
1163 4821 1235 4878 vitia
1249 4819 1348 4891 vigera
1363 4820 1467 4879 solent.
1485 4821 1575 4880 Elatic
1597 4838 1731 4898 namque
1746 4823 1889 4899 spiritum
1899 4825 1990 4897 erigit,

278 4909 426 4979 gientibus
442 4909 616 4966 innumeras
631 4909 756 4966 insidias
773 4909 875 4968 tendit.
1161 4909 1280 4967 luxuria
1304 4924 1427 4966 carnem
1449 4911 1621 4984 corrumpit.
1653 4913 1736 4971 Unde
1763 4917 1792 4970 al
1817 4915 1916 4972 isdem
1941 4931 1990 4971 ne-

312 5000 354 5053 lll.
393 4996 578 5063 Quihuslibet
603 5003 704 5055 autem
731 4999 832 5072 pravis
863 4999 944 5056 mala
969 5001 1110 5074 qualibet
1162 4998 1391 5073 quamspiritus
1406 4999 1462 5056 sub
1491 5000 1600 5058 umbra
1615 5007 1643 5059 ει
1658 5002 1816 5061 ιιιεεειειο
1833 5005 1948 5072 calami,
1965 5006 1991 5058 ει

277 5090 378 5160 aperte
405 5086 553 5157 suggerit,
574 5087 679 5160 eisque
692 5087 774 5145 velut
788 5087 985 5146 familiaribus
999 5088 1108 5162 iniqui·
1162 5089 1193 5144 in
1206 5087 1279 5144 locis
1293 5087 1489 5146 humentibus
1505 5089 1637 5148 dormire
1647 5091 1829 5165 perhibetur.
1847 5093 1989 5161 Quoniam

276 5180 351 5234 tates
365 5174 551 5232 manifestius
575 5175 716 5240 insinuat,
738 5181 770 5234 ιιι
785 5178 911 5235 scienter
931 5183 1023 5249 agant
1040 5194 1108 5252 quie
1163 5194 1214 5235 eos
1225 5193 1303 5251 quos
1317 5176 1712 5252 decipit,primcacharitate
1725 5182 1832 5240 Christi
1843 5180 1990 5258 teperclla-

275 5267 358 5324 mula
372 5281 439 5323 essa
453 5280 515 5323 non
541 5265 689 5338 ignorant.
718 5267 806 5326 Bonis
822 5283 893 5338 ergo
910 5266 990 5324 velut
1014 5272 1109 5325 extra·
1163 5266 1209 5325 cit.
1226 5269 1300 5324 Tum
1326 5283 1396 5323 vero
1427 5283 1481 5340 per
1506 5267 1748 5343 elationemque
1777 5287 1831 5344 per
1843 5273 1990 5330 calamum

276 5358 340 5414 nais
355 5358 481 5415 latenter
509 5357 677 5426 insinuans,
697 5358 779 5415 mala
804 5374 871 5431 quas
905 5356 1024 5430 publice
1046 5373 1109 5415 non
1162 5357 1234 5414 ioris
1248 5355 1371 5430 quidem
1386 5356 1540 5428 nitentem,
1552 5358 1604 5414 sed
1618 5357 1699 5415 intus
1712 5375 1843 5418 vacuum
1857 5361 1992 5430 designa·

275 5445 457 5512 valei,tccta
486 5445 723 5500 subintroducit:
750 5449 781 5502 nt
795 5446 846 5518 ιριι
875 5447 960 5500 rua'is
982 5461 1107 5502 consen·
1163 5450 1220 5516 tur,
1237 5445 1293 5501 sibi
1306 5461 1357 5501 cos
1373 5445 1524 5517 subjugat.
1541 5447 1652 5504 Deinde
1666 5465 1720 5522 ρει
1745 5449 1886 5520 genitalia
1900 5465 1990 5506 ιιιειιι-

278 5534 330 5590 tire
345 5535 506 5606 refugiunt,
522 5535 554 5590 in
583 5535 670 5591 bonis
689 5534 844 5607 auttcpidi
864 5533 932 5603 sint,
949 5535 1108 5593 autnimio
1162 5537 1227 5610 bra,
1257 5551 1323 5608 ques
1348 5533 1416 5592 loca
1442 5536 1597 5594 humentia
1624 5537 1840 5612 intelliguntur,
1869 5537 1907 5596 ed
1931 5543 1993 5592 tur

276 5621 339 5680 zelo
353 5621 480 5678 modum
507 5622 662 5680 excedent.
689 5624 769 5688 Quos
791 5621 968 5697 plerumque
984 5625 1105 5695 gravius
1163 5625 1330 5700 piludinem
1362 5627 1531 5698 prosternit.
1568 5628 1644 5684 Sane
1667 5627 1720 5702 qui
1750 5627 1798 5686 vel
1829 5628 1892 5686 haec
1926 5625 1992 5682 dno
