4156 6182
162 163 194 217 l't
658 161 928 219 Phocaeorum.
952 189 986 198 -
1008 155 1161 214 eiecturi
1188 159 1215 216 S.
1238 159 1379 218 ODONlS.
1845 163 1880 218 te

198 289 241 341 tr.
261 283 339 340 inter
353 299 427 350 naec,
444 282 723 358 Odonepraescrtim
739 283 857 343 abbate.
878 281 991 338 Jlunia-
1007 281 1032 337 Α
1047 283 1076 337 ct
1102 297 1138 338 ex
1161 280 1208 336 his
1232 283 1291 337 tres
1314 280 1429 353 priores
1457 281 1535 338 albis
1566 281 1675 350 amicti,
1703 294 1784 339 unus
1811 283 1879 357 qui-

160 389 230 430 cnm
246 387 336 448 super
348 373 450 431 omnia
460 373 599 430 coenobia
609 379 700 447 eaput
708 373 811 431 extulit
821 373 915 430 lamat
926 371 993 428 reli-
1048 369 1118 427 dam
1130 369 1259 427 lamnam
1280 385 1361 444 aqua
1382 370 1561 428 nitidissima
1580 372 1807 446 conspergebat,
1830 371 1880 430 alii

161 463 271 535 gionis,
288 479 380 536 quam
395 463 458 520 0do
473 468 541 535 post
553 466 719 521 Bernonem
731 463 845 522 ibidem
854 461 990 520 instituit.
1047 457 1109 515 duo
1129 457 1269 515 hostiain
1285 481 1299 509 «
1306 458 1487 516 ferramento
1509 455 1714 518 characterato
1733 483 1747 510 »ι
1764 477 1880 536 coque-

161 552 303 610 Fervebat
317 568 353 608 eo
373 551 404 608 in
431 551 498 610 loco
516 552 660 610 virtutum
676 553 837 622 emulatio,
857 551 991 610 studium
1046 546 1130 605 bant.
1152 549 1245 604 Tanta
1259 547 1314 604 crit
1335 547 1577 604 cluniacensium
1601 550 1821 608 monachorum
1848 551 1880 606 iu

160 643 191 699 iu
219 657 265 697 res
288 656 400 712 sacras,
427 641 539 712 regulae
563 647 703 699 accurata
722 641 902 709 observatio,
920 639 991 696 cha·
1048 635 1264 694 Eucharistiam
1279 635 1375 711 pietas
1387 652 1423 693 ac
1436 636 1600 693 veneratio.

160 733 232 788 ritas
253 729 283 786 51¹
312 745 473 804 pauperes»
490 731 566 789 ⁸d0⁰
580 737 612 788 1¹²
631 753 645 782 ¹⁴
662 731 877 805 Septemdessiffl
897 727 992 786 mim&
1084 743 1126 799 18.
1142 746 1208 800 lam
1222 760 1294 801 vcro
1319 745 1349 800 in
1372 743 1560 816 regularibus
1582 741 1688 800 officiis
1702 759 1764 800 non
1781 745 1881 803 minor

159 835 329 894 pauperum
361 819 392 876 in
424 819 519 894 capiis
550 819 795 893 Quadrassesimoe
821 835 884 876 uno
910 831 991 874 ³1111⁰
1045 830 1215 905 disciplina.
1239 831 1393 890 Silentium
1420 833 1492 905 juge
1516 831 1655 902 interdiu,
1680 835 1771 888 noctu
1803 833 1880 891 adeo

159 908 241 984 apud
269 907 446 965 cluniacum
468 908 692 983 eleemosynam
706 909 877 975 habuerint,
894 911 923 963 ei
936 906 991 962 du-
1045 933 1176 992 sacrum,
1206 924 1240 975 ui
1265 919 1338 976 fflud
1368 925 1436 978 ante
1463 919 1595 976 Primam
1621 917 1728 976 violari
1754 919 1880 977 omnino

158 1003 260 1056 oenus
287 998 509 1071 quinquaginta
538 1013 649 1071 Pffl'ssas
676 997 853 1072 aecipelini·
879 1020 893 1047 ”
917 999 990 1052 ῐθῦῐθ
1043 1007 1188 1066 ducerent
1204 1007 1302 1072 nefas,
1316 1015 1503 1084 mortemque
1523 1010 1623 1084 ipsam
1637 1009 1737 1082 potius
1756 1013 1879 1083 appete-

158 1087 297 1146 Udalrico
310 1087 342 1142 in
356 1087 408 1144 lib.
424 1105 455 1144 ιιι
474 1087 734 1146 consuetudinum
749 1085 989 1146 cluniacensium
1042 1101 1118 1154 rent,
1135 1097 1209 1154 Hinc
1229 1097 1340 1155 100ufi0
1354 1115 1408 1172 pe,
1425 1099 1520 1170 signu,
1537 1115 1605 1172 quae
1620 1103 1722 1156 umen
1741 1113 1803 1155 non
1816 1113 1879 1156 om.

160 1196 227 1254 cap·
245 1182 287 1234 li·
314 1177 391 1243 Quin
415 1177 504 1235 eliam
529 1178 593 1235 sedi
621 1177 803 1260 apostoliae¹
821 1175 989 1233 subsidium
1042 1184 1116 1242 nino
1139 1184 1278 1259 probavit
1306 1187 1401 1258 Guigo
1431 1186 1592 1244 cnutusie
1627 1186 1711 1261 prior
1742 1186 1877 1260 quintus,

159 1271 224 1326 hece
255 1271 364 1328 domus
398 1267 526 1342 prebuit
555 1283 617 1324 non
649 1267 751 1336 semel,
786 1266 870 1324 haud
903 1281 990 1322 secus
1042 1273 1239 1348 quantumvis
1266 1280 1294 1332 et
1317 1274 1382 1349 ipse
1403 1274 1519 1332 silentio
1540 1273 1686 1344 addictus,
1710 1298 1724 1325 «
1741 1273 1877 1333 sufficere

159 1363 248 1432 alque
280 1372 441 1416 commune
474 1355 630 1429 quoddam
664 1355 795 1412 ecclesi&
823 1355 987 1412 aerdrillm:
1042 1367 1154 1435 putans
1177 1363 1312 1434 linguam
1326 1363 1433 1434 solam,
1459 1379 1520 1420 non
1539 1363 1630 1420 etiam
1651 1367 1772 1421 gaetgros
1796 1369 1878 1422 artus

157 1450 258 1504 Petrus
271 1445 450 1504 venerabilis
462 1449 575 1502 auctor.
591 1444 673 1501 ltitus
687 1444 822 1517 plerique
837 1443 990 1516 desumpti
1043 1449 1175 1508 reatibus
1189 1451 1342 1525 implicare
1358 1451 1512 1525 loquendi,
1535 1475 1549 1502 c
1564 1455 1598 1508 ut
1611 1450 1675 1526 ipse
1697 1452 1729 1507 in
1749 1453 1878 1510 Statuto·

158 1535 197 1592 ab
226 1536 337 1593 Euticio
363 1535 492 1591 abbate:
526 1533 624 1589 certari
653 1549 671 1589 a
699 1535 843 1604 Bercone,
874 1532 988 1603 odone,
1043 1543 1142 1596 torum
1172 1555 1239 1614 cap.
1263 1541 1309 1608 31,
1336 1539 1477 1614 loquitur,
1503 1539 1547 1596 Ab
1576 1539 1678 1596 mrbus
1702 1541 1878 1598 Novembris

157 1625 282 1700 aliisque
306 1625 399 1682 additi
426 1627 505 1680 sunt.
534 1621 664 1679 Eutieius
688 1637 750 1680 non
772 1621 848 1679 clius
871 1621 989 1678 videtur
1006 1627 1229 1686 Bmeditationi
1255 1629 1387 1686 seniores
1411 1632 1481 1703 post
1506 1631 1669 1686 nocturnos
1697 1629 1728 1685 in
1754 1629 1879 1688 ccclesia

157 1731 252 1789 quam
273 1714 447 1772 Benedictus
472 1712 660 1780 anianensis,
681 1712 734 1786 qui
761 1717 895 1768 veterum
922 1725 988 1768 mo·
1042 1716 1204 1786 vacabant,
1219 1717 1294 1774 dum
1315 1717 1400 1791 pueri
1412 1715 1513 1775 cantui
1532 1732 1657 1789 operam
1672 1715 1827 1774 navabant
1846 1717 1879 1775 in

157 1804 326 1861 nachorum
366 1802 501 1859 institute
549 1801 676 1874 collegit,
710 1801 832 1875 suisque
868 1800 988 1858 imitan-
1044 1806 1189 1879 capitulo.
1218 1809 1300 1880 Opus
1335 1823 1483 1864 manuum
1513 1822 1583 1863 cum
1615 1805 1743 1880 psalmis
1775 1805 1877 1878 fiebat,

158 1893 198 1952 da
217 1893 382 1968 proposuit.
410 1894 452 1948 Ex
471 1891 517 1948 his
546 1891 652 1948 ritibus
683 1891 845 1949 nonnullos
877 1890 990 1947 delibat
1043 1893 1240 1968 proclamatio
1256 1895 1414 1968 culparum
1433 1898 1497 1952 erat
1518 1895 1549 1951 in
1563 1911 1632 1952 usu.
1648 1895 1719 1952 Post
1741 1895 1878 1969 Comple-

157 1987 287 2040 loanues
300 1983 331 2040 in
355 1981 407 2038 lib.
421 1999 441 2051 1,
459 1997 543 2038 num.
566 1985 612 2052 23,
628 1981 793 2056 presertim
813 1997 898 2038 uum.
913 1985 947 2038 30
961 1985 991 2038 ct
1045 1984 1154 2040 terium
1168 1983 1302 2058 hospites
1317 2000 1379 2041 non
1403 1983 1647 2055 admittebantur,
1662 1999 1718 2041 nec
1733 1983 1878 2042 iratribus

158 2071 364 2146 sequentibus.
379 2069 989 2144 Quidamadcfficiumdirinum,quidam
1044 2072 1224 2130 comedendi
1248 2073 1437 2132 tribuebatur
1465 2073 1600 2130 facultas.
1631 2073 1751 2144 insigne
1779 2089 1879 2130 exem·

158 2161 198 2217 ad
213 2160 382 2230 regularem
397 2157 586 2231 disciplinam
603 2163 631 2215 et
649 2159 773 2215 virtutes
786 2159 988 2227 monasticas;
1043 2160 1129 2234 ptum
1145 2161 1300 2218 Udalricus
1317 2162 1355 2218 de
1375 2161 1528 2219 cellerario
1546 2161 1645 2230 refert,
1660 2161 1714 2235 qui
1733 2177 1803 2219 cum
1816 2165 1879 2220 tota

158 2249 254 2306 eaeteri
271 2248 311 2306 ad
335 2246 543 2304 educationem
562 2247 710 2319 juvenum
725 2246 913 2320 aliorumque
928 2247 989 2307 ins·
1044 2248 1091 2305 die
1110 2248 1142 2305 in
1156 2248 1328 2322 recipiendo
1347 2249 1418 2305 vinc
1437 2249 1542 2306 luisset
1555 2253 1730 2324 occupatus,
1750 2251 1877 2324 permis·

158 2337 326 2394 titutionem
352 2335 551 2410 pertinebant.
575 2337 685 2392 Omnes
711 2335 866 2392 Udalricus
882 2351 988 2394 mona·
1044 2353 1112 2394 sum
1126 2341 1198 2412 post
1211 2337 1444 2412 completorium
1459 2337 1568 2394 edendi
1581 2338 1741 2410 impetrare
1756 2338 1795 2395 ab
1823 2337 1878 2396 ab·

158 2424 232 2480 chus
248 2429 381 2492 sanctus,
397 2429 466 2498 post
487 2423 672 2480 bernardum
697 2422 834 2496 ejusdem
856 2423 914 2480 loci
929 2440 989 2482 ece·
1042 2426 1112 2484 bate
1126 2441 1189 2483 non
1203 2426 1308 2500 potuit.
1321 2425 1432 2483 Eadem
1442 2425 1474 2482 in
1488 2423 1594 2483 officiis
1605 2423 1714 2482 divinis
1723 2426 1877 2504 severitas·

157 2511 303 2584 achitam,
322 2516 460 2569 accurate
484 2511 625 2568 describit
648 2511 742 2568 tribus
761 2511 857 2582 libris,
875 2513 928 2586 qui
948 2511 988 2569 ab
1043 2518 1140 2572 iturus
1154 2513 1245 2582 loras,
1260 2518 1289 2572 ct
1309 2529 1423 2588 equum
1437 2529 1510 2572 mox
1532 2529 1724 2586 ascensurus,
1743 2514 1768 2570 si
1787 2513 1877 2572 officii

162 2603 289 2659 acherio
314 2607 418 2659 nostro
450 2602 529 2676 typis
555 2601 666 2672 vulgati
692 2601 817 2658 suntin
844 2601 990 2676 spicilegii
1044 2603 1164 2676 signum
1183 2603 1375 2670 insonuisset,
1391 2603 1430 2660 ad
1444 2601 1518 2660 illud
1533 2618 1694 2678 properare
1708 2603 1875 2661 tenebatur.

160 2697 243 2748 tomo
258 2691 306 2748 1V.
322 2693 354 2748 ln
382 2691 459 2748 libro
476 2692 575 2765 primo
597 2689 695 2762 agitur
715 2691 752 2746 dc
774 2691 943 2766 psalmodia
962 2695 992 2750 et
1046 2693 1085 2748 lle
1096 2691 1218 2766 jejuniis
1226 2692 1256 2748 id
1267 2691 1327 2749 lere
1335 2692 1512 2750 servabatur
1523 2691 1878 2766 quodpraecipitsanctus

158 2783 322 2838 missarum
338 2781 499 2850 solemniis,
514 2781 612 2853 deque
626 2781 717 2838 variis
732 2781 802 2838 anni
817 2781 991 2838 celebritati·
1045 2780 1231 2836 Benedictus.
1248 2779 1294 2838 ab
1309 2779 1411 2837 idibus
1426 2779 1609 2853 Septembris
1622 2794 1685 2836 una
1698 2783 1816 2836 tantum
1831 2793 1879 2834 co-

161 2871 219 2927 bus
232 2891 239 2927 :
254 2871 285 2928 in
308 2871 442 2927 secundo
457 2871 495 2928 dc
516 2870 674 2942 disciplina
690 2869 839 2940 regruau:
860 2871 890 2926 in
906 2869 991 2927 tertio
1044 2867 1160 2938 mestio,
1181 2868 1239 2924 nisi
1260 2870 1291 2924 in
1311 2869 1392 2925 iestis
1416 2867 1578 2925 duodecim
1594 2867 1780 2936 lectionum,
1799 2870 1828 2922 et
1845 2865 1878 2922 in

161 2961 198 3016 dc
220 2959 409 3016 officialibus.
424 2963 504 3016 liuas
518 2962 626 3015 missas
642 2958 792 3016 solemnes
815 2959 845 3014 in
867 2959 930 3016 dies
945 2975 991 3015 ee·
1010 2957 1157 3034 goetavis
1177 2957 1287 3014 Natalis
1309 2956 1427 3014 Domini
1452 2961 1482 3013 ot
1498 2955 1672 3028 Epiphania
1700 2955 1821 3030 duplex.
1845 2954 1879 3011 ln

156 3048 267 3106 lebrarl
279 3064 346 3106 mos
356 3052 432 3105 erat:
445 3048 568 3121 privatis
581 3048 683 3114 sacris,
694 3048 751 3104 nisi
762 3052 844 3105 extra
854 3047 991 3104 divinum
1045 3045 1102 3106 illis
1124 3045 1205 3102 iestis
1220 3044 1381 3102 duodecim
1402 3043 1564 3100 lectionum
1579 3047 1648 3116 post
1666 3043 1830 3116 prandium
1851 3045 1880 3098 et

156 3135 290 3194 officium
303 3143 331 3194 ct
342 3137 491 3208 majorem
501 3137 636 3204 missam,
650 3136 768 3210 operari
774 3135 885 3208 religio.
894 3135 993 3203 Quoti-
1045 3135 1204 3192 tectionem
1217 3133 1249 3190 in
1272 3133 1414 3202 elaustro,
1429 3131 1510 3189 dicte
1522 3135 1617 3200 Nona,
1629 3131 1729 3188 ibatur
1742 3132 1774 3188 iu
1788 3129 1880 3187 reice·

156 3225 204 3282 die
220 3241 291 3282 suas
305 3225 559 3298 quisquehostias
574 3241 611 3282 ea
625 3224 766 3282 alterutro
781 3225 873 3281 choro
888 3223 992 3281 offere·
1046 3223 1155 3282 torium
1183 3223 1223 3281 ab
1245 3221 1436 3279 bibendum:
1465 3221 1496 3278 in
1519 3220 1627 3277 diebus
1648 3219 1782 3294 privatis,
1810 3223 1880 3294 post

155 3313 229 3371 bant
240 3315 372 3370 :temetsi
381 3313 517 3388 quinque
525 3318 640 3370 tantum
649 3313 755 3370 diebus
764 3313 923 3370 Dominicis
931 3317 990 3370 tres
1047 3315 1179 3387 Vespera
1192 3312 1288 3381 lectio,
1304 3311 1374 3369 inde
1388 3311 1557 3386 pergebant
1580 3309 1612 3366 in
1633 3309 1825 3367 relectorium
1837 3309 1879 3367 ad

156 3403 268 3460 feriatis
279 3403 562 3460 communicabant:
575 3403 673 3459 crateri
688 3403 801 3459 hostias
816 3402 990 3460 benedictas
1043 3401 1222 3475 bibendum,
1237 3406 1341 3475 postea
1351 3401 1460 3458 iterum
1474 3399 1572 3470 lectio,
1590 3399 1660 3456 inde
1678 3397 1798 3456 collatio
1815 3399 1878 3473 spi-

156 3491 321 3549 inmodum
334 3491 881 3564 eulagiarumanteccmuncmcibum
894 3509 991 3549 sume-
1043 3491 1145 3549 ritulis.
1166 3491 1307 3565 reliquie
1330 3490 1419 3564 panis
1438 3494 1467 3547 et
1488 3489 1551 3546 vini
1572 3487 1612 3546 ab
1635 3487 1878 3560 eleemosynario

155 3579 242 3638 bant.
259 3581 291 3636 tn
311 3580 410 3636 missis
426 3579 637 3636 detunctorum
654 3579 840 3636 solemnibus
855 3585 944 3654 atque
960 3581 990 3637 in
1044 3580 1074 3637 in
1086 3580 1201 3653 pedites
1215 3579 1389 3654 peregrinos
1404 3577 1616 3650 erogabantur.
1632 3579 1777 3634 Praemrea
1794 3579 1878 3633 octo·

158 3668 255 3726 triduo
287 3669 486 3740 Rogationum
515 3673 639 3741 uterque
668 3669 777 3724 chorus
804 3668 988 3726 oblationem
1043 3668 1140 3725 decim
1151 3683 1301 3742 pauperes
1315 3667 1449 3742 quotidie
1462 3666 1545 3741 apud
1556 3665 1733 3724 Cluniaeum
1749 3663 1822 3721 aliti.
1836 3665 1879 3722 lla

157 3755 293 3814 iaciebat.
301 3757 333 3812 ln
345 3757 514 3828 majoribus
524 3756 615 3813 sacris
628 3755 775 3813 diaeonus
784 3772 990 3830 sempereom·
1044 3773 1116 3814 vero
1147 3762 1210 3814 erat
1246 3757 1308 3813 vini
1336 3755 1536 3830 parcimonia,
1556 3759 1589 3812 ut
1614 3776 1629 3806 ιι
1649 3757 1717 3811 octo
1744 3752 1878 3810 carradae

158 3845 331 3902 manicabat
341 3861 378 3902 ex
390 3845 488 3902 hostia
499 3845 663 3903 sacerdotis
676 3866 682 3902 :
698 3845 905 3902 subdiaconus
916 3861 989 3902 non·
1042 3847 1104 3902 vini
1117 3847 1280 3920 plusquam
1293 3845 1414 3918 triginta
1428 3843 1569 3902 tratribus
1578 3859 1632 3917 per
1644 3858 1759 3900 annum
1770 3843 1801 3899 in
1815 3857 1879 3898 mo-

157 3933 266 3988 nisiex
281 3931 346 3988 aliis
361 3933 475 3988 hostiis.
493 3933 820 3990 Communicomnibus
835 3933 990 4006 praebeba·
1043 3935 1175 3992 nasucio
1205 3935 1361 3994 charitatis
1387 3933 1567 4000 suffecerint,
1595 3931 1678 4006 apud
1706 3931 1878 3989 Udalricnm

158 4026 205 4076 tur
216 4021 247 4075 in
263 4019 362 4075 triduo
376 4021 585 4076 antecessus:
599 4019 990 4092 quiSabbatosanctcante
1044 4023 1074 4078 in
1089 4023 1141 4080 lib.
1157 4039 1200 4095 ru,
1221 4039 1287 4096 cap.
1305 4028 1316 4078 t
1336 4039 1343 4077 :
1361 4021 1407 4077 Ad
1422 4022 1487 4077 hcc
1502 4038 1539 4077 ex
1560 4021 1656 4077 sancti
1670 4021 1782 4078 Odonis
1800 4035 1877 4092 prcc-

157 4108 303 4180 majorcm
315 4107 442 4164 missam
454 4107 593 4180 privatim
604 4107 754 4164 celebrare
767 4108 897 4174 volebat,
911 4125 989 4164 cnon
1045 4110 1630 4182 scripto,jcjuniumquatuortemporum
1638 4108 1879 4179 menseSeptem·
1949 4179 1954 4186 Ι

157 4196 295 4254 utebatur
314 4195 451 4262 candela,
467 4196 539 4268 quia
561 4211 658 4252 novus
682 4195 760 4267 iguis
775 4195 912 4252 nondum
927 4201 990 4252 erat
1044 4198 1100 4269 bri,
1113 4197 1166 4254 nbi
1178 4197 1243 4253 dies
1254 4195 1442 4253 exaltationis
1455 4200 1566 4252 sancte
1581 4194 1683 4254 Crucis
1696 4199 1804 4269 quarta
1815 4210 1879 4251 sex·

156 4289 375 4343 consecratus.»
392 4284 450 4343 Sed
464 4285 494 4340 in
504 4285 551 4340 his
565 4284 638 4340 nihil
651 4284 739 4357 majis
752 4283 989 4343 consideratione
1007 4330 1029 4382 D
1045 4294 1110 4347 tave
1124 4287 1198 4344 laria
1207 4293 1260 4344 aut
1276 4287 1405 4344 sabbato
1415 4285 1601 4356 occurrebat,
1611 4285 1643 4343 in
1657 4301 1694 4344 ea
1708 4287 1879 4360 septimana

157 4374 294 4446 dignum,
312 4390 405 4448 quam
424 4373 508 4447 quod
523 4373 560 4429 de
573 4375 757 4430 coniectione
770 4373 937 4431 hostiarum
949 4374 989 4432 le·
1044 4376 1253 4450 peragebatur,
1268 4399 1282 4426 ιι
1298 4379 1332 4433 ut
1346 4391 1420 4432 crux
1432 4391 1450 4434 a
1461 4375 1591 4448 jejeunis
1605 4375 1791 4433 adoraretur.
1803 4395 1818 4430 r
1832 4380 1878 4433 An

157 4463 235 4534 gitur
247 4463 277 4520 in
294 4463 345 4520 lib.
361 4480 401 4530 ur,
414 4479 480 4538 cap.
506 4465 547 4520 13.
568 4463 684 4538 Quippe
698 4464 882 4521 trumentum
896 4486 910 4514 α
923 4480 989 4535 gra·
1044 4471 1146 4524 autem
1165 4465 1229 4523 0do
1251 4465 1408 4522 medicinae
1431 4481 1522 4521 usum
1544 4465 1684 4522 iratribus
1711 4464 1876 4535 indulserit,

156 4551 250 4609 naum
264 4551 439 4622 eligebatur,
455 4556 483 4608 et
507 4551 666 4608 lavabatur
677 4551 811 4608 studiose
838 4567 892 4625 per
905 4553 988 4626 ipsos
1043 4553 1181 4611 dubitare
1202 4553 1270 4611 licet
1292 4569 1329 4609 ex
1358 4553 1481 4610 loannis
1508 4551 1560 4611 lib.
1583 4567 1614 4611 u.
1640 4569 1725 4610 num.
1750 4557 1793 4622 rt,
1815 4554 1877 4610 imo

158 4639 271 4698 iratres.
289 4663 303 4690 n
318 4640 519 4710 colligebatur
531 4639 640 4697 deinde
653 4641 684 4698 in
695 4641 831 4698 seculum
848 4641 988 4700 «adhoc
1043 4649 1072 4700 et
1094 4661 1131 4701 ex
1154 4645 1231 4700 Petri
1255 4642 1441 4700 Venerabilis
1461 4641 1513 4699 lib.
1533 4659 1571 4711 vr,
1597 4641 1724 4716 epistola
1746 4645 1789 4699 39.
1807 4645 1877 4700 Car·

158 4729 257 4786 solum
271 4733 457 4786 reservatum
471 4749 486 4783 ι
502 4733 565 4786 tum
580 4733 732 4802 portatum
745 4729 784 4786 ad
801 4730 987 4788 molendium
1043 4733 1219 4801 thusienses,
1236 4735 1314 4789 texta
1329 4731 1462 4802 Guigone
1476 4731 1508 4794 in
1530 4747 1598 4804 cap.
1614 4735 1659 4803 39,
1682 4729 1876 4803 «medicinis,

157 4833 176 4874 a
198 4817 312 4876 iamulo
326 4819 463 4892 probato,
478 4818 531 4891 qui
552 4819 665 4876 molam
681 4819 801 4876 lavabat
816 4825 988 4894 utramque,
1043 4825 1168 4893 excepto
1184 4819 1317 4877 cauterio
1338 4823 1367 4876 ct
1388 4819 1545 4890 sanguinis
1560 4817 1738 4890 minutione,
1754 4833 1877 4892 perraro

158 4907 371 4982 operiebatque
398 4931 412 4958 ιι
429 4923 552 4964 sursum
574 4913 603 4964 et
617 4907 760 4966 deorsum
774 4910 906 4980 cortinis,
923 4934 937 4960 »
954 4927 990 4967 ac
1043 4909 1232 4966 utebantur.»
1240 4909 1448 4966 uinuehantur
1459 4923 1550 4982 porro
1565 4908 1596 4964 in
1609 4923 1691 4966 anno
1705 4909 1876 4984 quinquies.

159 4995 292 5068 scipsum
301 4995 989 5072 albainducbat,amictuiaciemprrcturoculos
1042 4997 1131 5072 Apud
1141 4997 1877 5072 eluniecenscsprocedentercmporcsuequoque

158 5085 318 5158 operiente.
334 5087 446 5144 Eadem
470 5085 758 5157 religionccribratra
769 5087 875 5157 lerina,
890 5089 988 5147 cribro
1042 5101 1146 5142 mense
1160 5085 1314 5156 assignata
1328 5089 1392 5142 crat
1410 5085 1571 5143 minutioni
1591 5085 1673 5156 ἀίεις
1690 5101 1752 5160 quo
1772 5087 1831 5143 ritu
1845 5083 1877 5140 id

156 5173 314 5246 diligenter
328 5175 441 5232 abluto.
460 5175 531 5232 ticin
555 5176 653 5246 major
672 5175 803 5233 ccclesiae
828 5182 942 5248 custos,
964 5179 988 5235 si
1042 5173 1125 5230 fieret
1148 5174 1236 5230 docet
1260 5173 1413 5230 Udalricus
1438 5173 1470 5230 in
1492 5173 1545 5230 lib.
1568 5189 1602 5244 u,
1628 5191 1694 5249 cap.
1716 5173 1761 5230 21.
1783 5171 1876 5230 hlinu·

158 5263 297 5320 sacerdos
337 5269 399 5322 erat
437 5271 488 5323 aut
539 5263 695 5334 diaconus,
747 5265 862 5338 reliqua
899 5266 988 5339 perti·
1043 5261 1118 5319 tiore
1132 5263 1197 5319 heac
1210 5263 1303 5320 mitto.
1316 5261 1431 5335 ltajorie
1440 5263 1586 5321 momenti
1598 5267 1645 5320 est
1656 5263 1688 5319 id
1697 5260 1781 5334 quod
1793 5262 1877 5336 apud

157 5354 264 5414 ciebat.
303 5353 425 5410 duobus
462 5353 527 5411 aliis
560 5355 699 5427 ejusdem
745 5355 860 5411 ordinis
898 5361 988 5430 atque
1043 5351 1184 5408 cumdem
1202 5351 1373 5409 Udalricum
1389 5351 1498 5423 legitur
1520 5351 1559 5408 de
1573 5349 1751 5408 educatione
1765 5365 1875 5425 puero·

156 5453 218 5494 uno
244 5453 391 5495 converso
420 5437 582 5495 adhibitis:
612 5439 637 5495 si
664 5455 724 5496 non
758 5439 899 5496 sacerdos
939 5445 992 5498 aut
1043 5457 1130 5497 rum:
1148 5439 1288 5514 Quippe«
1300 5439 1420 5498 ditllcile
1440 5439 1627 5513 tieripotest,
1640 5441 1674 5495 ut
1695 5439 1774 5498 ullus
1795 5440 1874 5510 regis

157 5527 317 5596 decenus,
365 5526 511 5583 vicarium
556 5529 764 5600 substituebat.
808 5531 841 5585 tii
881 5535 991 5604 quator
1043 5527 1123 5585 tilius
1137 5530 1253 5602 majore
1267 5529 1421 5601 diligentia
1434 5525 1628 5584 nutrieturin
1641 5529 1765 5602 palatio,
1780 5541 1874 5601 quam

157 5610 250 5670 linitis
287 5607 436 5672 ltatutinis
463 5608 570 5668 taciem
604 5627 773 5688 manusque
802 5613 987 5674 abluebant:
1043 5615 1875 5694 puerquilibetmiuimusiuClunieco.»verbahaecsunt
