<?xml version="1.0" encoding="UTF-8"?>
<!DOCTYPE html PUBLIC "-//W3C//DTD XHTML 1.0 Transitional//EN"
    "http://www.w3.org/TR/xhtml1/DTD/xhtml1-transitional.dtd">
<html xmlns="http://www.w3.org/1999/xhtml" xml:lang="en" lang="en">
 <head>
  <title>
</title>
<meta http-equiv="Content-Type" content="text/html;charset=utf-8" />
  <meta name='ocr-system' content='tesseract 3.04.00' />
  <meta name='ocr-capabilities' content='ocr_page ocr_carea ocr_par ocr_line ocrx_word'/>
</head>
<body>
  <div class='ocr_page' id='page_1' title='image "./patrologiaecurs107unkngoog_0493.png"; bbox 0 0 4106 6148; ppageno 0'>
   <div class='ocr_carea' id='block_1_1' title="bbox 118 199 1829 275">
    <p class='ocr_par' dir='ltr' id='par_1_1' title="bbox 118 199 1829 275">
     <span class='ocr_line' id='line_1_1' title="bbox 118 199 1829 275; baseline 0.002 -15"><span class='ocrx_word' id='word_1_1' title='bbox 118 206 170 260; x_wconf 78' lang='grc'><strong>917</strong></span> <span class='ocrx_word' id='word_1_2' title='bbox 402 200 628 275; x_wconf 78' lang='lat' dir='ltr'>rutbeecbds</span> <span class='ocrx_word' id='word_1_3' title='bbox 647 199 839 259; x_wconf 73' lang='lat' dir='ltr'>Monachus</span> <span class='ocrx_word' id='word_1_4' title='bbox 857 199 1117 258; x_wconf 66' lang='lat' dir='ltr'>aeneatoribus</span> <span class='ocrx_word' id='word_1_5' title='bbox 1137 232 1172 243; x_wconf 97' lang='lat'><em>-</em></span> <span class='ocrx_word' id='word_1_6' title='bbox 1190 202 1332 261; x_wconf 80' lang='lat' dir='ltr'><strong>NOTITIA</strong></span> <span class='ocrx_word' id='word_1_7' title='bbox 1351 203 1544 263; x_wconf 78' lang='lat' dir='ltr'>Mrsroluca.</span> <span class='ocrx_word' id='word_1_8' title='bbox 1777 208 1829 265; x_wconf 81' lang='grc'>978</span> 
     </span>
    </p>
   </div>
   <div class='ocr_carea' id='block_1_2' title="bbox 113 324 1830 2355">
    <p class='ocr_par' dir='ltr' id='par_1_2' title="bbox 113 324 1830 1204">
     <span class='ocr_line' id='line_1_2' title="bbox 118 324 1830 402; baseline 0.002 -18"><span class='ocrx_word' id='word_1_9' title='bbox 118 329 152 385; x_wconf 92' lang='lat' dir='ltr'>ut</span> <span class='ocrx_word' id='word_1_10' title='bbox 161 326 298 398; x_wconf 83' lang='lat' dir='ltr'>ingressa</span> <span class='ocrx_word' id='word_1_11' title='bbox 310 329 365 400; x_wconf 89' lang='lat' dir='ltr'>est,</span> <span class='ocrx_word' id='word_1_12' title='bbox 375 326 475 384; x_wconf 90' lang='lat' dir='ltr'>cuncti</span> <span class='ocrx_word' id='word_1_13' title='bbox 489 324 600 401; x_wconf 86' lang='lat' dir='ltr'>pariter</span> <span class='ocrx_word' id='word_1_14' title='bbox 618 324 651 383; x_wconf 88' lang='lat' dir='ltr'>in</span> <span class='ocrx_word' id='word_1_15' title='bbox 663 324 872 399; x_wconf 81' lang='lat' dir='ltr'>perimentum</span> <span class='ocrx_word' id='word_1_16' title='bbox 898 339 945 381; x_wconf 92' lang='lat' dir='ltr'>co·</span> <span class='ocrx_word' id='word_1_17' title='bbox 963 325 1103 399; x_wconf 76' lang='lat' dir='ltr'>apertus</span> <span class='ocrx_word' id='word_1_18' title='bbox 1126 325 1253 384; x_wconf 77' lang='lat' dir='ltr'><strong>fecimus</strong></span> <span class='ocrx_word' id='word_1_19' title='bbox 1278 329 1563 402; x_wconf 73' lang='grc'><strong>0001100001289),</strong></span> <span class='ocrx_word' id='word_1_20' title='bbox 1578 343 1702 387; x_wconf 87' lang='lat' dir='ltr'>sumens</span> <span class='ocrx_word' id='word_1_21' title='bbox 1723 327 1830 402; x_wconf 88' lang='lat' dir='ltr'>lagun-</span> 
     </span>
     <span class='ocr_line' id='line_1_3' title="bbox 116 413 1829 491; baseline 0.002 -17"><span class='ocrx_word' id='word_1_22' title='bbox 116 431 183 474; x_wconf 91' lang='lat' dir='ltr'>ram</span> <span class='ocrx_word' id='word_1_23' title='bbox 212 431 300 475; x_wconf 88' lang='lat' dir='ltr'>sacro</span> <span class='ocrx_word' id='word_1_24' title='bbox 326 415 411 474; x_wconf 88' lang='lat' dir='ltr'>altari</span> <span class='ocrx_word' id='word_1_25' title='bbox 433 418 578 473; x_wconf 90' lang='lat' dir='ltr'>corruunt</span> <span class='ocrx_word' id='word_1_26' title='bbox 599 416 636 487; x_wconf 89' lang='lat'>⁰⁰,</span> <span class='ocrx_word' id='word_1_27' title='bbox 657 414 838 472; x_wconf 76' lang='lat' dir='ltr'>terribilibus</span> <span class='ocrx_word' id='word_1_28' title='bbox 859 430 895 471; x_wconf 91' lang='lat' dir='ltr'>ae</span> <span class='ocrx_word' id='word_1_29' title='bbox 922 416 945 451; x_wconf 83' lang='lat'>⁰¹</span> <span class='ocrx_word' id='word_1_30' title='bbox 1002 413 1102 470; x_wconf 90' lang='lat' dir='ltr'>culam</span> <span class='ocrx_word' id='word_1_31' title='bbox 1126 414 1216 472; x_wconf 92' lang='lat' dir='ltr'>trium</span> <span class='ocrx_word' id='word_1_32' title='bbox 1242 421 1359 474; x_wconf 90' lang='lat' dir='ltr'>tantum</span> <span class='ocrx_word' id='word_1_33' title='bbox 1381 433 1523 491; x_wconf 75' lang='lat' dir='ltr'><strong>capacem</strong></span> <span class='ocrx_word' id='word_1_34' title='bbox 1545 418 1743 476; x_wconf 80' lang='lat' dir='ltr'>sextariorum</span> <span class='ocrx_word' id='word_1_35' title='bbox 1758 421 1829 478; x_wconf 83' lang='lat' dir='ltr'>vino</span> 
     </span>
     <span class='ocr_line' id='line_1_4' title="bbox 118 501 1828 580; baseline 0.002 -17"><span class='ocrx_word' id='word_1_36' title='bbox 118 505 260 564; x_wconf 87' lang='lat' dir='ltr'>maximis</span> <span class='ocrx_word' id='word_1_37' title='bbox 272 504 455 564; x_wconf 87' lang='lat' dir='ltr'>elamoribus</span> <span class='ocrx_word' id='word_1_38' title='bbox 469 503 664 564; x_wconf 86' lang='lat' dir='ltr'>Maximinum</span> <span class='ocrx_word' id='word_1_39' title='bbox 676 504 706 562; x_wconf 94' lang='lat' dir='ltr'>in</span> <span class='ocrx_word' id='word_1_40' title='bbox 723 508 805 562; x_wconf 90' lang='lat' dir='ltr'>tanta</span> <span class='ocrx_word' id='word_1_41' title='bbox 818 503 947 561; x_wconf 88' lang='lat' dir='ltr'>necessi·</span> <span class='ocrx_word' id='word_1_42' title='bbox 1001 501 1133 574; x_wconf 87' lang='lat' dir='ltr'>plenam,</span> <span class='ocrx_word' id='word_1_43' title='bbox 1148 503 1296 560; x_wconf 76' lang='lat' dir='ltr'>Maximini</span> <span class='ocrx_word' id='word_1_44' title='bbox 1310 503 1517 562; x_wconf 87' lang='lat' dir='ltr'>benedictione</span> <span class='ocrx_word' id='word_1_45' title='bbox 1530 509 1662 576; x_wconf 89' lang='lat' dir='ltr'>exorata,</span> <span class='ocrx_word' id='word_1_46' title='bbox 1671 507 1828 580; x_wconf 77' lang='lat' dir='ltr'>sexaginta</span> 
     </span>
     <span class='ocr_line' id='line_1_5' title="bbox 116 589 1828 670; baseline 0.001 -17"><span class='ocrx_word' id='word_1_47' title='bbox 116 598 177 653; x_wconf 89' lang='lat' dir='ltr'>tate</span> <span class='ocrx_word' id='word_1_48' title='bbox 189 594 382 670; x_wconf 80' lang='lat' dir='ltr'>patrocinari,</span> <span class='ocrx_word' id='word_1_49' title='bbox 396 609 490 667; x_wconf 88' lang='lat' dir='ltr'>seque</span> <span class='ocrx_word' id='word_1_50' title='bbox 504 593 543 652; x_wconf 92' lang='lat' dir='ltr'>de</span> <span class='ocrx_word' id='word_1_51' title='bbox 554 593 707 652; x_wconf 70' lang='lat' dir='ltr'>adalberti</span> <span class='ocrx_word' id='word_1_52' title='bbox 721 595 746 630; x_wconf 83' lang='lat'>⁰¹</span> <span class='ocrx_word' id='word_1_53' title='bbox 762 592 911 650; x_wconf 83' lang='lat' dir='ltr'>tirannide</span> <span class='ocrx_word' id='word_1_54' title='bbox 922 593 947 629; x_wconf 81' lang='lat'>⁰⁸</span> <span class='ocrx_word' id='word_1_55' title='bbox 1000 589 1067 648; x_wconf 91' lang='lat' dir='ltr'>illos</span> <span class='ocrx_word' id='word_1_56' title='bbox 1090 591 1181 663; x_wconf 87' lang='lat' dir='ltr'>viros,</span> <span class='ocrx_word' id='word_1_57' title='bbox 1201 593 1298 664; x_wconf 83' lang='lat' dir='ltr'>sigilis</span> <span class='ocrx_word' id='word_1_58' title='bbox 1312 593 1400 650; x_wconf 87' lang='lat' dir='ltr'>totius</span> <span class='ocrx_word' id='word_1_59' title='bbox 1418 593 1514 651; x_wconf 91' lang='lat' dir='ltr'>noctis</span> <span class='ocrx_word' id='word_1_60' title='bbox 1529 609 1564 651; x_wconf 91' lang='lat' dir='ltr'>ac</span> <span class='ocrx_word' id='word_1_61' title='bbox 1579 594 1698 654; x_wconf 87' lang='lat' dir='ltr'>fletibus</span> <span class='ocrx_word' id='word_1_62' title='bbox 1724 595 1828 668; x_wconf 86' lang='lat' dir='ltr'>latiga-</span> 
     </span>
     <span class='ocr_line' id='line_1_6' title="bbox 113 680 1826 760; baseline 0.001 -17"><span class='ocrx_word' id='word_1_63' title='bbox 113 685 180 758; x_wconf 84' lang='lat' dir='ltr'>jam</span> <span class='ocrx_word' id='word_1_64' title='bbox 193 683 316 744; x_wconf 88' lang='lat' dir='ltr'>tandem</span> <span class='ocrx_word' id='word_1_65' title='bbox 328 681 614 756; x_wconf 84' lang='lat' dir='ltr'>conclamanteripi.</span> <span class='ocrx_word' id='word_1_66' title='bbox 626 682 680 740; x_wconf 83' lang='lat' dir='ltr'>Vix</span> <span class='ocrx_word' id='word_1_67' title='bbox 693 682 750 740; x_wconf 88' lang='lat' dir='ltr'>illis</span> <span class='ocrx_word' id='word_1_68' title='bbox 763 681 947 740; x_wconf 87' lang='lat' dir='ltr'>clamoribus</span> <span class='ocrx_word' id='word_1_69' title='bbox 1000 683 1056 748; x_wconf 82' lang='lat' dir='ltr'>tos,</span> <span class='ocrx_word' id='word_1_70' title='bbox 1073 680 1144 738; x_wconf 83' lang='lat' dir='ltr'>satis</span> <span class='ocrx_word' id='word_1_71' title='bbox 1162 681 1306 739; x_wconf 84' lang='lat' dir='ltr'>habunde</span> <span class='ocrx_word' id='word_1_72' title='bbox 1327 682 1437 740; x_wconf 83' lang='lat' dir='ltr'>reiecit.</span> <span class='ocrx_word' id='word_1_73' title='bbox 1454 685 1487 739; x_wconf 86' lang='lat' dir='ltr'>Et</span> <span class='ocrx_word' id='word_1_74' title='bbox 1507 699 1545 739; x_wconf 91' lang='lat' dir='ltr'>ne</span> <span class='ocrx_word' id='word_1_75' title='bbox 1570 683 1659 742; x_wconf 90' lang='lat' dir='ltr'>etiam</span> <span class='ocrx_word' id='word_1_76' title='bbox 1677 686 1826 760; x_wconf 87' lang='lat' dir='ltr'>corporali</span> 
     </span>
     <span class='ocr_line' id='line_1_7' title="bbox 116 769 1827 848; baseline 0.002 -19"><span class='ocrx_word' id='word_1_77' title='bbox 116 777 185 848; x_wconf 86' lang='lat' dir='ltr'>post</span> <span class='ocrx_word' id='word_1_78' title='bbox 199 771 353 832; x_wconf 82' lang='lat' dir='ltr'>evolutum</span> <span class='ocrx_word' id='word_1_79' title='bbox 367 770 512 843; x_wconf 76' lang='lat' dir='ltr'>dimidia,</span> <span class='ocrx_word' id='word_1_80' title='bbox 535 775 569 828; x_wconf 89' lang='lat' dir='ltr'>ut</span> <span class='ocrx_word' id='word_1_81' title='bbox 582 769 685 841; x_wconf 80' lang='lat' dir='ltr'>fertur,</span> <span class='ocrx_word' id='word_1_82' title='bbox 698 771 781 830; x_wconf 76' lang='lat' dir='ltr'>horre</span> <span class='ocrx_word' id='word_1_83' title='bbox 808 770 947 846; x_wconf 88' lang='lat' dir='ltr'>spacium</span> <span class='ocrx_word' id='word_1_84' title='bbox 1000 786 1062 827; x_wconf 84' lang='lat' dir='ltr'>suae</span> <span class='ocrx_word' id='word_1_85' title='bbox 1076 769 1226 828; x_wconf 88' lang='lat' dir='ltr'>charitatis</span> <span class='ocrx_word' id='word_1_86' title='bbox 1240 771 1365 846; x_wconf 84' lang='lat' dir='ltr'>praemio</span> <span class='ocrx_word' id='word_1_87' title='bbox 1379 772 1556 846; x_wconf 80' lang='lat' dir='ltr'>privaretur,</span> <span class='ocrx_word' id='word_1_88' title='bbox 1571 788 1643 830; x_wconf 86' lang='lat' dir='ltr'>mox</span> <span class='ocrx_word' id='word_1_89' title='bbox 1657 777 1691 831; x_wconf 90' lang='lat' dir='ltr'>ut</span> <span class='ocrx_word' id='word_1_90' title='bbox 1707 769 1827 833; x_wconf 85' lang='lat' dir='ltr'>redieris</span> 
     </span>
     <span class='ocr_line' id='line_1_8' title="bbox 116 858 1828 936; baseline 0.002 -17"><span class='ocrx_word' id='word_1_91' title='bbox 116 861 268 920; x_wconf 79' lang='lat' dir='ltr'>edentium</span> <span class='ocrx_word' id='word_1_92' title='bbox 297 866 341 920; x_wconf 88' lang='lat' dir='ltr'>est</span> <span class='ocrx_word' id='word_1_93' title='bbox 364 861 557 936; x_wconf 88' lang='lat' dir='ltr'>imperatum.</span> <span class='ocrx_word' id='word_1_94' title='bbox 573 860 752 919; x_wconf 69' lang='lat' dir='ltr'>adalbertus</span> <span class='ocrx_word' id='word_1_95' title='bbox 765 861 875 918; x_wconf 84' lang='lat' dir='ltr'>raro⁰⁰</span> <span class='ocrx_word' id='word_1_96' title='bbox 890 859 947 918; x_wconf 92' lang='lat' dir='ltr'>cle·</span> <span class='ocrx_word' id='word_1_97' title='bbox 999 858 1121 916; x_wconf 87' lang='lat' dir='ltr'>intrarit</span> <span class='ocrx_word' id='word_1_98' title='bbox 1146 859 1313 932; x_wconf 90' lang='lat' dir='ltr'>ecclesiam,</span> <span class='ocrx_word' id='word_1_99' title='bbox 1329 860 1458 918; x_wconf 88' lang='lat' dir='ltr'>eandem</span> <span class='ocrx_word' id='word_1_100' title='bbox 1482 859 1677 933; x_wconf 78' lang='lat' dir='ltr'>lagunculam</span> <span class='ocrx_word' id='word_1_101' title='bbox 1700 867 1732 919; x_wconf 92' lang='lat' dir='ltr'>ut</span> <span class='ocrx_word' id='word_1_102' title='bbox 1763 869 1828 922; x_wconf 89' lang='lat' dir='ltr'>erat</span> 
     </span>
     <span class='ocr_line' id='line_1_9' title="bbox 115 947 1826 1026; baseline 0.001 -17"><span class='ocrx_word' id='word_1_103' title='bbox 115 954 249 1009; x_wconf 75' lang='lat' dir='ltr'>meubm</span> <span class='ocrx_word' id='word_1_104' title='bbox 261 952 285 988; x_wconf 86' lang='lat'>⁰¹</span> <span class='ocrx_word' id='word_1_105' title='bbox 299 950 407 1009; x_wconf 81' lang='lat' dir='ltr'>videns</span> <span class='ocrx_word' id='word_1_106' title='bbox 419 950 564 1008; x_wconf 86' lang='lat' dir='ltr'>laminam</span> <span class='ocrx_word' id='word_1_107' title='bbox 573 951 648 1009; x_wconf 89' lang='lat' dir='ltr'>haut</span> <span class='ocrx_word' id='word_1_108' title='bbox 660 950 781 1008; x_wconf 89' lang='lat' dir='ltr'>modico</span> <span class='ocrx_word' id='word_1_109' title='bbox 795 949 898 1008; x_wconf 88' lang='lat' dir='ltr'>dolore</span> <span class='ocrx_word' id='word_1_110' title='bbox 910 966 947 1008; x_wconf 84' lang='lat' dir='ltr'>ex</span> <span class='ocrx_word' id='word_1_111' title='bbox 1000 947 1083 1022; x_wconf 87' lang='lat' dir='ltr'>prius</span> <span class='ocrx_word' id='word_1_112' title='bbox 1099 947 1221 1021; x_wconf 91' lang='lat' dir='ltr'>plenem</span> <span class='ocrx_word' id='word_1_113' title='bbox 1247 948 1369 1006; x_wconf 78' lang='lat' dir='ltr'>invenit.</span> <span class='ocrx_word' id='word_1_114' title='bbox 1390 951 1479 1005; x_wconf 86' lang='lat' dir='ltr'>Porro</span> <span class='ocrx_word' id='word_1_115' title='bbox 1503 949 1566 1006; x_wconf 89' lang='lat' dir='ltr'>istis</span> <span class='ocrx_word' id='word_1_116' title='bbox 1589 949 1742 1022; x_wconf 90' lang='lat' dir='ltr'>omnibus,</span> <span class='ocrx_word' id='word_1_117' title='bbox 1757 967 1826 1026; x_wconf 74' lang='lat' dir='ltr'>quse</span> 
     </span>
     <span class='ocr_line' id='line_1_10' title="bbox 116 1035 1829 1114; baseline 0 -16"><span class='ocrx_word' id='word_1_118' title='bbox 116 1037 317 1114; x_wconf 83' lang='lat' dir='ltr'>conpassione</span> <span class='ocrx_word' id='word_1_119' title='bbox 345 1039 526 1098; x_wconf 88' lang='lat' dir='ltr'>miserorum</span> <span class='ocrx_word' id='word_1_120' title='bbox 554 1041 707 1111; x_wconf 88' lang='lat' dir='ltr'>attactam,</span> <span class='ocrx_word' id='word_1_121' title='bbox 730 1039 865 1112; x_wconf 88' lang='lat' dir='ltr'>dejerare</span> <span class='ocrx_word' id='word_1_122' title='bbox 892 1053 947 1112; x_wconf 88' lang='lat' dir='ltr'>per</span> <span class='ocrx_word' id='word_1_123' title='bbox 999 1035 1031 1093; x_wconf 92' lang='lat' dir='ltr'>in</span> <span class='ocrx_word' id='word_1_124' title='bbox 1045 1035 1103 1093; x_wconf 92' lang='lat' dir='ltr'>hoe</span> <span class='ocrx_word' id='word_1_125' title='bbox 1128 1035 1259 1110; x_wconf 88' lang='lat' dir='ltr'>capitulo</span> <span class='ocrx_word' id='word_1_126' title='bbox 1284 1035 1453 1107; x_wconf 86' lang='lat' dir='ltr'>retulimus,</span> <span class='ocrx_word' id='word_1_127' title='bbox 1469 1039 1661 1110; x_wconf 82' lang='lat' dir='ltr'>ltuctpertus,</span> <span class='ocrx_word' id='word_1_128' title='bbox 1683 1039 1829 1112; x_wconf 84' lang='lat' dir='ltr'>presbiter</span> 
     </span>
     <span class='ocr_line' id='line_1_11' title="bbox 116 1123 1738 1204; baseline -0.002 -17"><span class='ocrx_word' id='word_1_129' title='bbox 116 1128 267 1188; x_wconf 82' lang='lat' dir='ltr'>Maximini</span> <span class='ocrx_word' id='word_1_130' title='bbox 276 1127 417 1187; x_wconf 74' lang='lat' dir='ltr'>vinutem</span> <span class='ocrx_word' id='word_1_131' title='bbox 431 1129 531 1204; x_wconf 74' lang='lat' dir='ltr'>coepit,</span> <span class='ocrx_word' id='word_1_132' title='bbox 547 1129 711 1204; x_wconf 86' lang='lat' dir='ltr'>omniaque</span> <span class='ocrx_word' id='word_1_133' title='bbox 729 1145 799 1203; x_wconf 74' lang='lat' dir='ltr'>quae</span> <span class='ocrx_word' id='word_1_134' title='bbox 813 1127 947 1186; x_wconf 90' lang='lat' dir='ltr'>dicerent</span> <span class='ocrx_word' id='word_1_135' title='bbox 999 1127 1028 1181; x_wconf 88' lang='lat' dir='ltr'>et</span> <span class='ocrx_word' id='word_1_136' title='bbox 1039 1125 1217 1192; x_wconf 89' lang='lat' dir='ltr'>monachus,</span> <span class='ocrx_word' id='word_1_137' title='bbox 1233 1125 1286 1198; x_wconf 92' lang='lat' dir='ltr'>qui</span> <span class='ocrx_word' id='word_1_138' title='bbox 1296 1123 1427 1182; x_wconf 86' lang='lat' dir='ltr'>interluit</span> <span class='ocrx_word' id='word_1_139' title='bbox 1440 1129 1469 1181; x_wconf 89' lang='lat' dir='ltr'>et</span> <span class='ocrx_word' id='word_1_140' title='bbox 1478 1123 1559 1192; x_wconf 90' lang='lat' dir='ltr'>vidit,</span> <span class='ocrx_word' id='word_1_141' title='bbox 1573 1127 1738 1184; x_wconf 87' lang='lat' dir='ltr'>attestatur.</span> 
     </span>
    </p>

    <p class='ocr_par' dir='ltr' id='par_1_3' title="bbox 114 1213 1830 2096">
     <span class='ocr_line' id='line_1_12' title="bbox 115 1213 1828 1290; baseline -0.001 -14"><span class='ocrx_word' id='word_1_142' title='bbox 115 1217 254 1276; x_wconf 88' lang='lat' dir='ltr'>homines</span> <span class='ocrx_word' id='word_1_143' title='bbox 268 1217 335 1276; x_wconf 92' lang='lat' dir='ltr'>illos</span> <span class='ocrx_word' id='word_1_144' title='bbox 350 1217 441 1276; x_wconf 86' lang='lat' dir='ltr'>luisse</span> <span class='ocrx_word' id='word_1_145' title='bbox 455 1218 612 1290; x_wconf 88' lang='lat' dir='ltr'>mentitos;</span> <span class='ocrx_word' id='word_1_146' title='bbox 625 1222 653 1276; x_wconf 91' lang='lat' dir='ltr'>et</span> <span class='ocrx_word' id='word_1_147' title='bbox 677 1221 710 1276; x_wconf 90' lang='lat' dir='ltr'>ut</span> <span class='ocrx_word' id='word_1_148' title='bbox 727 1221 791 1277; x_wconf 89' lang='lat' dir='ltr'>erat</span> <span class='ocrx_word' id='word_1_149' title='bbox 814 1233 885 1275; x_wconf 86' lang='lat' dir='ltr'>ense</span> <span class='ocrx_word' id='word_1_150' title='bbox 900 1233 947 1275; x_wconf 91' lang='lat' dir='ltr'>ac-</span> <span class='ocrx_word' id='word_1_151' title='bbox 1036 1217 1069 1271; x_wconf 88' lang='grc'><strong>19</strong></span> <span class='ocrx_word' id='word_1_152' title='bbox 1080 1216 1126 1271; x_wconf 94' lang='lat'>¹⁰⁰.</span> <span class='ocrx_word' id='word_1_153' title='bbox 1139 1217 1178 1272; x_wconf 89' lang='lat' dir='ltr'>lle</span> <span class='ocrx_word' id='word_1_154' title='bbox 1191 1215 1354 1273; x_wconf 87' lang='lat' dir='ltr'>wenidone</span> <span class='ocrx_word' id='word_1_155' title='bbox 1366 1219 1467 1272; x_wconf 87' lang='lat' dir='ltr'>autem</span> <span class='ocrx_word' id='word_1_156' title='bbox 1483 1215 1517 1250; x_wconf 93' lang='lat'>¹⁰¹</span> <span class='ocrx_word' id='word_1_157' title='bbox 1534 1213 1608 1272; x_wconf 92' lang='lat' dir='ltr'>dum</span> <span class='ocrx_word' id='word_1_158' title='bbox 1620 1215 1747 1274; x_wconf 90' lang='lat' dir='ltr'>arduam</span> <span class='ocrx_word' id='word_1_159' title='bbox 1759 1216 1828 1274; x_wconf 71' lang='lat' dir='ltr'>vitre</span> 
     </span>
     <span class='ocr_line' id='line_1_13' title="bbox 115 1302 1827 1381; baseline -0.001 -17"><span class='ocrx_word' id='word_1_160' title='bbox 115 1306 231 1364; x_wconf 86' lang='lat' dir='ltr'>cinctus</span> <span class='ocrx_word' id='word_1_161' title='bbox 248 1307 284 1376; x_wconf 88' lang='lat'>⁰⁰,</span> <span class='ocrx_word' id='word_1_162' title='bbox 299 1321 425 1364; x_wconf 91' lang='lat' dir='ltr'>manum</span> <span class='ocrx_word' id='word_1_163' title='bbox 447 1306 585 1381; x_wconf 91' lang='lat' dir='ltr'>protinus</span> <span class='ocrx_word' id='word_1_164' title='bbox 598 1307 762 1365; x_wconf 88' lang='lat' dir='ltr'>extendens</span> <span class='ocrx_word' id='word_1_165' title='bbox 783 1307 823 1365; x_wconf 90' lang='lat' dir='ltr'>ad</span> <span class='ocrx_word' id='word_1_166' title='bbox 852 1321 946 1381; x_wconf 88' lang='lat' dir='ltr'>capu·</span> <span class='ocrx_word' id='word_1_167' title='bbox 999 1318 1061 1359; x_wconf 78' lang='lat' dir='ltr'>sua</span> <span class='ocrx_word' id='word_1_168' title='bbox 1076 1302 1345 1372; x_wconf 84' lang='lat' dir='ltr'>conversationem,</span> <span class='ocrx_word' id='word_1_169' title='bbox 1362 1318 1441 1377; x_wconf 80' lang='lat' dir='ltr'>saepe</span> <span class='ocrx_word' id='word_1_170' title='bbox 1456 1302 1548 1360; x_wconf 91' lang='lat' dir='ltr'>michi</span> <span class='ocrx_word' id='word_1_171' title='bbox 1564 1305 1600 1362; x_wconf 88' lang='lat' dir='ltr'>ab</span> <span class='ocrx_word' id='word_1_172' title='bbox 1620 1303 1678 1362; x_wconf 90' lang='lat' dir='ltr'>hiis</span> <span class='ocrx_word' id='word_1_173' title='bbox 1690 1303 1744 1379; x_wconf 90' lang='lat' dir='ltr'>qui</span> <span class='ocrx_word' id='word_1_174' title='bbox 1756 1320 1827 1362; x_wconf 91' lang='lat' dir='ltr'>eum</span> 
     </span>
     <span class='ocr_line' id='line_1_14' title="bbox 114 1391 1829 1469; baseline -0.002 -17"><span class='ocrx_word' id='word_1_175' title='bbox 114 1393 192 1462; x_wconf 89' lang='lat' dir='ltr'>lum,</span> <span class='ocrx_word' id='word_1_176' title='bbox 205 1393 372 1467; x_wconf 87' lang='lat' dir='ltr'>procaciter</span> <span class='ocrx_word' id='word_1_177' title='bbox 396 1393 486 1451; x_wconf 86' lang='lat' dir='ltr'>nimis</span> <span class='ocrx_word' id='word_1_178' title='bbox 500 1409 554 1468; x_wconf 90' lang='lat' dir='ltr'>per</span> <span class='ocrx_word' id='word_1_179' title='bbox 579 1400 699 1469; x_wconf 88' lang='lat' dir='ltr'>spatum</span> <span class='ocrx_word' id='word_1_180' title='bbox 715 1410 802 1454; x_wconf 90' lang='lat' dir='ltr'>suam</span> <span class='ocrx_word' id='word_1_181' title='bbox 823 1394 945 1468; x_wconf 88' lang='lat' dir='ltr'>juravit,</span> <span class='ocrx_word' id='word_1_182' title='bbox 998 1393 1148 1448; x_wconf 86' lang='lat' dir='ltr'>noverunt</span> <span class='ocrx_word' id='word_1_183' title='bbox 1167 1391 1345 1465; x_wconf 88' lang='lat' dir='ltr'>expositam,</span> <span class='ocrx_word' id='word_1_184' title='bbox 1362 1406 1432 1448; x_wconf 93' lang='lat' dir='ltr'>eum</span> <span class='ocrx_word' id='word_1_185' title='bbox 1456 1391 1513 1448; x_wconf 91' lang='lat' dir='ltr'>hoc</span> <span class='ocrx_word' id='word_1_186' title='bbox 1535 1391 1667 1461; x_wconf 80' lang='lat' dir='ltr'>contero,</span> <span class='ocrx_word' id='word_1_187' title='bbox 1682 1391 1766 1466; x_wconf 91' lang='lat' dir='ltr'>quod</span> <span class='ocrx_word' id='word_1_188' title='bbox 1787 1391 1829 1450; x_wconf 87' lang='lat' dir='ltr'>ita</span> 
     </span>
     <span class='ocr_line' id='line_1_15' title="bbox 116 1478 1827 1558; baseline -0.001 -18"><span class='ocrx_word' id='word_1_189' title='bbox 116 1499 149 1540; x_wconf 88' lang='lat' dir='ltr'>se</span> <span class='ocrx_word' id='word_1_190' title='bbox 171 1481 366 1556; x_wconf 85' lang='lat' dir='ltr'>gravissimas</span> <span class='ocrx_word' id='word_1_191' title='bbox 380 1499 488 1558; x_wconf 84' lang='lat' dir='ltr'>poenas</span> <span class='ocrx_word' id='word_1_192' title='bbox 501 1499 558 1558; x_wconf 89' lang='lat' dir='ltr'>pro</span> <span class='ocrx_word' id='word_1_193' title='bbox 573 1487 657 1542; x_wconf 89' lang='lat' dir='ltr'>tanta</span> <span class='ocrx_word' id='word_1_194' title='bbox 671 1484 834 1542; x_wconf 89' lang='lat' dir='ltr'>temeritate</span> <span class='ocrx_word' id='word_1_195' title='bbox 859 1483 946 1541; x_wconf 89' lang='lat' dir='ltr'>luitu-</span> <span class='ocrx_word' id='word_1_196' title='bbox 998 1478 1183 1536; x_wconf 82' lang='lat' dir='ltr'>familiariter</span> <span class='ocrx_word' id='word_1_197' title='bbox 1202 1478 1354 1538; x_wconf 87' lang='lat' dir='ltr'>Maximini</span> <span class='ocrx_word' id='word_1_198' title='bbox 1376 1480 1520 1538; x_wconf 84' lang='lat' dir='ltr'>virtutum</span> <span class='ocrx_word' id='word_1_199' title='bbox 1533 1482 1568 1518; x_wconf 86' lang='lat'>¹⁰¹</span> <span class='ocrx_word' id='word_1_200' title='bbox 1588 1479 1827 1555; x_wconf 79' lang='lat' dir='ltr'>quantulaecum-</span> 
     </span>
     <span class='ocr_line' id='line_1_16' title="bbox 115 1567 1827 1644; baseline -0.002 -15"><span class='ocrx_word' id='word_1_201' title='bbox 115 1587 176 1629; x_wconf 89' lang='lat' dir='ltr'>ros.</span> <span class='ocrx_word' id='word_1_202' title='bbox 192 1571 324 1630; x_wconf 84' lang='lat' dir='ltr'>Necdum</span> <span class='ocrx_word' id='word_1_203' title='bbox 340 1571 493 1628; x_wconf 90' lang='lat' dir='ltr'>minarum</span> <span class='ocrx_word' id='word_1_204' title='bbox 511 1571 603 1629; x_wconf 87' lang='lat' dir='ltr'>verba</span> <span class='ocrx_word' id='word_1_205' title='bbox 626 1571 744 1630; x_wconf 86' lang='lat' dir='ltr'>linierat</span> <span class='ocrx_word' id='word_1_206' title='bbox 758 1575 792 1643; x_wconf 89' lang='lat'>⁰¹,</span> <span class='ocrx_word' id='word_1_207' title='bbox 808 1589 878 1630; x_wconf 91' lang='lat' dir='ltr'>eum</span> <span class='ocrx_word' id='word_1_208' title='bbox 894 1589 944 1628; x_wconf 90' lang='lat' dir='ltr'>su·</span> <span class='ocrx_word' id='word_1_209' title='bbox 999 1585 1058 1643; x_wconf 91' lang='lat' dir='ltr'>que</span> <span class='ocrx_word' id='word_1_210' title='bbox 1072 1568 1424 1644; x_wconf 88' lang='lat' dir='ltr'>portionicommunicat,</span> <span class='ocrx_word' id='word_1_211' title='bbox 1436 1567 1509 1644; x_wconf 91' lang='lat' dir='ltr'>quid</span> <span class='ocrx_word' id='word_1_212' title='bbox 1521 1569 1602 1627; x_wconf 90' lang='lat' dir='ltr'>aliud</span> <span class='ocrx_word' id='word_1_213' title='bbox 1612 1585 1706 1644; x_wconf 93' lang='lat' dir='ltr'>quam</span> <span class='ocrx_word' id='word_1_214' title='bbox 1717 1573 1827 1627; x_wconf 73' lang='lat' dir='ltr'>sanctie</span> 
     </span>
     <span class='ocr_line' id='line_1_17' title="bbox 115 1656 1828 1738; baseline 0 -22"><span class='ocrx_word' id='word_1_215' title='bbox 115 1659 189 1724; x_wconf 91' lang='lat' dir='ltr'>bito,</span> <span class='ocrx_word' id='word_1_216' title='bbox 203 1659 373 1716; x_wconf 84' lang='lat' dir='ltr'>ridentibus</span> <span class='ocrx_word' id='word_1_217' title='bbox 395 1660 558 1717; x_wconf 91' lang='lat' dir='ltr'>cunctis-</span> <span class='ocrx_word' id='word_1_218' title='bbox 572 1661 664 1735; x_wconf 88' lang='lat' dir='ltr'>pallio</span> <span class='ocrx_word' id='word_1_219' title='bbox 683 1661 764 1718; x_wconf 92' lang='lat' dir='ltr'>enim</span> <span class='ocrx_word' id='word_1_220' title='bbox 785 1664 856 1718; x_wconf 91' lang='lat' dir='ltr'>tunc</span> <span class='ocrx_word' id='word_1_221' title='bbox 882 1675 943 1717; x_wconf 93' lang='lat' dir='ltr'>non</span> <span class='ocrx_word' id='word_1_222' title='bbox 962 1673 1140 1738; x_wconf 74' lang='lat' dir='ltr'>Bcenseam</span> <span class='ocrx_word' id='word_1_223' title='bbox 1160 1656 1333 1715; x_wconf 76' lang='lat' dir='ltr'>asamar-er</span> <span class='ocrx_word' id='word_1_224' title='bbox 1355 1661 1389 1714; x_wconf 82' lang='lat' dir='ltr'>Et</span> <span class='ocrx_word' id='word_1_225' title='bbox 1402 1657 1474 1732; x_wconf 90' lang='lat' dir='ltr'>quia</span> <span class='ocrx_word' id='word_1_226' title='bbox 1497 1662 1614 1717; x_wconf 88' lang='lat' dir='ltr'>tantum</span> <span class='ocrx_word' id='word_1_227' title='bbox 1630 1658 1667 1716; x_wconf 93' lang='lat' dir='ltr'>de</span> <span class='ocrx_word' id='word_1_228' title='bbox 1693 1659 1828 1716; x_wconf 83' lang='lat' dir='ltr'>hocviro</span> 
     </span>
     <span class='ocr_line' id='line_1_18' title="bbox 115 1745 1828 1821; baseline -0.001 -15"><span class='ocrx_word' id='word_1_229' title='bbox 115 1751 180 1806; x_wconf 91' lang='lat' dir='ltr'>erat</span> <span class='ocrx_word' id='word_1_230' title='bbox 198 1747 378 1817; x_wconf 85' lang='lat' dir='ltr'>amictus-,</span> <span class='ocrx_word' id='word_1_231' title='bbox 394 1747 493 1806; x_wconf 88' lang='lat' dir='ltr'>soluto</span> <span class='ocrx_word' id='word_1_232' title='bbox 511 1749 653 1808; x_wconf 87' lang='lat' dir='ltr'>divinitus</span> <span class='ocrx_word' id='word_1_233' title='bbox 677 1749 808 1821; x_wconf 89' lang='lat' dir='ltr'>cingulo,</span> <span class='ocrx_word' id='word_1_234' title='bbox 826 1748 943 1818; x_wconf 72' lang='lat' dir='ltr'>gladius</span> <span class='ocrx_word' id='word_1_235' title='bbox 999 1745 1141 1818; x_wconf 85' lang='lat' dir='ltr'>diximus,</span> <span class='ocrx_word' id='word_1_236' title='bbox 1150 1745 1223 1804; x_wconf 91' lang='lat' dir='ltr'>libet</span> <span class='ocrx_word' id='word_1_237' title='bbox 1233 1750 1266 1804; x_wconf 84' lang='lat' dir='ltr'>&#39;et</span> <span class='ocrx_word' id='word_1_238' title='bbox 1279 1745 1361 1804; x_wconf 90' lang='lat' dir='ltr'>aliud</span> <span class='ocrx_word' id='word_1_239' title='bbox 1374 1745 1433 1804; x_wconf 91' lang='lat' dir='ltr'>mei</span> <span class='ocrx_word' id='word_1_240' title='bbox 1444 1747 1601 1817; x_wconf 86' lang='lat' dir='ltr'>similibus,</span> <span class='ocrx_word' id='word_1_241' title='bbox 1613 1747 1724 1805; x_wconf 88' lang='lat' dir='ltr'>scilicet</span> <span class='ocrx_word' id='word_1_242' title='bbox 1737 1747 1828 1805; x_wconf 90' lang='lat' dir='ltr'>corde</span> 
     </span>
     <span class='ocr_line' id='line_1_19' title="bbox 116 1834 1828 1913; baseline -0.001 -18"><span class='ocrx_word' id='word_1_243' title='bbox 116 1836 154 1895; x_wconf 90' lang='lat' dir='ltr'>de</span> <span class='ocrx_word' id='word_1_244' title='bbox 168 1838 234 1910; x_wconf 87' lang='lat' dir='ltr'>ejus</span> <span class='ocrx_word' id='word_1_245' title='bbox 246 1838 359 1895; x_wconf 83' lang='lat' dir='ltr'>femore</span> <span class='ocrx_word' id='word_1_246' title='bbox 371 1837 402 1894; x_wconf 93' lang='lat' dir='ltr'>in</span> <span class='ocrx_word' id='word_1_247' title='bbox 416 1841 528 1897; x_wconf 86' lang='lat' dir='ltr'>terram</span> <span class='ocrx_word' id='word_1_248' title='bbox 540 1839 656 1897; x_wconf 91' lang='lat' dir='ltr'>cecidit.</span> <span class='ocrx_word' id='word_1_249' title='bbox 670 1843 852 1913; x_wconf 85' lang='lat' dir='ltr'>Factumque</span> <span class='ocrx_word' id='word_1_250' title='bbox 875 1839 944 1911; x_wconf 92' lang='lat' dir='ltr'>hoc,</span> <span class='ocrx_word' id='word_1_251' title='bbox 998 1834 1120 1907; x_wconf 87' lang='lat' dir='ltr'>pollutis</span> <span class='ocrx_word' id='word_1_252' title='bbox 1136 1838 1164 1892; x_wconf 90' lang='lat' dir='ltr'>et</span> <span class='ocrx_word' id='word_1_253' title='bbox 1187 1849 1322 1909; x_wconf 89' lang='lat' dir='ltr'>corpore,</span> <span class='ocrx_word' id='word_1_254' title='bbox 1338 1837 1370 1892; x_wconf 91' lang='lat' dir='ltr'>in</span> <span class='ocrx_word' id='word_1_255' title='bbox 1394 1835 1567 1910; x_wconf 85' lang='lat' dir='ltr'>exemplum</span> <span class='ocrx_word' id='word_1_256' title='bbox 1587 1852 1618 1894; x_wconf 90' lang='lat' dir='ltr'>se</span> <span class='ocrx_word' id='word_1_257' title='bbox 1643 1835 1770 1894; x_wconf 84' lang='lat' dir='ltr'>cavendi</span> <span class='ocrx_word' id='word_1_258' title='bbox 1783 1852 1828 1894; x_wconf 90' lang='lat' dir='ltr'>re·</span> 
     </span>
     <span class='ocr_line' id='line_1_20' title="bbox 116 1923 1830 2001; baseline -0.001 -17"><span class='ocrx_word' id='word_1_259' title='bbox 116 1925 200 2001; x_wconf 89' lang='lat' dir='ltr'>quod</span> <span class='ocrx_word' id='word_1_260' title='bbox 214 1926 323 1984; x_wconf 87' lang='lat' dir='ltr'>exinde</span> <span class='ocrx_word' id='word_1_261' title='bbox 337 1925 455 1983; x_wconf 79' lang='lat' dir='ltr'>milicire</span> <span class='ocrx_word' id='word_1_262' title='bbox 471 1927 547 1984; x_wconf 89' lang='lat' dir='ltr'>leret</span> <span class='ocrx_word' id='word_1_263' title='bbox 560 1927 683 1998; x_wconf 89' lang='lat' dir='ltr'>inutilis,</span> <span class='ocrx_word' id='word_1_264' title='bbox 698 1927 821 1985; x_wconf 86' lang='lat' dir='ltr'>evidens</span> <span class='ocrx_word' id='word_1_265' title='bbox 837 1929 861 1963; x_wconf 87' lang='lat'>⁰⁰</span> <span class='ocrx_word' id='word_1_266' title='bbox 874 1943 944 2001; x_wconf 89' lang='lat' dir='ltr'>por·</span> <span class='ocrx_word' id='word_1_267' title='bbox 999 1924 1085 1992; x_wconf 87' lang='lat' dir='ltr'>ferre,</span> <span class='ocrx_word' id='word_1_268' title='bbox 1101 1923 1186 1998; x_wconf 90' lang='lat' dir='ltr'>quod</span> <span class='ocrx_word' id='word_1_269' title='bbox 1201 1923 1248 1980; x_wconf 93' lang='lat' dir='ltr'>illc</span> <span class='ocrx_word' id='word_1_270' title='bbox 1272 1940 1394 1998; x_wconf 91' lang='lat' dir='ltr'>quoque</span> <span class='ocrx_word' id='word_1_271' title='bbox 1415 1924 1572 1995; x_wconf 81' lang='lat' dir='ltr'>referebat,</span> <span class='ocrx_word' id='word_1_272' title='bbox 1584 1924 1723 1999; x_wconf 89' lang='lat' dir='ltr'>quotiens</span> <span class='ocrx_word' id='word_1_273' title='bbox 1737 1924 1830 1998; x_wconf 86' lang='lat' dir='ltr'>negli-</span> 
     </span>
     <span class='ocr_line' id='line_1_21' title="bbox 116 2012 1719 2096; baseline -0.003 -21"><span class='ocrx_word' id='word_1_274' title='bbox 116 2020 232 2075; x_wconf 90' lang='lat' dir='ltr'>tantum</span> <span class='ocrx_word' id='word_1_275' title='bbox 242 2015 307 2096; x_wconf 83' lang='lat' dir='ltr'>luit.</span> <span class='ocrx_word' id='word_1_276' title='bbox 320 2019 361 2072; x_wconf 92' lang='lat' dir='ltr'>lta</span> <span class='ocrx_word' id='word_1_277' title='bbox 375 2015 564 2086; x_wconf 75' lang='lat' dir='ltr'>Maximinus,</span> <span class='ocrx_word' id='word_1_278' title='bbox 576 2033 646 2074; x_wconf 91' lang='lat' dir='ltr'>cum</span> <span class='ocrx_word' id='word_1_279' title='bbox 660 2017 725 2090; x_wconf 88' lang='lat' dir='ltr'>ejus</span> <span class='ocrx_word' id='word_1_280' title='bbox 742 2016 944 2074; x_wconf 77' lang='grc'><strong>0010100001-</strong></span> <span class='ocrx_word' id='word_1_281' title='bbox 999 2012 1147 2086; x_wconf 88' lang='lat' dir='ltr'>genticres</span> <span class='ocrx_word' id='word_1_282' title='bbox 1163 2013 1208 2070; x_wconf 89' lang='lat' dir='ltr'>vel</span> <span class='ocrx_word' id='word_1_283' title='bbox 1219 2017 1356 2071; x_wconf 86' lang='lat' dir='ltr'>moneret</span> <span class='ocrx_word' id='word_1_284' title='bbox 1365 2013 1412 2070; x_wconf 81' lang='lat' dir='ltr'>rel</span> <span class='ocrx_word' id='word_1_285' title='bbox 1427 2014 1588 2088; x_wconf 89' lang='lat' dir='ltr'>corriperet</span> <span class='ocrx_word' id='word_1_286' title='bbox 1602 2014 1719 2072; x_wconf 85' lang='lat' dir='ltr'>iratres.</span> 
     </span>
    </p>

    <p class='ocr_par' dir='ltr' id='par_1_4' title="bbox 115 2101 1826 2266">
     <span class='ocr_line' id='line_1_22' title="bbox 115 2101 1825 2178; baseline -0.001 -16"><span class='ocrx_word' id='word_1_287' title='bbox 115 2105 219 2162; x_wconf 89' lang='lat' dir='ltr'>bertus</span> <span class='ocrx_word' id='word_1_288' title='bbox 233 2103 354 2178; x_wconf 91' lang='lat' dir='ltr'>publice</span> <span class='ocrx_word' id='word_1_289' title='bbox 368 2103 523 2174; x_wconf 80' lang='lat' dir='ltr'>contusus,</span> <span class='ocrx_word' id='word_1_290' title='bbox 543 2121 615 2162; x_wconf 86' lang='lat' dir='ltr'>mox</span> <span class='ocrx_word' id='word_1_291' title='bbox 639 2105 819 2162; x_wconf 87' lang='lat' dir='ltr'>beneficium</span> <span class='ocrx_word' id='word_1_292' title='bbox 834 2105 943 2174; x_wconf 87' lang='lat' dir='ltr'>amisit,</span> <span class='ocrx_word' id='word_1_293' title='bbox 1036 2107 1079 2160; x_wconf 92' lang='grc'><strong>19.</strong></span> <span class='ocrx_word' id='word_1_294' title='bbox 1100 2101 1229 2170; x_wconf 85' lang='lat' dir='ltr'>Quidam</span> <span class='ocrx_word' id='word_1_295' title='bbox 1252 2101 1283 2160; x_wconf 92' lang='lat' dir='ltr'>in</span> <span class='ocrx_word' id='word_1_296' title='bbox 1304 2102 1363 2160; x_wconf 91' lang='lat' dir='ltr'>hoc</span> <span class='ocrx_word' id='word_1_297' title='bbox 1390 2103 1573 2160; x_wconf 88' lang='lat' dir='ltr'>monasterio</span> <span class='ocrx_word' id='word_1_298' title='bbox 1595 2102 1649 2160; x_wconf 86' lang='lat' dir='ltr'>tuit</span> <span class='ocrx_word' id='word_1_299' title='bbox 1678 2103 1825 2162; x_wconf 87' lang='lat' dir='ltr'>acolithus</span> 
     </span>
     <span class='ocr_line' id='line_1_23' title="bbox 115 2191 1826 2266; baseline 0.001 -18"><span class='ocrx_word' id='word_1_300' title='bbox 115 2192 155 2249; x_wconf 87' lang='lat' dir='ltr'>ad</span> <span class='ocrx_word' id='word_1_301' title='bbox 165 2191 260 2265; x_wconf 89' lang='lat' dir='ltr'>ipsius</span> <span class='ocrx_word' id='word_1_302' title='bbox 274 2191 387 2248; x_wconf 82' lang='lat' dir='ltr'>feritate</span> <span class='ocrx_word' id='word_1_303' title='bbox 402 2207 505 2248; x_wconf 85' lang='lat' dir='ltr'>servos</span> <span class='ocrx_word' id='word_1_304' title='bbox 520 2207 592 2249; x_wconf 90' lang='lat' dir='ltr'>suos</span> <span class='ocrx_word' id='word_1_305' title='bbox 604 2196 739 2266; x_wconf 88' lang='lat' dir='ltr'>potenter</span> <span class='ocrx_word' id='word_1_306' title='bbox 754 2193 871 2266; x_wconf 90' lang='lat' dir='ltr'>eripuit.</span> <span class='ocrx_word' id='word_1_307' title='bbox 1000 2193 1075 2264; x_wconf 88' lang='grc'><strong>(299)</strong></span> <span class='ocrx_word' id='word_1_308' title='bbox 1111 2231 1826 2250; x_wconf 90' lang='grc'><strong>................</strong></span> 
     </span>
    </p>

    <p class='ocr_par' dir='ltr' id='par_1_5' title="bbox 153 2279 943 2355">
     <span class='ocr_line' id='line_1_24' title="bbox 153 2279 943 2355; baseline 0.003 -19"><span class='ocrx_word' id='word_1_309' title='bbox 153 2285 184 2337; x_wconf 83' lang='grc'><strong>17</strong></span> <span class='ocrx_word' id='word_1_310' title='bbox 201 2282 236 2337; x_wconf 89' lang='lat'>⁰⁰.</span> <span class='ocrx_word' id='word_1_311' title='bbox 251 2283 325 2337; x_wconf 87' lang='lat' dir='ltr'>Tum</span> <span class='ocrx_word' id='word_1_312' title='bbox 337 2279 467 2337; x_wconf 88' lang='lat' dir='ltr'>Wenido</span> <span class='ocrx_word' id='word_1_313' title='bbox 491 2285 593 2338; x_wconf 88' lang='lat' dir='ltr'>custos</span> <span class='ocrx_word' id='word_1_314' title='bbox 608 2280 802 2353; x_wconf 81' lang='grc' dir='ltr'><strong>00010010,οε</strong></span> <span class='ocrx_word' id='word_1_315' title='bbox 817 2297 878 2355; x_wconf 91' lang='lat' dir='ltr'>qno</span> <span class='ocrx_word' id='word_1_316' title='bbox 893 2297 943 2338; x_wconf 89' lang='lat' dir='ltr'>su-</span> 
     </span>
    </p>
   </div>
   <div class='ocr_carea' id='block_1_3' title="bbox 795 2405 1146 2466">
    <p class='ocr_par' dir='ltr' id='par_1_6' title="bbox 795 2405 1146 2466">
     <span class='ocr_line' id='line_1_25' title="bbox 795 2405 1146 2466; baseline 0.006 -6"><span class='ocrx_word' id='word_1_317' title='bbox 795 2405 916 2462; x_wconf 77' lang='lat' dir='ltr'>VARlAE</span> <span class='ocrx_word' id='word_1_318' title='bbox 942 2405 1146 2466; x_wconf 68' lang='lat' dir='ltr'>theutones.</span> 
     </span>
    </p>
   </div>
   <div class='ocr_carea' id='block_1_4' title="bbox 115 2534 1826 2804">
    <p class='ocr_par' dir='ltr' id='par_1_7' title="bbox 115 2534 1826 2804">
     <span class='ocr_line' id='line_1_26' title="bbox 149 2534 1821 2608; baseline 0.002 -16"><span class='ocrx_word' id='word_1_319' title='bbox 149 2536 174 2570; x_wconf 90' lang='lat'>⁰⁰</span> <span class='ocrx_word' id='word_1_320' title='bbox 193 2537 410 2592; x_wconf 81' lang='grc'><strong>0000000019.</strong></span> <span class='ocrx_word' id='word_1_321' title='bbox 449 2536 568 2591; x_wconf 49' lang='grc'><strong>110120</strong></span> <span class='ocrx_word' id='word_1_322' title='bbox 600 2537 624 2570; x_wconf 87' lang='lat'>¹¹</span> <span class='ocrx_word' id='word_1_323' title='bbox 644 2534 749 2591; x_wconf 90' lang='lat' dir='ltr'>alberti</span> <span class='ocrx_word' id='word_1_324' title='bbox 763 2542 829 2606; x_wconf 84' lang='lat' dir='ltr'>post</span> <span class='ocrx_word' id='word_1_325' title='bbox 845 2551 922 2593; x_wconf 82' lang='lat' dir='ltr'>cerr.</span> <span class='ocrx_word' id='word_1_326' title='bbox 940 2535 1084 2594; x_wconf 89' lang='lat' dir='ltr'>adelberti</span> <span class='ocrx_word' id='word_1_327' title='bbox 1100 2541 1125 2592; x_wconf 96' lang='grc'><strong>1.</strong></span> <span class='ocrx_word' id='word_1_328' title='bbox 1161 2536 1189 2574; x_wconf 79' lang='lat'>⁰⁰</span> <span class='ocrx_word' id='word_1_329' title='bbox 1208 2535 1367 2608; x_wconf 86' lang='lat' dir='ltr'>tyrannide</span> <span class='ocrx_word' id='word_1_330' title='bbox 1383 2542 1408 2595; x_wconf 94' lang='grc'><strong>1.</strong></span> <span class='ocrx_word' id='word_1_331' title='bbox 1447 2539 1471 2574; x_wconf 83' lang='lat'>⁰⁰</span> <span class='ocrx_word' id='word_1_332' title='bbox 1489 2539 1636 2608; x_wconf 78' lang='lat' dir='ltr'>postcrld.</span> <span class='ocrx_word' id='word_1_333' title='bbox 1655 2543 1679 2606; x_wconf 93' lang='grc'><strong>1,</strong></span> <span class='ocrx_word' id='word_1_334' title='bbox 1699 2537 1780 2596; x_wconf 83' lang='lat' dir='ltr'>deest</span> <span class='ocrx_word' id='word_1_335' title='bbox 1792 2538 1821 2596; x_wconf 83' lang='grc'>2.</span> 
     </span>
     <span class='ocr_line' id='line_1_27' title="bbox 115 2605 1826 2680; baseline 0.002 -18"><span class='ocrx_word' id='word_1_336' title='bbox 115 2608 140 2641; x_wconf 80' lang='lat'>⁰⁵</span> <span class='ocrx_word' id='word_1_337' title='bbox 177 2621 286 2663; x_wconf 77' lang='lat' dir='ltr'>ccccc.</span> <span class='ocrx_word' id='word_1_338' title='bbox 309 2609 336 2672; x_wconf 77' lang='lat' dir='ltr'>l,</span> <span class='ocrx_word' id='word_1_339' title='bbox 375 2607 399 2641; x_wconf 85' lang='lat'>⁰⁰</span> <span class='ocrx_word' id='word_1_340' title='bbox 425 2605 560 2662; x_wconf 84' lang='lat' dir='ltr'>accintus</span> <span class='ocrx_word' id='word_1_341' title='bbox 582 2611 606 2662; x_wconf 93' lang='grc'><strong>1.</strong></span> <span class='ocrx_word' id='word_1_342' title='bbox 646 2608 668 2642; x_wconf 83' lang='lat'>⁰⁰</span> <span class='ocrx_word' id='word_1_343' title='bbox 689 2606 829 2663; x_wconf 86' lang='lat' dir='ltr'>linierunt</span> <span class='ocrx_word' id='word_1_344' title='bbox 852 2611 879 2664; x_wconf 87' lang='grc'>9.</span> <span class='ocrx_word' id='word_1_345' title='bbox 918 2607 1242 2676; x_wconf 69' lang='grc'>110000·.1,010000</span> <span class='ocrx_word' id='word_1_346' title='bbox 1266 2611 1294 2664; x_wconf 90' lang='grc'>2.</span> <span class='ocrx_word' id='word_1_347' title='bbox 1332 2610 1356 2644; x_wconf 88' lang='lat'>⁰¹</span> <span class='ocrx_word' id='word_1_348' title='bbox 1376 2611 1403 2680; x_wconf 88' lang='grc'>2,</span> <span class='ocrx_word' id='word_1_349' title='bbox 1419 2613 1444 2676; x_wconf 88' lang='grc'>9,</span> <span class='ocrx_word' id='word_1_350' title='bbox 1459 2609 1522 2666; x_wconf 84' lang='grc'>000</span> <span class='ocrx_word' id='word_1_351' title='bbox 1535 2609 1826 2668; x_wconf 69' lang='lat' dir='ltr'>riceromzhiracu:</span> 
     </span>
     <span class='ocr_line' id='line_1_28' title="bbox 115 2677 1823 2804; baseline 0.004 -72"><span class='ocrx_word' id='word_1_352' title='bbox 115 2677 522 2804; x_wconf 47' lang='grc' dir='ltr'><strong>11130οηἰο1ἓ100000000000110.</strong></span> <span class='ocrx_word' id='word_1_353' title='bbox 563 2679 598 2713; x_wconf 95' lang='lat'>¹⁰⁰</span> <span class='ocrx_word' id='word_1_354' title='bbox 611 2681 638 2745; x_wconf 92' lang='grc'>2,</span> <span class='ocrx_word' id='word_1_355' title='bbox 650 2681 676 2734; x_wconf 87' lang='grc'>9.</span> <span class='ocrx_word' id='word_1_356' title='bbox 693 2677 764 2734; x_wconf 82' lang='lat' dir='ltr'>cdd.</span> <span class='ocrx_word' id='word_1_357' title='bbox 779 2677 903 2735; x_wconf 79' lang='lat' dir='ltr'>rubram</span> <span class='ocrx_word' id='word_1_358' title='bbox 918 2695 925 2734; x_wconf 74' lang='grc' dir='ltr'><strong>ε</strong></span> <span class='ocrx_word' id='word_1_359' title='bbox 943 2679 1052 2736; x_wconf 87' lang='lat' dir='ltr'>Sancta</span> <span class='ocrx_word' id='word_1_360' title='bbox 1067 2677 1245 2736; x_wconf 90' lang='lat' dir='ltr'>Wenidonis</span> <span class='ocrx_word' id='word_1_361' title='bbox 1261 2680 1460 2737; x_wconf 87' lang='lat' dir='ltr'>conversatio.</span> <span class='ocrx_word' id='word_1_362' title='bbox 1500 2681 1532 2716; x_wconf 91' lang='lat'>¹⁰¹</span> <span class='ocrx_word' id='word_1_363' title='bbox 1551 2695 1578 2738; x_wconf 91' lang='grc'>0.</span> <span class='ocrx_word' id='word_1_364' title='bbox 1595 2681 1626 2739; x_wconf 90' lang='grc'>0.</span> <span class='ocrx_word' id='word_1_365' title='bbox 1637 2681 1744 2739; x_wconf 82' lang='lat' dir='ltr'>desunt</span> <span class='ocrx_word' id='word_1_366' title='bbox 1759 2686 1784 2750; x_wconf 93' lang='grc'><strong>1,</strong></span> <span class='ocrx_word' id='word_1_367' title='bbox 1796 2685 1823 2738; x_wconf 92' lang='grc'>2.</span> 
     </span>
    </p>
   </div>
   <div class='ocr_carea' id='block_1_5' title="bbox 912 2863 1024 2923">
    <p class='ocr_par' dir='ltr' id='par_1_8' title="bbox 912 2863 1024 2923">
     <span class='ocr_line' id='line_1_29' title="bbox 912 2863 1024 2923; baseline -0.009 -2"><span class='ocrx_word' id='word_1_368' title='bbox 912 2863 1024 2923; x_wconf 83' lang='lat' dir='ltr'><strong>NOTAE.</strong></span> 
     </span>
    </p>
   </div>
   <div class='ocr_carea' id='block_1_6' title="bbox 111 2978 1826 3832">
    <p class='ocr_par' dir='ltr' id='par_1_9' title="bbox 111 2978 1826 3832">
     <span class='ocr_line' id='line_1_30' title="bbox 163 2978 1826 3053; baseline 0.002 -19"><span class='ocrx_word' id='word_1_369' title='bbox 163 2981 226 3044; x_wconf 85' lang='grc'><strong>299)</strong></span> <span class='ocrx_word' id='word_1_370' title='bbox 247 2993 273 3035; x_wconf 90' lang='grc'>0.</span> <span class='ocrx_word' id='word_1_371' title='bbox 290 2983 316 3035; x_wconf 85' lang='grc'>5.</span> <span class='ocrx_word' id='word_1_372' title='bbox 959 2979 1071 3036; x_wconf 86' lang='lat' dir='ltr'>csura</span> <span class='ocrx_word' id='word_1_373' title='bbox 1092 2979 1262 3051; x_wconf 75' lang='lat' dir='ltr'>subegerat,</span> <span class='ocrx_word' id='word_1_374' title='bbox 1277 2995 1347 3036; x_wconf 93' lang='lat' dir='ltr'>cum</span> <span class='ocrx_word' id='word_1_375' title='bbox 1370 2979 1499 3052; x_wconf 80' lang='lat' dir='ltr'>propria</span> <span class='ocrx_word' id='word_1_376' title='bbox 1523 2978 1684 3053; x_wconf 89' lang='lat' dir='ltr'>impietatis</span> <span class='ocrx_word' id='word_1_377' title='bbox 1707 2978 1826 3038; x_wconf 85' lang='lat' dir='ltr'>lacibus</span> 
     </span>
     <span class='ocr_line' id='line_1_31' title="bbox 162 3049 1825 3124; baseline 0.002 -20"><span class='ocrx_word' id='word_1_378' title='bbox 162 3053 226 3116; x_wconf 88' lang='grc'><strong>299)</strong></span> <span class='ocrx_word' id='word_1_379' title='bbox 246 3052 349 3106; x_wconf 86' lang='lat' dir='ltr'>Narrat</span> <span class='ocrx_word' id='word_1_380' title='bbox 362 3053 450 3106; x_wconf 88' lang='lat' dir='ltr'>autor</span> <span class='ocrx_word' id='word_1_381' title='bbox 471 3049 501 3106; x_wconf 93' lang='lat' dir='ltr'>in</span> <span class='ocrx_word' id='word_1_382' title='bbox 517 3049 711 3122; x_wconf 89' lang='lat' dir='ltr'>sequentibus</span> <span class='ocrx_word' id='word_1_383' title='bbox 721 3050 862 3124; x_wconf 80' lang='lat' dir='ltr'>quedam</span> <span class='ocrx_word' id='word_1_384' title='bbox 877 3049 943 3106; x_wconf 89' lang='lat' dir='ltr'>nut·</span> <span class='ocrx_word' id='word_1_385' title='bbox 997 3049 1152 3121; x_wconf 85' lang='lat' dir='ltr'>gentilium</span> <span class='ocrx_word' id='word_1_386' title='bbox 1165 3049 1247 3106; x_wconf 89' lang='lat' dir='ltr'>iuror</span> <span class='ocrx_word' id='word_1_387' title='bbox 1257 3065 1420 3108; x_wconf 88' lang='lat' dir='ltr'>succensus</span> <span class='ocrx_word' id='word_1_388' title='bbox 1428 3049 1518 3107; x_wconf 89' lang='lat' dir='ltr'>urbes</span> <span class='ocrx_word' id='word_1_389' title='bbox 1529 3051 1654 3108; x_wconf 82' lang='lat' dir='ltr'>acricos</span> <span class='ocrx_word' id='word_1_390' title='bbox 1668 3054 1696 3108; x_wconf 88' lang='lat' dir='ltr'>ct</span> <span class='ocrx_word' id='word_1_391' title='bbox 1705 3051 1825 3110; x_wconf 84' lang='lat' dir='ltr'>univer-</span> 
     </span>
     <span class='ocr_line' id='line_1_32' title="bbox 115 3119 1825 3194; baseline 0.002 -18"><span class='ocrx_word' id='word_1_392' title='bbox 115 3119 174 3176; x_wconf 91' lang='lat' dir='ltr'>lius</span> <span class='ocrx_word' id='word_1_393' title='bbox 194 3122 337 3177; x_wconf 94' lang='lat' dir='ltr'>momenti</span> <span class='ocrx_word' id='word_1_394' title='bbox 360 3121 398 3177; x_wconf 89' lang='lat' dir='ltr'>de</span> <span class='ocrx_word' id='word_1_395' title='bbox 427 3121 576 3178; x_wconf 83' lang='lat' dir='ltr'>wenilone</span> <span class='ocrx_word' id='word_1_396' title='bbox 604 3121 766 3188; x_wconf 88' lang='lat' dir='ltr'>monacho,</span> <span class='ocrx_word' id='word_1_397' title='bbox 796 3121 942 3192; x_wconf 84' lang='lat' dir='ltr'>Reginero</span> <span class='ocrx_word' id='word_1_398' title='bbox 997 3137 1047 3178; x_wconf 86' lang='lat' dir='ltr'>sas</span> <span class='ocrx_word' id='word_1_399' title='bbox 1063 3121 1171 3177; x_wconf 82' lang='lat' dir='ltr'>Christi</span> <span class='ocrx_word' id='word_1_400' title='bbox 1185 3119 1327 3177; x_wconf 88' lang='lat' dir='ltr'>eeclesias</span> <span class='ocrx_word' id='word_1_401' title='bbox 1341 3120 1463 3190; x_wconf 89' lang='lat' dir='ltr'>ignibus</span> <span class='ocrx_word' id='word_1_402' title='bbox 1475 3121 1674 3193; x_wconf 80' lang='lat' dir='ltr'>conflagraret</span> <span class='ocrx_word' id='word_1_403' title='bbox 1700 3122 1825 3194; x_wconf 88' lang='lat' dir='ltr'>contigit</span> 
     </span>
     <span class='ocr_line' id='line_1_33' title="bbox 114 3165 1824 3316; baseline 0.003 -71"><span class='ocrx_word' id='word_1_404' title='bbox 114 3190 400 3316; x_wconf 60' lang='lat' dir='ltr'>presbyteroquem</span> <span class='ocrx_word' id='word_1_405' title='bbox 410 3191 941 3259; x_wconf 73' lang='lat' dir='ltr'>«antehocbienniumdefunctum»</span> <span class='ocrx_word' id='word_1_406' title='bbox 996 3193 1212 3266; x_wconf 85' lang='lat' dir='ltr'>huncquoque</span> <span class='ocrx_word' id='word_1_407' title='bbox 1227 3191 1333 3248; x_wconf 89' lang='lat' dir='ltr'>urbem</span> <span class='ocrx_word' id='word_1_408' title='bbox 1349 3192 1531 3252; x_wconf 75' lang='lat' dir='ltr'>&#39;trevericam</span> <span class='ocrx_word' id='word_1_409' title='bbox 1544 3209 1614 3250; x_wconf 90' lang='lat' dir='ltr'>cum</span> <span class='ocrx_word' id='word_1_410' title='bbox 1640 3165 1824 3250; x_wconf 78' lang='lat' dir='ltr'>suburbanis</span> 
     </span>
     <span class='ocr_line' id='line_1_34' title="bbox 137 3261 1825 3338; baseline 0.002 -21"><span class='ocrx_word' id='word_1_411' title='bbox 137 3261 196 3326; x_wconf 85' lang='lat' dir='ltr'>icit,</span> <span class='ocrx_word' id='word_1_412' title='bbox 210 3261 361 3319; x_wconf 78' lang='lat' dir='ltr'>llichwrno</span> <span class='ocrx_word' id='word_1_413' title='bbox 376 3263 537 3334; x_wconf 87' lang='lat' dir='ltr'>monacho,</span> <span class='ocrx_word' id='word_1_414' title='bbox 554 3282 569 3317; x_wconf 76' lang='lat' dir='ltr'>c</span> <span class='ocrx_word' id='word_1_415' title='bbox 584 3264 635 3337; x_wconf 91' lang='lat' dir='ltr'>qui</span> <span class='ocrx_word' id='word_1_416' title='bbox 649 3278 729 3319; x_wconf 91' lang='lat' dir='ltr'>nune</span> <span class='ocrx_word' id='word_1_417' title='bbox 745 3279 840 3335; x_wconf 90' lang='lat' dir='ltr'>usque</span> <span class='ocrx_word' id='word_1_418' title='bbox 856 3279 891 3320; x_wconf 90' lang='lat' dir='ltr'>su</span> <span class='ocrx_word' id='word_1_419' title='bbox 915 3279 943 3319; x_wconf 90' lang='grc'>0-</span> <span class='ocrx_word' id='word_1_420' title='bbox 997 3263 1061 3334; x_wconf 87' lang='lat' dir='ltr'>ejus</span> <span class='ocrx_word' id='word_1_421' title='bbox 1072 3262 1185 3319; x_wconf 91' lang='lat' dir='ltr'>eisdem</span> <span class='ocrx_word' id='word_1_422' title='bbox 1194 3261 1314 3319; x_wconf 90' lang='lat' dir='ltr'>casibus</span> <span class='ocrx_word' id='word_1_423' title='bbox 1324 3262 1488 3320; x_wconf 85' lang='lat' dir='ltr'>obnoxiam</span> <span class='ocrx_word' id='word_1_424' title='bbox 1499 3263 1696 3336; x_wconf 86' lang='lat' dir='ltr'>subjacuisse.</span> <span class='ocrx_word' id='word_1_425' title='bbox 1709 3267 1742 3320; x_wconf 82' lang='lat' dir='ltr'>Mt</span> <span class='ocrx_word' id='word_1_426' title='bbox 1751 3281 1825 3338; x_wconf 91' lang='lat' dir='ltr'>quc-</span> 
     </span>
     <span class='ocr_line' id='line_1_35' title="bbox 114 3279 1824 3408; baseline 0.001 -20"><span class='ocrx_word' id='word_1_427' title='bbox 114 3338 175 3388; x_wconf 87' lang='lat' dir='ltr'>rest</span> <span class='ocrx_word' id='word_1_428' title='bbox 189 3353 216 3403; x_wconf 84' lang='lat'>›,</span> <span class='ocrx_word' id='word_1_429' title='bbox 231 3333 353 3390; x_wconf 89' lang='lat' dir='ltr'>Willero</span> <span class='ocrx_word' id='word_1_430' title='bbox 366 3340 394 3390; x_wconf 90' lang='lat' dir='ltr'>et</span> <span class='ocrx_word' id='word_1_431' title='bbox 408 3334 531 3391; x_wconf 80' lang='lat' dir='ltr'>Wilrero</span> <span class='ocrx_word' id='word_1_432' title='bbox 545 3333 707 3391; x_wconf 87' lang='lat' dir='ltr'>abbatibus</span> <span class='ocrx_word' id='word_1_433' title='bbox 721 3334 755 3405; x_wconf 85' lang='lat' dir='ltr'>(c.</span> <span class='ocrx_word' id='word_1_434' title='bbox 773 3335 874 3406; x_wconf 80' lang='grc'><strong>2921),</strong></span> <span class='ocrx_word' id='word_1_435' title='bbox 892 3279 942 3389; x_wconf 63' lang='lat' dir='ltr'>ge·</span> <span class='ocrx_word' id='word_1_436' title='bbox 996 3335 1079 3390; x_wconf 89' lang='lat' dir='ltr'>niam</span> <span class='ocrx_word' id='word_1_437' title='bbox 1091 3339 1152 3390; x_wconf 89' lang='lat' dir='ltr'>tarn</span> <span class='ocrx_word' id='word_1_438' title='bbox 1168 3333 1340 3391; x_wconf 86' lang='lat' dir='ltr'>miserenda</span> <span class='ocrx_word' id='word_1_439' title='bbox 1353 3334 1462 3391; x_wconf 90' lang='lat' dir='ltr'>civium</span> <span class='ocrx_word' id='word_1_440' title='bbox 1475 3340 1589 3406; x_wconf 86' lang='lat' dir='ltr'>strages</span> <span class='ocrx_word' id='word_1_441' title='bbox 1600 3333 1744 3408; x_wconf 86' lang='lat' dir='ltr'>urbisque</span> <span class='ocrx_word' id='word_1_442' title='bbox 1754 3335 1824 3391; x_wconf 89' lang='lat' dir='ltr'>suh·</span> 
     </span>
     <span class='ocr_line' id='line_1_36' title="bbox 114 3403 1823 3487; baseline 0.002 -28"><span class='ocrx_word' id='word_1_443' title='bbox 114 3406 204 3476; x_wconf 87' lang='lat' dir='ltr'>nique</span> <span class='ocrx_word' id='word_1_444' title='bbox 233 3403 429 3478; x_wconf 87' lang='lat' dir='ltr'>reliquiarum</span> <span class='ocrx_word' id='word_1_445' title='bbox 454 3407 482 3462; x_wconf 90' lang='lat' dir='ltr'>S.</span> <span class='ocrx_word' id='word_1_446' title='bbox 508 3405 667 3476; x_wconf 76' lang='lat' dir='ltr'>Maximini,</span> <span class='ocrx_word' id='word_1_447' title='bbox 697 3407 941 3461; x_wconf 89' lang='lat' dir='ltr'>Normannorum</span> <span class='ocrx_word' id='word_1_448' title='bbox 995 3405 1093 3461; x_wconf 79' lang='lat' dir='ltr'>versio</span> <span class='ocrx_word' id='word_1_449' title='bbox 1108 3404 1272 3487; x_wconf 80' lang='lat' dir='ltr'>improuisa</span> <span class='ocrx_word' id='word_1_450' title='bbox 1288 3421 1323 3462; x_wconf 89' lang='grc'>00</span> <span class='ocrx_word' id='word_1_451' title='bbox 1337 3405 1436 3462; x_wconf 86' lang='lat' dir='ltr'>subita</span> <span class='ocrx_word' id='word_1_452' title='bbox 1450 3406 1586 3462; x_wconf 83' lang='lat' dir='ltr'>evenisse</span> <span class='ocrx_word' id='word_1_453' title='bbox 1601 3406 1751 3474; x_wconf 86' lang='lat' dir='ltr'>asseritur,</span> <span class='ocrx_word' id='word_1_454' title='bbox 1765 3405 1823 3463; x_wconf 92' lang='lat' dir='ltr'>hcc</span> 
     </span>
     <span class='ocr_line' id='line_1_37' title="bbox 113 3475 1823 3548; baseline 0.001 -18"><span class='ocrx_word' id='word_1_455' title='bbox 113 3479 247 3548; x_wconf 86' lang='lat' dir='ltr'>tompore</span> <span class='ocrx_word' id='word_1_456' title='bbox 262 3475 495 3543; x_wconf 87' lang='lat' dir='ltr'>reconditarum,</span> <span class='ocrx_word' id='word_1_457' title='bbox 508 3475 779 3532; x_wconf 78' lang='lat' dir='ltr'>inventionemsuh</span> <span class='ocrx_word' id='word_1_458' title='bbox 792 3475 942 3532; x_wconf 85' lang='lat' dir='ltr'>Matbodo·</span> <span class='ocrx_word' id='word_1_459' title='bbox 995 3479 1211 3533; x_wconf 79' lang='lat' dir='ltr'>monasterium</span> <span class='ocrx_word' id='word_1_460' title='bbox 1236 3476 1311 3533; x_wconf 86' lang='lat' dir='ltr'>inter</span> <span class='ocrx_word' id='word_1_461' title='bbox 1330 3480 1507 3533; x_wconf 84' lang='lat' dir='ltr'>coetcranon</span> <span class='ocrx_word' id='word_1_462' title='bbox 1532 3476 1630 3534; x_wconf 86' lang='lat' dir='ltr'>solum</span> <span class='ocrx_word' id='word_1_463' title='bbox 1649 3491 1823 3533; x_wconf 89' lang='lat' dir='ltr'>concrema-</span> 
     </span>
     <span class='ocr_line' id='line_1_38' title="bbox 112 3545 1822 3628; baseline 0.001 -26"><span class='ocrx_word' id='word_1_464' title='bbox 112 3561 150 3602; x_wconf 86' lang='lat' dir='ltr'>ns</span> <span class='ocrx_word' id='word_1_465' title='bbox 165 3546 358 3628; x_wconf 86' lang='lat' dir='ltr'>episcopo(c.</span> <span class='ocrx_word' id='word_1_466' title='bbox 373 3549 476 3618; x_wconf 81' lang='grc'><strong>26-29),</strong></span> <span class='ocrx_word' id='word_1_467' title='bbox 491 3546 651 3620; x_wconf 84' lang='lat' dir='ltr'>exquibus</span> <span class='ocrx_word' id='word_1_468' title='bbox 676 3546 740 3603; x_wconf 77' lang='lat' dir='ltr'>haec</span> <span class='ocrx_word' id='word_1_469' title='bbox 764 3551 878 3604; x_wconf 86' lang='lat' dir='ltr'>tuntum</span> <span class='ocrx_word' id='word_1_470' title='bbox 903 3546 941 3602; x_wconf 90' lang='lat' dir='ltr'>de</span> <span class='ocrx_word' id='word_1_471' title='bbox 997 3550 1059 3603; x_wconf 89' lang='lat' dir='ltr'>tum</span> <span class='ocrx_word' id='word_1_472' title='bbox 1078 3550 1132 3618; x_wconf 86' lang='lat' dir='ltr'>est,</span> <span class='ocrx_word' id='word_1_473' title='bbox 1153 3545 1207 3604; x_wconf 91' lang='lat' dir='ltr'>sed</span> <span class='ocrx_word' id='word_1_474' title='bbox 1227 3551 1309 3604; x_wconf 86' lang='lat' dir='ltr'>tantu</span> <span class='ocrx_word' id='word_1_475' title='bbox 1332 3547 1552 3604; x_wconf 87' lang='lat' dir='ltr'>monachorum</span> <span class='ocrx_word' id='word_1_476' title='bbox 1572 3553 1600 3604; x_wconf 89' lang='lat' dir='ltr'>ot</span> <span class='ocrx_word' id='word_1_477' title='bbox 1616 3547 1822 3604; x_wconf 80' lang='lat' dir='ltr'>ecclesiastice</span> 
     </span>
     <span class='ocr_line' id='line_1_39' title="bbox 112 3617 1821 3692; baseline 0.001 -19"><span class='ocrx_word' id='word_1_478' title='bbox 112 3619 291 3674; x_wconf 81' lang='lat' dir='ltr'>Mormannrs</span> <span class='ocrx_word' id='word_1_479' title='bbox 302 3617 557 3692; x_wconf 76' lang='lat' dir='ltr'>e.ac‚reeiptenda</span> <span class='ocrx_word' id='word_1_480' title='bbox 571 3618 659 3674; x_wconf 81' lang='lat' dir='ltr'>duxi:</span> <span class='ocrx_word' id='word_1_481' title='bbox 674 3638 688 3670; x_wconf 84' lang='lat'><strong>‹</strong></span> <span class='ocrx_word' id='word_1_482' title='bbox 701 3621 740 3674; x_wconf 83' lang='lat' dir='ltr'>Ea</span> <span class='ocrx_word' id='word_1_483' title='bbox 753 3621 939 3692; x_wconf 83' lang='lat' dir='ltr'>tempestate,</span> <span class='ocrx_word' id='word_1_484' title='bbox 995 3617 1115 3674; x_wconf 75' lang='lat' dir='ltr'>lumiliue</span> <span class='ocrx_word' id='word_1_485' title='bbox 1130 3617 1211 3674; x_wconf 83' lang='lat' dir='ltr'>ccede</span> <span class='ocrx_word' id='word_1_486' title='bbox 1226 3617 1420 3692; x_wconf 90' lang='lat' dir='ltr'>completum,</span> <span class='ocrx_word' id='word_1_487' title='bbox 1436 3623 1469 3675; x_wconf 91' lang='lat' dir='ltr'>ut</span> <span class='ocrx_word' id='word_1_488' title='bbox 1481 3635 1518 3675; x_wconf 94' lang='lat' dir='ltr'>nc</span> <span class='ocrx_word' id='word_1_489' title='bbox 1533 3633 1612 3675; x_wconf 90' lang='lat' dir='ltr'>unus</span> <span class='ocrx_word' id='word_1_490' title='bbox 1625 3618 1749 3692; x_wconf 88' lang='lat' dir='ltr'>quidem</span> <span class='ocrx_word' id='word_1_491' title='bbox 1771 3634 1821 3674; x_wconf 89' lang='lat' dir='ltr'>su-</span> 
     </span>
     <span class='ocr_line' id='line_1_40' title="bbox 111 3688 1820 3812; baseline 0.002 -71"><span class='ocrx_word' id='word_1_492' title='bbox 111 3703 174 3760; x_wconf 87' lang='lat' dir='ltr'>que</span> <span class='ocrx_word' id='word_1_493' title='bbox 203 3703 280 3812; x_wconf 75' lang='lat' dir='ltr'>pene</span> <span class='ocrx_word' id='word_1_494' title='bbox 312 3689 484 3746; x_wconf 85' lang='lat' dir='ltr'>universam</span> <span class='ocrx_word' id='word_1_495' title='bbox 507 3688 631 3746; x_wconf 77' lang='lat' dir='ltr'>Gallieni</span> <span class='ocrx_word' id='word_1_496' title='bbox 662 3689 940 3745; x_wconf 80' lang='lat' dir='ltr'>Murthnrunnotum</span> <span class='ocrx_word' id='word_1_497' title='bbox 993 3693 1108 3762; x_wconf 87' lang='lat' dir='ltr'>perstas</span> <span class='ocrx_word' id='word_1_498' title='bbox 1126 3695 1293 3745; x_wconf 87' lang='lat' dir='ltr'>remuneret</span> <span class='ocrx_word' id='word_1_499' title='bbox 1305 3705 1340 3746; x_wconf 88' lang='lat' dir='ltr'>ex</span> <span class='ocrx_word' id='word_1_500' title='bbox 1358 3689 1512 3760; x_wconf 79' lang='lat' dir='ltr'>erunibus,</span> <span class='ocrx_word' id='word_1_501' title='bbox 1525 3689 1573 3745; x_wconf 90' lang='lat' dir='ltr'>eni</span> <span class='ocrx_word' id='word_1_502' title='bbox 1585 3695 1674 3746; x_wconf 91' lang='lat' dir='ltr'>notus</span> <span class='ocrx_word' id='word_1_503' title='bbox 1686 3693 1765 3746; x_wconf 85' lang='lat' dir='ltr'>osset</span> <span class='ocrx_word' id='word_1_504' title='bbox 1776 3689 1820 3745; x_wconf 93' lang='lat' dir='ltr'>lo-</span> 
     </span>
     <span class='ocr_line' id='line_1_41' title="bbox 112 3757 1783 3832; baseline -0.002 -19"><span class='ocrx_word' id='word_1_505' title='bbox 112 3757 204 3814; x_wconf 89' lang='lat' dir='ltr'>crude</span> <span class='ocrx_word' id='word_1_506' title='bbox 216 3758 277 3814; x_wconf 86' lang='lat' dir='ltr'>itali</span> <span class='ocrx_word' id='word_1_507' title='bbox 286 3757 450 3816; x_wconf 86' lang='lat' dir='ltr'>feriendam</span> <span class='ocrx_word' id='word_1_508' title='bbox 461 3759 570 3816; x_wconf 80' lang='lat' dir='ltr'>dirime</span> <span class='ocrx_word' id='word_1_509' title='bbox 585 3761 667 3815; x_wconf 88' lang='lat' dir='ltr'>anim</span> <span class='ocrx_word' id='word_1_510' title='bbox 678 3760 856 3816; x_wconf 83' lang='lat' dir='ltr'>drersionis</span> <span class='ocrx_word' id='word_1_511' title='bbox 871 3770 939 3816; x_wconf 85' lang='lat' dir='ltr'>cen-</span> <span class='ocrx_word' id='word_1_512' title='bbox 992 3776 1045 3816; x_wconf 90' lang='lat' dir='ltr'>cus</span> <span class='ocrx_word' id='word_1_513' title='bbox 1061 3759 1177 3830; x_wconf 92' lang='lat' dir='ltr'>tumuli,</span> <span class='ocrx_word' id='word_1_514' title='bbox 1191 3775 1253 3832; x_wconf 92' lang='lat' dir='ltr'>quc</span> <span class='ocrx_word' id='word_1_515' title='bbox 1265 3775 1357 3816; x_wconf 78' lang='lat' dir='ltr'>sacrae</span> <span class='ocrx_word' id='word_1_516' title='bbox 1372 3760 1504 3832; x_wconf 79' lang='lat' dir='ltr'>reliquiae</span> <span class='ocrx_word' id='word_1_517' title='bbox 1520 3759 1751 3816; x_wconf 90' lang='lat' dir='ltr'>claudebantur.</span> <span class='ocrx_word' id='word_1_518' title='bbox 1769 3782 1783 3810; x_wconf 72' lang='lat' dir='ltr'>s</span> 
     </span>
    </p>
   </div>
   <div class='ocr_carea' id='block_1_7' title="bbox 113 3929 1818 3968">
    <p class='ocr_par' dir='ltr' id='par_1_10' title="bbox 113 3929 1818 3968">
     <span class='ocr_line' id='line_1_42' title="bbox 113 3929 1818 3968; baseline 0.002 -6"><span class='ocrx_word' id='word_1_519' title='bbox 113 3929 1818 3968; x_wconf 57' lang='lat' dir='ltr'>m</span> 
     </span>
    </p>
   </div>
   <div class='ocr_carea' id='block_1_8' title="bbox 719 4084 1211 4142">
    <p class='ocr_par' dir='ltr' id='par_1_11' title="bbox 719 4084 1211 4142">
     <span class='ocr_line' id='line_1_43' title="bbox 719 4084 1211 4142; baseline -0.004 -17"><span class='ocrx_word' id='word_1_520' title='bbox 719 4085 799 4126; x_wconf 73' lang='lat' dir='ltr'>staca</span> <span class='ocrx_word' id='word_1_521' title='bbox 820 4085 912 4142; x_wconf 64' lang='lat' dir='ltr'>tundit</span> <span class='ocrx_word' id='word_1_522' title='bbox 932 4084 1026 4126; x_wconf 71' lang='lat' dir='ltr'>boutst</span> <span class='ocrx_word' id='word_1_523' title='bbox 1046 4084 1211 4126; x_wconf 77' lang='lat' dir='ltr'>cccccaxttt.</span> 
     </span>
    </p>
   </div>
   <div class='ocr_carea' id='block_1_9' title="bbox 657 4255 1276 4404">
    <p class='ocr_par' dir='ltr' id='par_1_12' title="bbox 657 4255 1276 4404">
     <span class='ocr_line' id='line_1_44' title="bbox 657 4255 1276 4404; baseline -0.005 -6"><span class='ocrx_word' id='word_1_524' title='bbox 657 4255 1276 4404; x_wconf 82' lang='lat' dir='ltr'>FRIDEGODUS</span> 
     </span>
    </p>
   </div>
   <div class='ocr_carea' id='block_1_10' title="bbox 732 4513 1203 4571">
    <p class='ocr_par' dir='ltr' id='par_1_13' title="bbox 732 4513 1203 4571">
     <span class='ocr_line' id='line_1_45' title="bbox 732 4513 1203 4571; baseline 0 -1"><span class='ocrx_word' id='word_1_525' title='bbox 732 4515 983 4571; x_wconf 78' lang='lat' dir='ltr'>lllilllllllC&#39;l&#39;lNUS</span> <span class='ocrx_word' id='word_1_526' title='bbox 1003 4513 1203 4570; x_wconf 80' lang='lat' dir='ltr'>thNhCllUS.</span> 
     </span>
    </p>
   </div>
   <div class='ocr_carea' id='block_1_11' title="bbox 433 4789 1481 4923">
    <p class='ocr_par' dir='ltr' id='par_1_14' title="bbox 433 4789 1481 4923">
     <span class='ocr_line' id='line_1_46' title="bbox 433 4789 1481 4923; baseline -0.007 0"><span class='ocrx_word' id='word_1_527' title='bbox 433 4842 655 4923; x_wconf 80' lang='grc'><strong>00000</strong></span> <span class='ocrx_word' id='word_1_528' title='bbox 688 4839 979 4922; x_wconf 78' lang='lat' dir='ltr'>uterorum</span> <span class='ocrx_word' id='word_1_529' title='bbox 1016 4839 1073 4922; x_wconf 84' lang='lat' dir='ltr'>ru</span> <span class='ocrx_word' id='word_1_530' title='bbox 1110 4789 1481 4920; x_wconf 80' lang='grc'><strong>1000000000.</strong></span> 
     </span>
    </p>
   </div>
   <div class='ocr_carea' id='block_1_12' title="bbox 655 5037 1272 5114">
    <p class='ocr_par' dir='ltr' id='par_1_15' title="bbox 655 5037 1272 5114">
     <span class='ocr_line' id='line_1_47' title="bbox 655 5037 1272 5114; baseline -0.006 -20"><span class='ocrx_word' id='word_1_531' title='bbox 655 5041 791 5114; x_wconf 66' lang='lat' dir='ltr'>(reci-tc,</span> <span class='ocrx_word' id='word_1_532' title='bbox 807 5039 987 5096; x_wconf 73' lang='lat' dir='ltr'>bibliotheca</span> <span class='ocrx_word' id='word_1_533' title='bbox 1002 5037 1182 5093; x_wconf 68' lang='lat' dir='ltr'>mouerint.</span> <span class='ocrx_word' id='word_1_534' title='bbox 1197 5037 1272 5108; x_wconf 78' lang='lat' dir='ltr'>Lat)</span> 
     </span>
    </p>
   </div>
   <div class='ocr_carea' id='block_1_13' title="bbox 850 5223 1063 5238">
    <p class='ocr_par' dir='ltr' id='par_1_16' title="bbox 850 5223 1063 5238">
     <span class='ocr_line' id='line_1_48' title="bbox 850 5223 1063 5238; baseline -0.005 -1"><span class='ocrx_word' id='word_1_535' title='bbox 850 5223 1063 5238; x_wconf 54' lang='lat' dir='ltr'>m</span> 
     </span>
    </p>
   </div>
   <div class='ocr_carea' id='block_1_14' title="bbox 108 5349 1815 5567">
    <p class='ocr_par' dir='ltr' id='par_1_17' title="bbox 108 5349 1815 5567">
     <span class='ocr_line' id='line_1_49' title="bbox 145 5349 1813 5441; baseline -0.01 -19"><span class='ocrx_word' id='word_1_536' title='bbox 145 5365 339 5438; x_wconf 83' lang='lat' dir='ltr'>Fridegodus,</span> <span class='ocrx_word' id='word_1_537' title='bbox 353 5366 522 5424; x_wconf 87' lang='lat' dir='ltr'>monachus</span> <span class='ocrx_word' id='word_1_538' title='bbox 536 5365 596 5423; x_wconf 88' lang='lat' dir='ltr'>iani</span> <span class='ocrx_word' id='word_1_539' title='bbox 614 5366 778 5424; x_wconf 85' lang='lat' dir='ltr'>servatoris</span> <span class='ocrx_word' id='word_1_540' title='bbox 792 5367 954 5425; x_wconf 85' lang='lat' dir='ltr'>tlurorerni</span> <span class='ocrx_word' id='word_1_541' title='bbox 968 5366 1142 5424; x_wconf 81' lang='lat' dir='ltr'>cantiorum</span> <span class='ocrx_word' id='word_1_542' title='bbox 1157 5365 1219 5423; x_wconf 87' lang='lat' dir='ltr'>sire</span> <span class='ocrx_word' id='word_1_543' title='bbox 1242 5363 1473 5428; x_wconf 81' lang='lat' dir='ltr'>cantuariensis,</span> <span class='ocrx_word' id='word_1_544' title='bbox 1494 5357 1606 5441; x_wconf 78' lang='lat' dir='ltr'>ordinis</span> <span class='ocrx_word' id='word_1_545' title='bbox 1622 5349 1813 5434; x_wconf 64' lang='grc'><strong>3000000001,</strong></span> 
     </span>
     <span class='ocr_line' id='line_1_50' title="bbox 108 5427 1815 5567; baseline -0.007 -75"><span class='ocrx_word' id='word_1_546' title='bbox 108 5435 188 5494; x_wconf 89' lang='lat' dir='ltr'>cirea</span> <span class='ocrx_word' id='word_1_547' title='bbox 197 5453 313 5494; x_wconf 90' lang='lat' dir='ltr'>annum</span> <span class='ocrx_word' id='word_1_548' title='bbox 324 5437 490 5494; x_wconf 77' lang='grc'><strong>1000009911</strong></span> <span class='ocrx_word' id='word_1_549' title='bbox 508 5438 604 5494; x_wconf 84' lang='lat' dir='ltr'>Vitem</span> <span class='ocrx_word' id='word_1_550' title='bbox 616 5437 801 5502; x_wconf 65' lang='grc'><strong>00000001,</strong></span> <span class='ocrx_word' id='word_1_551' title='bbox 814 5437 1352 5567; x_wconf 45' lang='grc'><strong>00000010010501110100100300010,00.</strong></span> <span class='ocrx_word' id='word_1_552' title='bbox 1361 5433 1661 5501; x_wconf 65' lang='grc' dir='ltr'><strong>607001000οφοοεο</strong></span> <span class='ocrx_word' id='word_1_553' title='bbox 1670 5427 1815 5496; x_wconf 78' lang='lat' dir='ltr'>scapum</span> 
     </span>
    </p>
   </div>
   <div class='ocr_carea' id='block_1_15' title="bbox 107 5493 1911 5726">
    <p class='ocr_par' dir='ltr' id='par_1_18' title="bbox 107 5493 1911 5726">
     <span class='ocr_line' id='line_1_51' title="bbox 109 5493 1911 5583; baseline -0.008 -19"><span class='ocrx_word' id='word_1_554' title='bbox 109 5508 166 5564; x_wconf 90' lang='lat' dir='ltr'>suh</span> <span class='ocrx_word' id='word_1_555' title='bbox 180 5507 271 5579; x_wconf 85' lang='lat' dir='ltr'>hujus</span> <span class='ocrx_word' id='word_1_556' title='bbox 283 5507 404 5564; x_wconf 86' lang='lat' dir='ltr'>nomine</span> <span class='ocrx_word' id='word_1_557' title='bbox 415 5507 508 5564; x_wconf 89' lang='lat' dir='ltr'>edidit</span> <span class='ocrx_word' id='word_1_558' title='bbox 518 5507 621 5564; x_wconf 90' lang='lat' dir='ltr'>Surius</span> <span class='ocrx_word' id='word_1_559' title='bbox 632 5508 671 5565; x_wconf 89' lang='lat' dir='ltr'>ad</span> <span class='ocrx_word' id='word_1_560' title='bbox 683 5512 718 5564; x_wconf 85' lang='grc'><strong>2-1</strong></span> <span class='ocrx_word' id='word_1_561' title='bbox 728 5509 866 5582; x_wconf 79' lang='lat' dir='ltr'>Augusti,</span> <span class='ocrx_word' id='word_1_562' title='bbox 883 5512 978 5568; x_wconf 84' lang='lat' dir='ltr'>Vitam</span> <span class='ocrx_word' id='word_1_563' title='bbox 1038 5509 1184 5580; x_wconf 73' lang='lat' dir='ltr'>wilfridi,</span> <span class='ocrx_word' id='word_1_564' title='bbox 1197 5506 1392 5566; x_wconf 85' lang='lat' dir='ltr'>Eboraccnsis</span> <span class='ocrx_word' id='word_1_565' title='bbox 1402 5497 1617 5583; x_wconf 86' lang='lat' dir='ltr'>archiepiscopi</span> <span class='ocrx_word' id='word_1_566' title='bbox 1627 5493 1690 5568; x_wconf 85' lang='lat' dir='ltr'>(qui</span> <span class='ocrx_word' id='word_1_567' title='bbox 1700 5509 1750 5552; x_wconf 91' lang='lat' dir='ltr'>an.</span> <span class='ocrx_word' id='word_1_568' title='bbox 1762 5497 1812 5551; x_wconf 81' lang='grc'><strong>0111</strong></span> <span class='ocrx_word' id='word_1_569' title='bbox 1909 5539 1911 5542; x_wconf 95' lang='grc'><strong>.</strong></span> 
     </span>
     <span class='ocr_line' id='line_1_52' title="bbox 107 5567 1816 5656; baseline -0.009 -21"><span class='ocrx_word' id='word_1_570' title='bbox 107 5578 205 5648; x_wconf 85' lang='grc'><strong>01011),</strong></span> <span class='ocrx_word' id='word_1_571' title='bbox 215 5577 351 5634; x_wconf 84' lang='lat' dir='ltr'>versibus</span> <span class='ocrx_word' id='word_1_572' title='bbox 361 5577 542 5635; x_wconf 87' lang='lat' dir='ltr'>hexametris</span> <span class='ocrx_word' id='word_1_573' title='bbox 552 5577 593 5634; x_wconf 90' lang='lat' dir='ltr'>ad</span> <span class='ocrx_word' id='word_1_574' title='bbox 606 5579 753 5646; x_wconf 88' lang='lat' dir='ltr'>odonem,</span> <span class='ocrx_word' id='word_1_575' title='bbox 765 5581 1028 5656; x_wconf 87' lang='lat' dir='ltr'>archiepiscopum</span> <span class='ocrx_word' id='word_1_576' title='bbox 1037 5581 1292 5648; x_wconf 81' lang='lat' dir='ltr'>cantuariensem,</span> <span class='ocrx_word' id='word_1_577' title='bbox 1301 5575 1432 5646; x_wconf 84' lang='lat' dir='ltr'>vulgarit</span> <span class='ocrx_word' id='word_1_578' title='bbox 1445 5571 1630 5632; x_wconf 82' lang='lat' dir='ltr'>Mabrllomus</span> <span class='ocrx_word' id='word_1_579' title='bbox 1641 5581 1709 5622; x_wconf 84' lang='lat' dir='ltr'>erec.</span> <span class='ocrx_word' id='word_1_580' title='bbox 1725 5581 1755 5620; x_wconf 88' lang='lat' dir='ltr'>nr</span> <span class='ocrx_word' id='word_1_581' title='bbox 1766 5567 1816 5620; x_wconf 86' lang='lat' dir='ltr'>lte-</span> 
     </span>
     <span class='ocr_line' id='line_1_53' title="bbox 108 5634 1816 5726; baseline -0.002 -18"><span class='ocrx_word' id='word_1_582' title='bbox 108 5649 244 5718; x_wconf 81' lang='grc'><strong>0001110,</strong></span> <span class='ocrx_word' id='word_1_583' title='bbox 259 5663 328 5724; x_wconf 88' lang='lat' dir='ltr'>pag.</span> <span class='ocrx_word' id='word_1_584' title='bbox 347 5653 409 5721; x_wconf 84' lang='grc'><strong>1119,</strong></span> <span class='ocrx_word' id='word_1_585' title='bbox 424 5653 454 5708; x_wconf 87' lang='grc'>01</span> <span class='ocrx_word' id='word_1_586' title='bbox 467 5648 711 5726; x_wconf 87' lang='lat' dir='ltr'>supplementum</span> <span class='ocrx_word' id='word_1_587' title='bbox 723 5651 860 5724; x_wconf 85' lang='lat' dir='ltr'>ejusdem</span> <span class='ocrx_word' id='word_1_588' title='bbox 873 5667 911 5713; x_wconf 89' lang='lat' dir='ltr'>ex</span> <span class='ocrx_word' id='word_1_589' title='bbox 923 5651 1025 5713; x_wconf 84' lang='lat' dir='ltr'>codiee</span> <span class='ocrx_word' id='word_1_590' title='bbox 1038 5651 1215 5711; x_wconf 83' lang='lat' dir='ltr'>cottoniano</span> <span class='ocrx_word' id='word_1_591' title='bbox 1230 5660 1431 5726; x_wconf 69' lang='grc'><strong>00010300.</strong></span> <span class='ocrx_word' id='word_1_592' title='bbox 1443 5647 1507 5705; x_wconf 76' lang='grc'><strong>122.</strong></span> <span class='ocrx_word' id='word_1_593' title='bbox 1520 5645 1651 5701; x_wconf 77' lang='lat' dir='ltr'>loannes</span> <span class='ocrx_word' id='word_1_594' title='bbox 1664 5634 1770 5694; x_wconf 66' lang='grc'><strong>3910113</strong></span> <span class='ocrx_word' id='word_1_595' title='bbox 1780 5637 1816 5694; x_wconf 79' lang='lat'>¹¹·</span> 
     </span>
    </p>
   </div>
   <div class='ocr_carea' id='block_1_16' title="bbox 0 0 2058 6148">
    <p class='ocr_par' dir='ltr' id='par_1_19' title="bbox 0 0 2058 6148">
     <span class='ocr_line' id='line_1_54' title="bbox 0 0 2058 6148; baseline 0 1"><span class='ocrx_word' id='word_1_596' title='bbox 0 0 2058 6148; x_wconf 95' lang='lat' dir='ltr'> </span> 
     </span>
    </p>
   </div>
  </div>
 </body>
</html>
