4104 6162
142 201 193 256 99
553 200 598 254 ue
617 161 697 254 991
716 199 744 256 9.
766 197 917 254 caurum
937 193 1077 252 comus
1094 193 1270 256 1999119.
1288 231 1323 242 -
1350 204 1415 258 ua
1434 203 1455 257 r.
1514 157 1517 168 ⁸
1807 200 1859 256 sss

141 319 185 378 les
199 335 305 378 vassos
317 321 473 378 insolentia
489 320 698 378 marchionum
716 321 773 378 sibi
788 321 970 391 subjugave·
988 321 1013 379 A
1029 318 1104 375 citus
1118 319 1305 394 adpraedam
1321 340 1435 392 versus,
1454 329 1597 398 tanquam
1623 324 1723 380 hostes
1735 323 1859 391 Wilelmi

140 414 196 466 rat.
210 412 276 466 tam
288 410 389 482 itaque
403 409 567 466 multarum
586 425 746 466 causarum
761 407 973 483 experimentis
1028 423 1221 482 persequens,
1235 417 1328 468 totam
1342 413 1495 482 regionem
1507 414 1590 470 illem
1602 412 1855 487 depopulabatur.

141 498 305 572 probatum
320 498 424 567 iuerat,
440 499 534 571 quod,
550 503 582 554 ut
597 499 742 571 scriptum
761 503 818 566 est,
833 497 972 569 omnipo·
1029 497 1093 562 Qua
1105 514 1196 554 causa
1211 501 1315 558 incolae
1331 501 1387 557 sibi
1399 505 1547 567 umentes,
1563 501 1754 559 facultatibus
1764 518 1856 586 expo·

140 593 207 645 tens
227 592 292 644 erat
316 591 420 644 contra
438 587 540 644 hostes
562 587 691 645 Geraldi.
712 586 974 654 Quibusvidelicet
1028 585 1101 655 sitis,
1115 586 1279 658 fugiebant,
1296 605 1351 646 neo
1365 589 1498 645 invenire
1513 595 1630 662 poterat
1644 591 1696 664 qui
1713 590 1856 648 ministris

141 677 183 734 ita
204 675 416 750 insuperabilis
439 675 608 744 videbatur,
624 681 657 733 ut
684 677 810 744 malum,
835 675 919 749 quod
946 674 972 730 ei
1027 674 1093 744 cius
1107 675 1215 749 stipem
1230 677 1420 734 vendidisset.
1438 679 1513 736 Cum
1527 692 1599 746 ergo
1614 678 1688 734 nibil
1701 679 1854 736 ademen-

141 770 310 840 perstruere
326 765 510 836 molirentur,
525 765 555 822 in
570 765 653 838 ipsos
666 767 766 840 potius
780 764 972 830 redundaret,
1026 763 1101 820 dum
1124 765 1312 838 reperissent,
1334 781 1390 823 nec
1419 765 1457 822 de
1482 765 1587 838 praede
1617 766 1786 840 quidquam
1811 768 1854 823 eis

142 859 175 913 ut
196 855 339 928 scriptum
359 860 420 912 est:
444 849 502 924 Qui
516 856 592 914 19911
613 857 731 926 foueam
749 857 889 927 proximo
908 869 971 921 suo,
1025 855 1148 923 tangere
1162 853 1301 924 licuisset,
1315 870 1378 912 non
1390 854 1543 912 modicam
1556 854 1589 910 in
1602 853 1652 910 illa
1666 854 1853 927 expeditione

141 946 204 1015 ipsc
218 946 304 1015 prior
318 925 428 1002 incidet
448 946 480 1001 19
495 960 530 1002 99
547 945 645 1016 (9999.
661 961 745 1012 xxvi,
766 945 811 1015 21)
827 945 895 1015 (90).
915 943 973 998 Wi·
1025 942 1184 1015 penuriam
1199 943 1347 1000 sustinuit.
1363 947 1463 1017 Neque
1482 943 1563 1000 enim
1583 942 1622 1000 ab
1638 941 1685 998 his
1705 943 1758 1014 qui
1776 955 1852 1014 9999-

140 1031 972 1106 19199991999999999999999,91999999,91999
1024 1030 1187 1094 debentur,
1215 1007 1384 1104 quidquirn
1417 1031 1567 1104 suscipere
1600 1029 1780 1104 patiebatur,
1813 1045 1853 1086 ne

141 1121 239 1180 multe
258 1120 430 1188 laudabilis,
452 1138 523 1178 oum
543 1121 665 1178 tandem
685 1121 877 1178 vehementer
891 1121 972 1176 iuva·
1026 1119 1099 1176 torte
1112 1137 1181 1176 cum
1207 1121 1249 1176 eis
1262 1122 1444 1194 participans
1460 1121 1559 1178 socius
1578 1120 1690 1193 peccati
1704 1119 1851 1176 existeret.

140 1210 253 1279 luisset,
270 1225 332 1266 non
359 1209 448 1265 minis
463 1210 597 1283 quidem,
612 1209 664 1266 sed
687 1209 827 1282 precibus
852 1208 972 1280 agebat,
1026 1209 1167 1266 Sustinuit
1184 1215 1284 1266 autem
1297 1215 1326 1266 et
1339 1209 1428 1266 amici
1453 1209 1639 1276 comitatum,
1655 1225 1711 1264 nee
1725 1206 1853 1264 afflictus

140 1303 174 1354 ut
188 1297 361 1354 Geraldusa
375 1298 458 1370 regia
478 1298 582 1355 militia
596 1298 763 1367 discedens,
786 1313 850 1354 sese
874 1296 972 1352 eidem
1025 1299 1166 1356 deseruit.
1191 1299 1339 1356 Ridebent
1361 1299 1418 1356 hoc
1442 1299 1579 1356 nonnulli
1617 1298 1700 1371 quod
1723 1297 1788 1354 aliis
1813 1297 1852 1354 de

140 1385 377 1444 commendaret.
395 1387 452 1444 Sed
462 1387 511 1444 ille
523 1386 626 1444 lavore
641 1387 757 1444 comitis
773 1403 870 1460 nuper
884 1402 971 1442 usur·
1025 1387 1128 1459 99999
1149 1387 1374 1444 lascivientibus
1408 1388 1472 1461 ipse
1504 1403 1574 1444 cum
1606 1387 1668 1444 suis
1695 1387 1850 1458 indigeret.

139 1481 222 1550 pute,
234 1491 429 1548 nequaquam
451 1475 603 1532 consensit
623 1475 689 1546 (91).
711 1479 854 1548 Nepotem
870 1479 967 1530 tamen
1024 1475 1743 1549 19911199199999199999919991991919999199,
1766 1475 1852 1532 illum

140 1581 230 1620 suum
244 1563 366 1620 nomine
382 1562 562 1620 liaineldum
571 1562 669 1619 eidem
685 1579 755 1618 cum
769 1562 883 1632 ingenti
895 1561 970 1617 mili·
1024 1564 1248 1632 beetifieabent,
1263 1565 1350 1620 altius
1361 1569 1513 1634 gementes
1530 1565 1614 1637 quod
1628 1564 1669 1620 ad
1692 1565 1772 1622 hunc
1787 1563 1852 1620 imi·

140 1658 204 1708 tum
217 1668 344 1709 numero
355 1652 588 1709 commendavit.
605 1651 662 1709 Sed
675 1655 703 1708 et
712 1651 810 1708 isdem
818 1649 969 1706 wilelmus
1024 1654 1149 1711 tandum
1174 1653 1275 1710 idonei
1301 1669 1363 1710 non
1391 1658 1498 1710 essent.
1527 1653 1659 1726 Denique
1683 1669 1719 1709 ex
1743 1653 1801 1710 hoe
1823 1657 1852 1710 et

139 1740 310 1798 nullatenus
324 1740 365 1796 illi
387 1740 560 1812 indignatus
575 1743 628 1808 est,
651 1739 764 1814 quippe
778 1755 841 1796 non
862 1740 969 1796 imme·
1021 1741 1173 1816 deinceps,
1188 1746 1423 1812 cognomentum
1432 1741 1490 1797 boc
1502 1741 1676 1813 promeruit,
1691 1744 1724 1796 ut
1736 1740 1776 1796 ab
1790 1755 1852 1796 orn·

140 1846 206 1888 mor
222 1835 288 1898 (92),
305 1829 378 1903 quia
391 1833 476 1903 pater
491 1845 564 1886 suus
574 1828 741 1886 Bernardus
756 1828 857 1902 ipsum
869 1829 969 1886 adhuc
1021 1831 1147 1890 nibusin
1156 1829 1520 1888 communaGereldusille
1532 1833 1630 1886 Bonus
1639 1829 1849 1902 appellaretur.

139 1919 362 1978 adolescentem
376 1917 473 1976 eidem
488 1919 602 1974 domno
616 1917 741 1976 Gereldo
751 1917 863 1974 amoris
876 1933 970 1974 cause
1059 1919 1603 1993 9119199911991999999999999
1614 1917 1790 1975 wilelmum
1798 1917 1851 1974 ba·

138 2007 373 2066 commendavit.
389 2009 424 2062 Et
436 2005 505 2064 ideo
518 2005 600 2062 dulci
620 2005 788 2062 admodum
809 2005 968 2062 contuber-
1022 2008 1102 2065 bitus
1117 2011 1237 2078 estitit),
1253 2011 1284 2063 ut
1298 2007 1324 2064 ei
1336 2023 1470 2063 sororem
1482 2023 1570 2063 suam
1580 2006 1610 2062 in
1626 2005 1767 2077 coniugio
1777 2005 1850 2062 dere

138 2095 326 2168 ni0,ingenti
349 2095 540 2152 veneratione
562 2111 681 2168 semper
706 2111 777 2152 eum
804 2094 968 2152 excolebat.
1023 2094 1849 2168 9999199999999919919999999919991999919919,

140 2187 216 2242 Cum
231 2200 302 2241 vero
328 2199 421 2241 causa
435 2183 578 2255 instabat,
594 2183 633 2240 ad
648 2185 713 2255 ejus
724 2183 909 2257 colloquium
922 2199 970 2240 ve·
1023 2202 1090 2260 quae
1102 2185 1200 2242 virum
1210 2185 1348 2258 hunepio
1366 2183 1699 2255 ditigebatanecrusee
1717 2182 1850 2240 Christus

137 2271 250 2328 niebat.
269 2276 492 2346 Nonnunquam
515 2276 616 2328 autem
631 2271 752 2342 gratiosi
766 2271 899 2328 hominis
911 2272 968 2328 Wi-
1021 2272 1144 2344 virginis
1159 2272 1533 2330 tiliuscastitatisarnerem
1544 2271 1584 2327 illi
1592 2269 1709 2326 dudum
1720 2269 1851 2326 inculca·

137 2361 246 2418 lelmus
262 2363 408 2418 suavitate
434 2361 607 2428 delectatus,
624 2361 653 2416 vi
674 2377 798 2433 precum
819 2360 966 2431 exigebat,
1020 2367 1112 2432 verat,
1127 2379 1221 2435 quem
1234 2363 1273 2418 ab
1288 2361 1408 2418 ineunte
1416 2365 1502 2422 oetate
1512 2361 1553 2416 ita
1564 2359 1739 2432 complexus
1751 2362 1806 2426 est,
1819 2361 1852 2414 ut

138 2455 171 2506 91
184 2466 287 2506 99999
311 2449 422 2506 9191199
445 2454 690 2506 commoreretur.
709 2451 742 2504 Et
753 2448 923 2521 frequenter
935 2448 968 2506 in
1020 2451 1190 2508 necintuitu
1198 2451 1392 2524 quidemtam
1401 2447 1691 2522 excellentiscopuln
1701 2450 1850 2520 pateretur

137 2538 264 2610 agendis
280 2553 468 2611 progressus,
483 2537 604 2607 longius
620 2553 723 2594 secum
735 2537 777 2594 ire
791 2536 929 2594 iaciebat.
1019 2539 1059 2596 ab
1074 2555 1109 2594 ea
1124 2537 1232 2594 divelli.
1256 2540 1445 2610 Quantopere
1460 2537 1541 2592 enim
1562 2535 1660 2592 caruis
1674 2534 1852 2592 obscoenita-

172 2631 285 2686 llllltlll.
306 2629 426 2684 Factum
452 2630 499 2682 est
521 2626 657 2698 quadam
678 2626 753 2697 vice,
780 2642 850 2682 cum
864 2625 905 2684 ite
919 2641 967 2682 res
1019 2633 1079 2684 tem
1090 2627 1283 2694 exhorruerit,
1295 2643 1349 2700 per
1364 2627 1421 2682 hoc
1432 2624 1629 2682 animadverti
1644 2627 1749 2696 potest,
1765 2622 1850 2696 quod

137 2715 276 2786 exigeret,
292 2718 324 2771 ut
338 2713 369 2770 in
383 2715 551 2788 quemdem
572 2713 726 2786 regionem
747 2730 809 2788 qua
822 2713 967 2770 hostiliter
1018 2721 1196 2773 nocturnam
1203 2715 1371 2772 illusionem
1379 2712 1852 2772 sinemoerorenullatenusincur-

135 2803 219 2872 ierat,
230 2803 355 2874 longum
370 2809 490 2876 tempus
505 2819 574 2860 cum
584 2819 619 2858 eo
633 2801 832 2876 expendisset.
845 2802 966 2858 Interim
1018 2805 1113 2862 rebat.
1130 2805 1250 2871 Quoties
1271 2820 1404 2876 namque
1425 2803 1500 2860 illud
1521 2801 1715 2859 humanitatis
1728 2801 1851 2858 infortu-

135 2909 208 2950 vero
223 2907 313 2948 omne
328 2891 521 2966 stipendium,
532 2891 616 2965 quod
628 2893 683 2964 (93)
696 2891 728 2947 19
742 2891 900 2962 sagmariis
911 2893 965 2948 Ge·
1020 2895 1105 2950 9199
1117 2893 1467 2962 dormienticontigisset,
1479 2890 1691 2948 consecretalis
1700 2889 1851 2946 cubicula-

135 2979 213 3040 raldi
226 2981 359 3040 delatum
371 2980 477 3048 luerat,
491 2981 638 3055 paulatim
650 2981 765 3037 deiecit.
782 2983 872 3037 Porro
882 2997 966 3038 exer·
984 2982 1003 3038 C
1019 2983 1081 3038 rins
1097 2980 1243 3038 afferebat
1257 2981 1283 3036 ei
1309 2997 1456 3050 scorsum,
1471 2975 1695 3051 incompetenti
1713 2977 1850 3036 videlieet

135 3103 185 3146 999
198 3087 240 3144 ita
254 3093 334 3150 suut,
345 3086 546 3159 sicuthiquos
561 3101 665 3143 vassos
675 3085 844 3142 dominicos
856 3085 967 3144 Gallice
1056 3092 1111 3170 (92)
1127 3088 1203 3156 Quia
1216 3093 1386 3156 9919999199
1400 3085 1586 3142 Bemurdus.
1603 3087 1709 3140 Comes
1724 3087 1753 3138 et
1769 3095 1848 3138 mar·

137 3157 354 3215 consuetudine
381 3157 588 3214 nominamus.
606 3179 619 3208 9
636 3155 732 3213 attin.
746 3173 776 3212 ur
793 3156 964 3229 capitular,
1021 3160 1088 3215 chro
1105 3158 1301 3224 NivernensiS,
1319 3157 1359 3212 uti
1372 3157 1437 3228 jam
1451 3155 1634 3212 monuimus.
1652 3155 1716 3208 lmc
1739 3153 1846 3208 tortas-

137 3229 224 3298 9.·13,
239 3229 390 3285 99999919
406 3227 572 3284 dominicis.
588 3225 682 3283 11999
699 3227 794 3285 vesei.
806 3229 965 3296 91999999,
1022 3229 1062 3285 919
1085 3235 1114 3286 91
1128 3229 1262 3286 marchio
1277 3227 1399 3290 Gothioe,
1416 3225 1453 3284 de
1482 3243 1543 3300 quo
1557 3224 1723 3298 aymonius
1748 3221 1800 3278 lib.
1815 3240 1845 3290 v,

139 3300 202 3357 Lib.
219 3315 238 3356 9
257 3300 395 3373 capitul,
412 3313 478 3372 cap.
495 3303 545 3355 24:
571 3321 585 3350 9
602 3298 685 3355 vassi
710 3301 739 3354 et
763 3297 866 3354 vasalli
879 3298 967 3354 nohis
1022 3317 1088 3374 cap.
1105 3305 1149 3364 37,
1178 3299 1298 3367 919991
1324 3297 1483 3355 Nitherdus
1509 3296 1642 3370 appellat
1664 3295 1715 3351 lib.
1732 3309 1761 3359 9,
1784 3293 1846 3350 dux

139 3371 316 3454 simulantes
345 3393 359 3422 9
375 3370 470 3452 91911.
487 3386 569 3436 ru,-c.
582 3374 626 3426 79.
640 3372 711 3450 »119
732 3369 827 3426 999919
841 3369 962 3425 999191·
1023 3372 1223 3445 septimeniae.
1239 3391 1253 3421 u
1266 3373 1351 3433 Nam,
1365 3370 1472 3443 inquit,
1488 3367 1526 3450 99
1541 3368 1643 3450 praelio
1658 3365 1847 3449 9991999999

137 3441 783 3594 111111119111911119991911
797 3441 968 3594 Natis:
1020 3440 1848 3592 91991199999991199999

136 3601 197 3658 que
211 3599 303 3642 exeis
320 3599 390 3639 cum
404 3583 518 3639 domno
538 3587 718 3656 imperatore
739 3583 822 3638 domi
848 3597 967 3664 reman—
1020 3587 1072 3650 xit,
1086 3591 1114 3642 91
1128 3585 1153 3640 91
1167 3585 1296 3640 honores
1310 3584 1428 3666 999919
1439 3577 1738 3708 Burgnnfflababurt,
1749 3579 1848 3706 991991

136 3655 968 3810 1111..11919119911111119919911991.
1021 3653 1848 3809 1111111111111191199911911191

136 3800 238 3856 Drudr
252 3813 408 3872 quoquae
431 3813 506 3853 voce
536 3799 713 3852 Germanica
727 3797 822 3862 drow,
844 3795 902 3852 hoc
924 3799 968 3851 est
1021 3815 1131 3854 simum
1146 3797 1281 3854 adducor
1295 3797 1470 3852 retronrbus.
1494 3798 1557 3850 Une
1599 3797 1700 3865 rcpter
1717 3794 1847 3850 honores

139 3869 210 3941 fide,
227 3869 303 3925 sicut
316 3872 400 3925 notat
415 3867 555 3924 Claudius
567 3867 702 3923 Falcetus
716 3865 768 3922 lib.
781 3883 810 3921 rx
824 3867 966 3940 9999911.
1020 3885 1098 3942 9999
1113 3869 1143 3924 19
1170 3867 1342 3938 Burgundia
1368 3865 1551 3921 hemardum
1605 3863 1706 3920 'ilelmi
1730 3868 1847 3944 patrem

137 3943 242 3998 99999.
258 3955 294 3996 ca
319 3983 325 3995 .
344 3937 534 4011 1909911919
551 3953 618 4011 quae
633 3937 776 4012 proesules
790 3935 967 3993 Rhemensis
1021 3940 1163 3996 habuisse
1175 3941 1299 3993 testatur
1315 3935 1363 3991 hic
1391 3935 1539 3993 Nitardus.
1554 3937 1629 3990 Nam
1654 3939 1683 3990 et
1705 3936 1846 3990 Martinus

135 4017 227 4085 atque
251 4013 306 4067 Rot
327 4010 501 4079 omegensis
525 4009 690 4066 diaeceseos
722 4007 872 4064 budovico
904 4007 966 4078 regi
1022 4009 1154 4065 Polonus
1183 4007 1360 4063 willelmum
1383 4006 1468 4061 Pium
1489 4004 1621 4061 cluniaci
1644 4001 1846 4069 fundatorem,

136 4085 284 4140 miserunt
306 4097 355 4140 an.
382 4084 450 4138 ate:
475 4083 540 4136 «Et
565 4080 628 4136 sine
641 4079 746 4136 solatio
771 4083 798 4135 et
824 4079 968 4135 comitatu
1022 4077 1202 4150 Burgundios
1224 4079 1390 4204 principem
1411 4075 1555 4158 appellat.
1581 4075 1691 4142 Altera,
1705 4072 1789 4155 9999
1816 4075 1845 4154 et

136 4153 305 4210 drudorum
319 4157 409 4226 etque
421 4167 581 4208 vassorum
603 4150 686 4206 nuda
701 4167 736 4206 ac
751 4150 887 4206 desolata
908 4151 970 4206 exi·
1022 4152 1122 4224 ipsum
1136 4149 1224 4206 Wille
1237 4165 1321 4206 mum
1334 4149 1470 4205 Gothram
1480 4161 1591 4202 rexisse
1604 4161 1673 4202 oum
1690 4149 1712 4200 Α
1735 4147 1849 4224 urtanm

135 4225 218 4282 bit.»
234 4229 305 4280 ltem
319 4223 392 4280 iussi
405 4222 584 4291 Senonibus
599 4225 631 4277 ut
641 4227 795 4294 exponunt
806 4219 966 4289 Witaldus,
1024 4221 1127 4279 scribit
1153 4223 1283 4278 ioannes
1296 4219 1396 4283 italus,
1415 4219 1466 4276 lib.
1483 4235 1492 4274 1
1507 4217 1579 4274 Vitae
1606 4216 1701 4274 saneti
1748 4215 1848 4280 donis,

136 4301 166 4353 et
193 4295 365 4352 linebaldus
392 4293 568 4350 Elnonensis
592 4291 688 4348 abbas
714 4293 744 4347 in
769 4291 836 4348 Vite
864 4295 894 4348 Β.
917 4295 968 4348 Le·
1024 4295 1072 4350 his
1095 4293 1211 4349 verbis:
1225 4293 1289 4356 Qua
1309 4291 1451 4348 decanea
1470 4287 1611 4346 omnibus
1637 4287 1746 4344 charus
1774 4289 1845 4368 eret,

135 4366 236 4424 buini:
253 4367 347 4424 «sont
358 4365 449 4432 enim,
465 4365 563 4447 inquit
576 4364 639 4430 iste,
658 4363 710 4444 qui
723 4363 843 4444 illorum
865 4363 969 4433 lingua
988 4345 1234 4446 Dpraecipucque
1247 4362 1330 4436 apud
1351 4361 1531 4443 Willelmum
1552 4358 1692 4444 comitem
1705 4358 1849 4440 robustas·

136 4437 265 4508 Edlingi,
283 4441 354 4494 sunt
365 4436 417 4510 qui
426 4435 560 4508 Frrlingr‚
570 4438 702 4514 suntan
717 4437 797 4489 Lassi
811 4440 967 4504 vocantur,
1024 4437 1145 4503 simum,
1161 4451 1214 4509 qm
1238 4451 1274 4490 eo
1287 4439 1421 4508 tempore
1434 4437 1626 4505 Aqmtemam
1650 4431 1848 4502 Gothramque

136 4509 222 4584 quod
243 4509 346 4566 Latina
371 4512 459 4565 sonat
471 4507 587 4580 lingue,
600 4504 726 4574 9919199,
740 4504 863 4576 ingenui
877 4509 967 4579 atque
1024 4524 1080 4564 suo
1088 4507 1155 4580 J'ure
1171 4505 1325 4564 tenebat.»

138 4577 968 4774 8811111198911199999919999999991199999.999999Ῐ
1023 4704 1038 4740 ‹
1053 4613 1117 4742 iffi)
1123 4613 1341 4757 fflfflgffgg
1350 4605 1847 4804 {ffgffl'slggfflfsffiufflfiffiffi

137 4717 968 4851 919.9111191119919199119111119...
1022 4759 1256 4900 3909999998
1257 4753 1401 4880 99319
1402 4753 1458 4879 09
1459 4751 1506 4879 99
1518 4748 1714 4878 9999199
1716 4765 1736 4876 {²
1755 4747 1847 4876 3533

138 4859 968 5008 99991199919999...1....
1022 4896 1232 4968 ..,....
1246 4917 1260 4946 »
1289 4894 1408 4966 0...
1599 4899 1628 4949 ..
1813 4891 1849 4950 9

137 5005 243 5063 99919
258 5009 436 5062 testamento
453 5021 460 5058 :
478 5025 492 5052 «
507 5002 713 5084 Decetucerias
727 5007 809 5059 curte
825 5001 969 5061 medieta-
1023 4969 1145 5040 elme·

139 5083 200 5135 tem
216 5075 368 5150 adipsum
381 5074 492 5137 locum,
510 5073 620 5129 scilicet
642 5071 853 5142 Aurelhacum,
875 5073 967 5140 dono,
1060 5075 1115 5146 (st)
1134 5073 1208 5132 Utei
1219 5087 1350 5130 acrorem
1366 5087 1451 5130 suom
1472 5072 1665 5144 1999999919.
1682 5070 1851 5152 ademarus

137 5154 167 5206 91
178 5148 368 5205 9991919199
383 5143 531 5202 Raineldo
553 5145 656 5218 nepoti
675 5159 755 5214 meo,
768 5165 782 5194 »
798 5151 852 5200 etc.
871 5147 969 5201 Frater
1024 5145 1241 5208 Chabanensis,
1256 5143 1312 5210 vel,
1341 5147 1372 5200 91
1393 5143 1443 5200 991
1465 5149 1585 5206 vocant,
1606 5142 1847 5211 Engohsmensrs,

139 5221 197 5278 tuit
217 5217 366 5276 Benedicti
392 5215 505 5274 rolosc
530 5213 775 5283 vicecomitiam
797 5215 884 5272 docet
904 5216 968 5289 ipse
1025 5217 1087 5273 sive
1114 5215 1333 5272 Lemovicencis
1348 5215 1457 5286 potius,
1473 5215 1511 5271 de
1534 5213 1684 5269 Willelnro
1704 5211 1781 5290 duee
1803 5208 1849 5264 lo-

138 5291 204 5349 099
229 5289 282 5346 lib.
308 5307 340 5357 u,
367 5303 433 5370 999.
462 5289 495 5342 28
522 5287 569 5370 his
593 5285 969 5370 999919391191999999
1024 5301 1142 5370 quens:
1159 5285 1214 5353 Qui
1225 5301 1294 5342 cum
1306 5301 1440 5342 sororem
1455 5301 1543 5342 suam
1555 5283 1586 5340 in
1598 5281 1790 5338 matrimomo
1799 5278 1850 5335 de-

137 5361 290 5418 noveratis
314 5364 466 5428 comitem,
492 5331 589 5414 libum
618 5356 755 5439 videhcet
778 5357 899 5439 Qdoms.
916 5357 968 5414 Hic
1025 5359 1166 5414 sideraret
1190 5357 1372 5439 conjungere
1400 5357 1503 5438 sencio
1527 5352 1653 5410 Gereldo
1679 5350 1850 5406 nullatenus

135 5435 280 5560 99991999
293 5429 534 5557 99999111999191ι
545 5443 666 5556 9999919
693 5427 895 5555 9999919199,
907 5429 971 5556 got-
1024 5429 1129 5502 quivit,
1143 5429 1215 5556 quga
1229 5427 1364 5555 9999999
1387 5432 1631 5550 9199999999ἓὲ
1633 5421 1850 5550 giffellllbrlllnll

138 5515 607 5646 Ilgilrellldrlsigrowflgllllllsillls,
623 5513 842 5630 silecgllsidlilm
851 5514 970 5629 ltneltelrs
1024 5513 1555 5646 11919Ι911Γ91991οΙ999ἶ1111198111991999ι
1572 5563 1645 5622 Utile
1669 5570 1723 5629 est,
1741 5535 1849 5636 inquit:

137 5645 264 5706 tratrem
275 5643 431 5724 recepit.»
1027 5643 1105 5702 mori
1117 5640 1258 5702 9199111119
1271 5655 1366 5719 quam
1378 5637 1546 5715 relinquere
1560 5633 1656 5696 maios
1669 5634 1850 5696 19999999.»
