4156 6182
227 145 260 201 ιι
814 139 843 194 S.
864 133 935 194 (tito
955 135 1066 194 auras
1086 135 1347 196 cluniacensis.
1809 91 1815 110 ι
1903 141 1948 197 68

226 225 300 336 ibai,
316 268 400 324 tolles
427 278 474 322 me
500 264 658 338 praedictos
684 263 797 319 solidos
817 266 950 335 repetere
965 275 1053 330 coge-
1073 265 1177 318 Aoem
1205 262 1284 318 eirca
1313 263 1432 322 collrrm.
1458 266 1486 318 et
1505 263 1583 318 hanc
1595 279 1664 318 cum
1672 259 1861 336 reperissent,
1873 277 1945 320 non

226 341 311 466 baffi
324 408 399 474 Quia
412 408 450 462 de
476 411 544 462 autu
562 405 668 460 silentii
695 418 795 460 sermo
809 419 841 457 se
868 402 974 467 intulit,
991 401 1053 456 sine

227 491 289 554 quo
301 479 437 536 videlieet
446 477 640 533 ducendaest
652 491 707 546 pro
719 474 812 530 nihilo
825 475 885 529 vita
901 473 1052 538 monachi,

227 557 317 608 restat
330 556 363 605 ut
376 557 453 605 retro
466 548 635 612 redeamus,
645 551 672 601 et
686 560 738 618 per
750 561 820 600 eum
834 544 1054 617 aliquantulum

226 635 436 696 pervagemus.
452 619 514 673 Vita
532 619 613 672 enim
636 615 776 672 monachi
793 631 828 670 us
853 631 888 670 ne
913 616 989 670 adeo
1011 625 1055 670 ost

227 693 351 766 aliquid,
363 691 460 746 donec
475 689 533 744 snb
548 687 662 742 silentio
678 701 742 743 esse
757 631 911 742 studderit.
930 689 968 741 Eo
984 701 1054 740 vero

226 769 352 830 remoto,
363 758 512 833 quidquid
527 759 603 814 liene
618 759 659 813 vel
676 759 799 814 honeste
814 773 845 812 se
861 773 949 822 apere
969 762 1055 837 puta·

228 836 300 891 verit
315 831 482 887 seeundum
497 830 713 885 institutionem
724 833 842 885 Petrum
856 829 929 884 nihil
940 833 1003 883 erit.

476 945 655 1014 Exemplum
680 945 804 1015 insinno.

264 1055 306 1108 la.
323 1053 466 1123 Tempore
482 1051 570 1119 igitur
590 1062 652 1122 quo
673 1049 839 1104 saevissima
868 1063 942 1116 gens
973 1049 1055 1102 Nort-

227 1137 419 1188 mannorum,
446 1123 630 1176 Pietavorum
658 1123 949 1192 atque'luronorurn
978 1119 1054 1173 lines

227 1193 357 1250 cruentis
367 1193 545 1248 devastabat
558 1192 676 1262 gladiis,
693 1193 815 1259 configit
831 1196 864 1244 ut
882 1189 944 1243 duo
969 1206 1054 1243 vene-

227 1265 336 1321 rabiles
349 1263 403 1319 viri
412 1280 449 1319 ex
460 1263 567 1318 eadem
580 1264 819 1332 congregatione.
833 1262 1005 1332 neseioqua
1016 1261 1053 1314 de

227 1351 329 1402 eausa,
356 1335 540 1390 mitterentur
565 1334 735 1390 turoniam.
765 1335 845 1388 Unus
875 1348 980 1386 eorum
1001 1337 1053 1386 Ar-

227 1405 423 1462 chemhalbus
432 1405 607 1474 vocabatur,
620 1405 753 1475 mihique
765 1403 841 1457 bene
852 1408 942 1456 notus
958 1419 964 1456 z
980 1401 1053 1456 alter

225 1494 296 1533 vero
310 1475 440 1548 ignotus.
451 1481 480 1530 et
490 1473 597 1530 dicitur
608 1475 781 1539 adelasiam
798 1472 852 1527 viri
863 1487 971 1542 nempe
987 1472 1051 1543 opi-

226 1547 381 1612 natissimi,
398 1552 426 1602 ot
440 1547 602 1602 multorum
624 1545 841 1600 monachorum
857 1549 957 1614 patres
972 1559 1052 1598 nune

1111 342 1365 405 presumpserunt
1381 335 1506 389 auterre.
1519 333 1590 389 Cibo
1615 350 1686 390 vero
1705 349 1766 407 quo
1781 333 1947 392 voluerunt

1111 411 1139 459 et
1149 410 1220 477 potu
1235 405 1317 477 apud
1332 422 1382 461 eos¹
1395 406 1438 460 usi
1454 409 1532 471 sunt,
1544 421 1605 476 quo
1620 421 1716 486 usque
1729 405 1865 461 intereos
1876 407 1943 462 lue-

1112 481 1179 530 runt
1195 493 1201 529 :
1220 477 1260 530 sie
1270 476 1348 531 onim
1364 476 1545 548 completum
1558 475 1641 531 estin
1653 492 1694 532 ets
1705 475 1778 532 illud
1789 475 1944 550 probans-

1111 548 1221 601 simnm
1238 548 1382 619 gaudium
1409 547 1489 619 qnod
1520 547 1694 619 patientiam
1722 551 1872 620 operatur,
1899 547 1942 604 de

1110 633 1171 689 quo
1186 619 1225 673 ιιι
1241 619 1398 690 Apostolus
1409 637 1414 673 :
1425 619 1493 673 Non
1504 620 1599 673 solum
1613 625 1710 674 erdem
1722 620 1773 674 sed
1785 625 1812 674 et
1825 619 1942 689 pluria-

1109 703 1178 743 mur
1193 691 1222 744 ιιι
1238 690 1480 745 tribulationibus
1491 693 1614 745 scientes
1624 690 1704 760 qrrod
1714 689 1869 746 tribulatio
1881 707 1941 760 pu-

1110 761 1243 816 trentium
1253 767 1406 830 operatur,
1418 762 1563 829 patientie
1576 776 1642 816 rero
1653 777 1744 829 spem.
1756 761 1829 830 Spes
1837 769 1942 818 autem

1111 847 1168 884 ιιι-ιιι
1185 833 1355 900 coessendi,
1386 837 1455 902 quin
1481 831 1614 886 ebaritas
1641 833 1696 887 Dei
1722 833 1889 912 diffusnest
1905 833 1942 888 in

1109 902 1246 957 cordibus
1260 905 1368 957 nostris
1384 905 1465 971 (libra
1482 906 1518 972 v).
1551 904 1581 957 lit
1607 917 1688 958 nuno
1715 903 1805 972 igliur
1824 901 1941 976 quique

1111 973 1939 1042 monasticatertisindumenta,obsecroutunamecum

1109 1043 1217 1098 horum
1227 1047 1358 1099 virorum
1369 1045 1545 1099 intueamini
1556 1059 1640 1099 exem
1665 1044 1735 1103 laet
1748 1043 1864 1101 silentio
1873 1051 1939 1102 tan-

1109 1115 1178 1168 dem
1190 1115 1353 1186 aliquando
1368 1115 1443 1170 detis
1453 1131 1587 1187 operam.
1601 1061 1704 1171 [ledros
1725 1129 1844 1188 iamque
1855 1117 1939 1173 bono

1110 1184 1225 1240 silentio
1243 1187 1331 1240 isaias
1344 1205 1349 1240 :
1360 1187 1393 1240 ιιι
1406 1187 1523 1242 silentio
1532 1188 1588 1241 erit
1597 1187 1678 1242 uobis
1688 1202 1753 1256 spes
1766 1188 1836 1258 tiso.
1847 1189 1936 1260 xrs);

1109 1261 1136 1309 et
1145 1257 1289 1310 ieremias
1299 1274 1305 1310 ε
1316 1258 1432 1312 Bonum
1442 1263 1482 1313 est
1502 1273 1566 1312 rum
1575 1259 1693 1313 silentio
1702 1259 1875 1327 prestolari
1881 1262 1937 1315 Do-

1109 1328 1222 1381 ιιιιιιιιιιι
1235 1329 1353 1397 (Tin-en.
1367 1331 1386 1399 t)
1400 1345 1405 1394 ;
1422 1333 1450 1382 et
1460 1343 1579 1382 rursum
1593 1345 1599 1382 :
1612 1330 1784 1385 Bonrnnust
1794 1330 1858 1385 niro
1869 1345 1934 1386 ιιιιιι

1109 1397 1145 1452 eb
1159 1399 1358 1453 odolescentia
1368 1414 1423 1453 sun
1435 1399 1602 1468 portaverit
1611 1403 1732 1470 jupam,
1745 1399 1855 1457 sedebit
1866 1403 1935 1457 soti-

1109 1471 1204 1523 turius
1220 1475 1246 1524 et
1259 1471 1376 1528 tacebit.
1393 1471 1463 1541 quin
1479 1471 1603 1525 ιιιιιιιιιιι
1624 1487 1654 1526 se
1667 1487 1757 1541 super
1771 1489 1800 1528 se
1814 1473 1932 1540 (Tbren.

1109 1555 1147 1606 ιιι,
1156 1543 1211 1602 ιι).
1224 1540 1359 1595 Similiter
1371 1545 1398 1594 et
1408 1540 1498 1595 llavid
1509 1539 1546 1594 de
1556 1557 1591 1596 ιο
1599 1540 1738 1614 inquiens
1748 1541 1930 1614 proclamat:

226 1625 295 1674 snat
319 1615 425 1672 effecti.
457 1619 577 1671 Factum
607 1621 652 1670 est
671 1615 760 1684 igilur
779 1613 853 1668 dum
867 1619 983 1669 tantum
999 1614 1052 1668 iter
1070 1612 1089 1664 a
1108 1611 1181 1665 biri
1191 1612 1354 1666 custodium
1367 1614 1428 1666 eins
1439 1627 1519 1667 niens
1531 1617 1563 1666 ιιι
1579 1627 1638 1668 non
1649 1613 1820 1685 delinquunt
1833 1613 1863 1669 in
1880 1616 1933 1670 tin-

225 1693 391 1760 carperent,
412 1693 440 1742 et
452 1689 482 1741 ιιι
496 1687 661 1758 quemdam
674 1687 773 1740 locum
783 1686 976 1756 requietionis
988 1701 1053 1753 gre-

226 1760 266 1815 tia
280 1758 469 1814 divertissent
481 1757 575 1812 taliter
588 1757 628 1812 ab
643 1756 756 1812 eisdem
770 1756 959 1810 Nortruaunis
973 1757 1052 1828 capti

226 1835 295 1884 sunt
306 1829 415 1884 eadem
429 1832 524 1884 nocte.
543 1831 609 1884 lirat
623 1833 724 1883 autem
734 1826 890 1908 quoddam
905 1827 1051 1898 oppidum

225 1916 311 1956 secus
325 1899 436 1964 locum,
449 1897 628 1970 superquod
641 1903 733 1954 noctu
743 1903 887 1952 irruentes
898 1903 1050 1967 oeperunt,

225 1969 283 2027 alia
293 1986 363 2026 vero
375 1973 628 2026 Nortmannorum
648 1985 718 2051 pars
731 1985 798 2040 qum
821 1967 893 2033 ibat,
909 1985 977 2024 oum
993 1968 1052 2040 pri·

224 2041 295 2098 dem
310 2047 399 2114 capta
424 2041 527 2122 praeda
551 2040 625 2096 deve
639 2045 670 2096 ut
690 2042 721 2096 in
736 2038 877 2094 eumdem
892 2039 992 2094 locum
1021 2040 1052 2095 in

223 2129 285 2194 que
300 2112 434 2185 praedicti
449 2111 554 2168 iratres
576 2117 670 2167 erant.
688 2113 798 2183 Capera
812 2126 943 2182 natuque
958 2126 1009 2166 eos
1024 2115 1052 2167 et

223 2183 316 2252 ligare
342 2199 447 2239 eornm
474 2198 594 2248 manus,
615 2181 723 2238 deinde
754 2182 867 2236 minare
892 2186 1052 2254 potuerunt

223 2270 328 2310 eorum
343 2254 494 2311 silentium
508 2270 648 2325 rumpere
662 2253 870 2325 nequiverunt.
895 2255 976 2310 Mane
996 2269 1050 2308 au-

157 2343 162 2350 ·
224 2329 283 2382 tem
299 2323 376 2381 lacte
399 2325 610 2398 applicuerunt
636 2326 667 2379 in
681 2323 869 2392 assignatum
893 2323 1002 2384 locum,
1020 2325 1050 2378 in

222 2407 284 2522 fluo
303 2393 359 2451 sibi
373 2395 569 2466 congreganti
584 2400 747 2467 posuerant
756 2395 959 2449 constitutum.
975 2397 1049 2448 l’rae-

244 2464 293 2522 ieti
307 2482 375 2522 vero
390 2465 495 2522 iratres
512 2466 669 2537 paululum
685 2481 716 2519 se
732 2465 772 2519 ab
787 2465 828 2519 eis
843 2470 1049 2534 sequestrave-

222 2542 302 2603 runt,
313 2541 351 2602 et,
365 2537 440 2592 siout
454 2542 539 2592 erant
550 2535 642 2605 ligati,
659 2535 690 2589 in
714 2539 792 2590 terra
807 2551 837 2589 se
854 2549 945 2605 super
959 2533 1049 2589 iacies

203 2609 204 2612 ’
222 2622 293 2663 suas
304 2602 460 2672 dederunt,
474 2609 623 2678 quatenus
632 2609 752 2676 peracto
764 2604 949 2676 psalmorum
959 2622 1049 2661 cursu

223 2673 339 2734 silentio
353 2673 446 2732 finem
460 2677 659 2750 imponerent.
673 2675 815 2730 Nondum
825 2675 905 2730 enim
915 2677 1048 2732 oratioue

223 2745 381 2819 completa,
397 2747 478 2803 venit
491 2763 562 2819 pers
591 2745 705 2816 reliqua
725 2753 812 2818 capta
827 2747 921 2802 multa
936 2745 1048 2818 praeda.

223 2817 377 2874 inveniens
403 2819 503 2890 itaque
518 2818 580 2873 dux
606 2835 649 2872 eo.
663 2833 710 2872 im
725 2817 883 2889 predictos
898 2814 1002 2872 iratres
1018 2818 1049 2873 in

222 2894 332 2945 terram
340 2889 659 2970 jaeere,·interrogavit
672 2887 726 2960 qni
739 2893 850 2944 essent.
867 2894 902 2943 rlt
914 2889 954 2943 illi
969 2894 1048 2944 retu-

1107 1695 1257 1751 grunnire.
1273 1684 1366 1737 Ριιιιιι
1379 1685 1426 1737 ori
1438 1697 1501 1738 tneo
1516 1684 1681 1738 custodium
1698 1685 1790 1754 (Psoi.
1803 1687 1934 1756 xxxviii),

1108 1757 1136 1807 et
1151 1759 1256 1807 caetera
1269 1771 1275 1820 ;
1289 1759 1317 1807 et
1331 1769 1348 1807 ι
1372 1753 1484 1808 ostolus
1500 1753 1608 1808 Paulus
1621 1755 1691 1808 :His
1702 1761 1800 1812 erilem
1816 1759 1868 1828 qui
1880 1757 1935 1812 ιιιι-

1103 1825 1239 1892 jnsntodi
1251 1830 1320 1878 sunt
1357 1820 1776 1882 enuistiumusetobserrumus
1791 1829 1821 1882 in
1834 1828 1934 1882 Durni-

1108 1911 1146 1950 no
1167 1895 1249 1956 desa,
1270 1901 1301 1949 ut
1330 1909 1397 1950 crim
1412 1896 1530 1951 sitentio
1546 1902 1702 1966 operantes
1724 1914 1834 1968 ponem
1848 1911 1934 1954 sisinn

1107 1966 1287 2021 rtiendncent
1302 1967 1343 2034 ιιι
1358 1967 1455 2021 Τιιιιι.
1472 1969 1523 2036 ιιι).
1542 1967 1738 2024 Diximusisla
1752 1965 1789 2024 de
1805 1968 1935 2042 antiquis

1109 2035 1235 2100 vatibus,
1253 2041 1284 2092 ut
1299 2036 1398 2092 nullus
1412 2035 1569 2092 arbitretur
1582 2037 1639 2094 boc
1651 2037 1800 2095 silentium
1816 2043 1934 2096 moder-

1107 2107 1153 2162 nis
1165 2107 1615 2180 temporibusluisseinventum,
1628 2109 1704 2164 sicut
1717 2103 1843 2184 quidam
1856 2109 1934 2168 male

1107 2179 1294 2250 suspicantes
1311 2179 1450 2234 latentur.
1467 2179 1526 2234 Hos
1542 2193 1674 2252 namque
1691 2185 1719 2235 et
1734 2181 1807 2238 Novi
1832 2185 1934 2240 Testa-

1107 2249 1197 2304 menti
1213 2251 1322 2312 l’atres,
1341 2250 1458 2317 reulus,
1469 2251 1625 2322 Antonius,
1639 2249 1777 2320 Hilarium
1790 2255 1932 2320 ioannes,

1106 2319 1145 2374 ad
1160 2323 1346 2392 postremum
1356 2320 1547 2376 beatissimus
1575 2325 1660 2394 pater
1676 2323 1851 2380 Benedictus
1866 2323 1934 2380 imi-

1106 2391 1157 2446 tati
1171 2397 1248 2458 sunt,
1265 2395 1293 2446 et
1306 2391 1366 2446 'alii
1392 2391 1618 2517 quamiplurimq
1649 2409 1726 2466 quos
1755 2395 1933 2452 nominatim

1105 2467 1226 2534 propter
1250 2463 1454 2534 quorumdam
1490 2463 1633 2519 astidium
1662 2463 1785 2520 minime
1797 2481 1932 2524 recense-

1105 2547 1174 2587 mus
1188 2549 1194 2586 ε
1206 2547 1337 2604 quorum
1349 2533 1484 2588 videlicet
1500 2533 1660 2601 silentium,
1679 2535 1703 2590 si
1718 2536 1785 2608 quis
1801 2537 1933 2594 studiose

1106 2604 1259 2674 exquirere
1269 2603 1403 2673 voluerit,
1413 2605 1443 2658 ιιι
1455 2620 1559 2660 eorum
1571 2605 1707 2676 catalogo
1718 2606 1830 2664 aliatim
1850 2623 1933 2682 repe·

1105 2673 1161 2728 rire
1169 2675 1283 2746 poterit.
1298 2676 1372 2742 Ergo
1381 2675 1702 2747 utnobisquilibetnon
1711 2683 1843 2758 opponat
1851 2679 1933 2752 qnie-

1106 2747 1202 2800 ternin
1214 2745 1449 2817 quadegnernnt
1460 2745 1685 2814 solitudirris‚his
1696 2749 1816 2805 omissis
1832 2755 1933 2806 noster

1106 2815 1285 2886 stylustotus
1298 2833 1328 2870 se
1339 2817 1534 2872 eonvertatad
1543 2818 1760 2876 institutionem
1768 2819 1929 2900 evangelis-

1105 2890 1237 2942 tarumet
1246 2887 1283 2942 de
1294 2887 1435 2960 operibus
1447 2887 1561 2944 llomini
1571 2891 1641 2944 iesu
1652 2897 1752 2946 sumat
1762 2889 1927 2946 exordium.

221 2959 320 3018 lerunt
333 2976 359 3016 er
379 2976 482 3016 omnia
504 2973 572 3034 quse
585 2965 744 3086 gesserent
758 2974 812 3030 per
834 2959 981 3028 ordinem,
997 2959 1049 3015 erl·
1069 2955 1089 3008 G
1142 2961 1184 3014 lt.
1201 2958 1463 3032 Primumqnidem
1476 2960 1719 3017 testimoniumin
1730 2961 1862 3020 lieltheo
1877 2963 1929 3018 lla-

221 3025 420 3105 dentesquod
436 3029 517 3088 trullo
532 3047 582 3086 mo
606 3047 624 3086 o
650 3031 817 3102 potuissent
845 3046 896 3086 eos
911 3030 993 3102 loqui
1009 3031 1050 3086 ιι-

222 3118 297 3168 cere,
316 3099 363 3158 ille
381 3103 482 3175 itaque
509 3103 581 3174 qnia
605 3108 669 3157 erat
690 3101 848 3157 barbarica
862 3102 1048 3157 immanitate

221 3172 367 3254 turgidus.
385 3173 424 3228 ob
435 3171 561 3229 nimiam
577 3173 733 3228 elationem
749 3171 933 3226 cumeodem
946 3173 1048 3244 inquo

221 3240 371 3299 rosrdebat
381 3243 536 3314 phalerato
550 3259 628 3314 equo
644 3241 785 3297 inclinato
796 3241 876 3297 velut
890 3241 930 3297 ad
946 3242 1050 3297 lerien-

221 3313 296 3369 dum
311 3320 410 3380 conte,
426 3313 510 3368 irruit
524 3329 614 3384 super
628 3329 689 3379 eos,
705 3319 819 3368 metum
836 3313 938 3367 mortis
952 3313 993 3367 eis
1006 3313 1049 3367 in-

222 3384 345 3448 cutiens,
357 3381 462 3439 volens
477 3399 529 3439 eos
544 3381 673 3456 probare
688 3393 726 3438 an
742 3384 886 3438 timerent.
904 3385 1048 3438 Craterum

222 3453 330 3525 vulgus
343 3454 476 3526 undique
486 3454 570 3526 quod
582 3453 767 3509 confluxerat
779 3454 817 3509 ad
833 3455 889 3509 hoc
898 3459 1049 3527 spectacu-

221 3525 284 3582 lum
301 3525 494 3582 vociferantes
509 3525 667 3580 barbarico
694 3525 751 3579 ritu
766 3525 908 3596 plausum
934 3524 1048 3581 dabant

221 3595 373 3666 manibus,
390 3599 426 3651 lt
438 3595 479 3650 llli
504 3601 535 3652 ut
549 3599 634 3651 erant
648 3595 749 3650 animo
764 3598 947 3662 constantes,
964 3596 1003 3652 ita
1019 3601 1047 3651 et

221 3680 346 3740 corpore
357 3671 588 3740 permenserunt
601 3665 770 3722 immobiles
786 3683 792 3720 ι
809 3671 838 3722 ιι
850 3668 906 3721 hoo
919 3681 980 3722 non
995 3666 1046 3722 ali-

221 3753 283 3818 qua
296 3737 476 3810 flebetapud
487 3753 539 3792 eos
549 3736 801 3806 indelnsione,sed
812 3737 874 3792 'ure
884 3737 1048 3793 observan-

221 3812 321 3880 tiaque
336 3814 446 3865 sancte
458 3808 579 3877 regule,
595 3807 723 3880 subque
735 3807 804 3870 vide
817 3809 873 3863 icet
886 3808 1048 3879 cupiebant

219 3880 297 3935 mori
309 3883 338 3934 et
352 3881 459 3948 vivere,
475 3893 693 3952 nunquamque
708 3879 747 3935 ab
763 3893 799 3934 ea
811 3879 969 3934 declinare.
989 3878 1045 3936 Sed

220 3951 436 4024 omnipotentis
451 3965 561 4006 manus
573 3965 676 4005 eorum
685 3949 885 4006 exhilaratum
894 3953 1047 4022 spectacu-

218 4021 281 4078 lum
294 4021 430 4096 protinus
452 4020 598 4078 convertit
621 4021 652 4076 in
665 4021 789 4078 loetum.
815 4023 878 4078 ιιοιι
894 4027 926 4076 ut
940 4019 979 4076 ad
994 4037 1045 4077 eos

219 4093 366 4151 barbarus
382 4093 531 4176 appropio
556 4091 644 4163 navit,
660 4107 755 4166 equus
775 4093 805 4148 in
819 4107 881 4166 quo
895 4091 1045 4150 residebat

217 4165 249 4221 in
259 4165 426 4238 obliquum,
435 4107 564 4232 resilidd,
576 4177 720 4220 sessorem
746 4179 782 4218 ue
795 4165 923 4220 suumin
935 4168 1044 4221 terram

157 4287 160 4292 .
219 4236 319 4292 inavit
333 4240 422 4360 atque
435 4235 549 4290 collisit.
578 4237 673 4300 Quam
690 4179 873 4290 addisionern
889 4235 988 4292 stetim
1005 4236 1017 4290 ι
1034 4265 1043 4276 ·

1105 3029 1210 3084 bemus
1224 3047 1230 3084 ι
1243 3031 1348 3098 iussit,
1365 3031 1469 3102 inquit,
1480 3031 1564 3086 deses
1575 3032 1737 3101 disciputus
1751 3049 1818 3090 suos
1831 3047 1929 3091 ascen-

1103 3099 1173 3155 dere
1181 3101 1211 3155 in
1223 3103 1394 3155 noor'cuturn
1408 3105 1435 3156 ιι
1449 3103 1617 3169 precedere
1632 3119 1697 3158 ιιιιιι
1715 3105 1928 3174 transfretum,

1103 3172 1194 3225 donee
1207 3171 1367 3226 dimitteret
1379 3171 1492 3226 turbes.
1505 3173 1541 3226 Ει
1557 3174 1681 3230 [tenuisse
1697 3175 1786 3232 turbe
1797 3176 1930 3233 escendit

1103 3243 1134 3295 ιιι
1149 3247 1276 3296 ιιιοιιιιιιι
1292 3243 1372 3296 sotus
1383 3257 1470 3298 orere
1484 3243 1603 3308 (ιιαιιιι.
1630 3246 1699 3318 xiv).
1714 3245 1886 3302 Secundum
1898 3247 1930 3304 ιιι

1103 3314 1198 3366 linteo
1213 3313 1333 3382 :Coepit
1348 3313 1432 3368 iesus
1447 3313 1609 3384 disciputus
1623 3331 1691 3371 suos
1706 3317 1864 3374 escendere
1877 3333 1930 3374 nu·

1103 3397 1165 3438 uem
1182 3391 1213 3436 nt
1224 3383 1427 3452 precederent
1440 3399 1505 3440 eum
1522 3391 1606 3441 trans
1618 3387 1730 3456 fretum
1745 3389 1785 3444 ed
1795 3387 1928 3446 Betbsoi-

1102 3453 1171 3508 durn
1184 3453 1254 3508 dnm
1268 3456 1328 3524 ipse
1338 3455 1498 3512 dimitteret
1506 3458 1663 3526 poplitum,
1676 3465 1701 3515 et
1713 3459 1784 3518 dum
1799 3461 1927 3518 dimise-

1102 3531 1143 3604 ιιι
1157 3539 1213 3590 eos,
1231 3525 1303 3604 qbiit
1320 3527 1492 3582 invisentem
1508 3527 1714 3600 oraretblurr.
1731 3531 1782 3602 ιι).
1800 3531 1928 3588 Tertium

1102 3610 1131 3649 m
1148 3597 1226 3650 laica
1242 3599 1282 3650 ιιι
1297 3596 1451 3651 continens
1475 3598 1618 3655 :Factum
1636 3607 1677 3656 est
1692 3602 1722 3656 in
1737 3603 1800 3658 iltis
1815 3603 1926 3672 diebus,

1101 3667 1173 3721 erit
1187 3667 1273 3720 ιιιιιι
1288 3667 1320 3721 in
1335 3673 1460 3723 orontem
1477 3669 1558 3724 sotus
1573 3685 1660 3728 urere
1683 3677 1710 3728 et
1726 3678 1790 3730 erut
1801 3689 1926 3746 pernoc-

1102 3743 1169 3792 tuns
1183 3738 1214 3792 bt
1227 3739 1364 3793 erutione
1378 3740 1432 3794 Dei
1444 3741 1525 3806 (Luc.
1541 3742 1665 3810 vilitem
1680 3743 1710 3798 in
1726 3745 1833 3801 eodem
1850 3761 1856 3800 :
1880 3746 1926 3802 vi-

1100 3808 1193 3890 pttete
1205 3807 1306 3878 itaque
1320 3811 1401 3864 orani
1415 3815 1544 3880 ternpore
1552 3819 1671 3870 orontes
1680 3819 1711 3870 ut
1722 3815 1808 3888 diprrt
1818 3815 1926 3874 babec-

1099 3880 1174 3934 mnti
1186 3881 1292 4005 ιιιὶιιιι
1307 3882 1406 3937 certain
1421 3883 1477 3938 istc
1493 3899 1559 3954 ιιιιι
1572 3885 1680 3954 futuru
1702 3894 1771 3943 ιιιιιι
1796 3893 1823 3944 ιι
1847 3895 1927 3946 sture

1100 3951 1218 4006 unteFi
1233 3952 1293 4006 turn
1310 3951 1446 4008 bominis.
1475 3955 1548 4010 Erat
1575 3960 1673 4012 autem
1698 3957 1799 4014 diebus
1820 3959 1926 4016 docens

1100 4023 1130 4076 io
1145 4023 1253 4092 tempto
1260 4023 1414 4080 .·noctibus
1426 4040 1493 4081 uero
1502 4027 1926 4087 ceiensororubutnrinmoutc

1099 4094 1152 4164 qui
1165 4095 1330 4150 vocabatur
1344 4095 1613 4168 dimetiendam)
1633 4101 1778 4164 Quartum
1793 4115 1926 4174 namque

1100 4164 1302 4221 testimouium
1314 4167 1344 4221 in
1359 4169 1474 4222 bonane
1484 4167 1658 4239 hujusmodi
1670 4169 1845 4223 terminatur
1861 4175 1925 4228 :de-

1099 4251 1147 4288 ses
1192 4243 1290 4291 etitem
1328 4239 1460 4304 perrea-ir
1497 4241 1669 4291 tumentem
1696 4235 1803 4291 Otioeti
1827 4243 1854 4292 ιι
1878 4239 1924 4295 di-

218 4305 280 4362 bris
300 4304 417 4361 letheis
442 4310 544 4361 secuta
576 4311 631 4362 est.
659 4307 876 4361 conticuerunt·
889 4321 995 4360 omnes
1015 4310 1044 4361 et
1061 4307 1083 4360 li
1099 4305 1314 4360 lurutotternm
1328 4307 1406 4360 venit
1420 4307 1598 4374 internpturn
1610 4306 1711 4429 dmm
1723 4307 1792 4378 vin).
1804 4305 1924 4370 sienim

217 4375 295 4432 versi
305 4375 335 4431 in
346 4379 497 4450 stuporem
513 4381 667 4450 creperum
678 4389 811 4448 quarere
826 4373 902 4431 inter
916 4374 1043 4454 sequid

218 4463 254 4502 ex
266 4446 302 4502 iis
316 4443 412 4504 lacere
437 4447 589 4504 deberent.
616 4450 739 4520 Reperio
760 4445 882 4502 tandem
906 4444 1041 4516 oonsilio,

217 4516 376 4575 barbarico
387 4518 445 4575 ritu
459 4517 586 4590 dignum
597 4533 661 4574 esse
672 4521 850 4572 censuerunt
873 4521 905 4572 ut
915 4529 969 4588 pro
982 4515 1042 4572 vite

217 4588 301 4646 ducis
316 4589 363 4647 sul
378 4605 456 4646 unus
471 4607 507 4646 ιιι
519 4589 562 4646 eis
577 4587 748 4646 cederetur.
767 4559 877 4643 Deinde
888 4589 1043 4668 coeperunt

217 4667 294 4720 sorte
306 4677 450 4736 quarere,
464 4675 556 4736 quem
571 4673 608 4715 ιιι
624 4659 680 4715 illis
701 4658 844 4714 deberent
862 4657 1040 4713 interimere.

218 4733 273 4790 Sed
289 4749 323 4790 ιιι
347 4749 379 4789 er
392 4734 533 4790 virtutum
544 4730 664 4787 viroset
678 4730 748 4786 sorti
762 4729 866 4786 Christi
879 4743 1042 4785 connume-

216 4808 296 4860 ratos
318 4747 468 4860 dinbolioe
482 4801 564 4858 nullo
581 4801 672 4858 mode
699 4805 815 4874 poteret
842 4800 949 4857 cadere
965 4815 1039 4858 sors.

216 4873 307 4928 ιιιιιιιι
322 4873 473 4930 terrebant
484 4873 584 4946 itaque
598 4887 688 4944 snper
701 4885 753 4926 eos
767 4875 795 4927 et
805 4871 989 4928 admirantes
1000 4871 1043 4927 di·

215 4941 310 4998 ootsan
326 4943 416 5014 ,ultra
426 4942 563 5000 homines
576 4957 651 5014 esse,
662 4957 753 5014 super
765 4957 843 5016 quos
858 4959 922 5000 sors
936 4959 1041 5000 eorum

216 5028 277 5072 uon
288 5013 432 5088 potuisset
441 5011 558 5071 cadere.
571 5013 722 5086 Siquidem
729 5013 816 5086 juxta
824 5014 904 5070 hune
916 5014 1041 5070 modum

215 5083 428 5142 interemerant
441 5099 537 5141 unum
550 5101 587 5141 ex
597 5083 718 5141 lamulis
733 5099 847 5142 eorum.
877 5085 955 5142 Alter
968 5099 1040 5141 vero

215 5155 347 5214 lamulus
366 5156 417 5230 qui
445 5159 609 5239 supererat,
634 5156 746 5230 optime
772 5157 885 5214 sciebat
907 5157 1040 5214 hostium

215 5227 361 5300 linguam,
381 5227 434 5302 qui
460 5227 511 5290 eis,
524 5243 628 5286 omnia
641 5243 709 5302 quse
733 5227 933 5302 loquebantur
948 5227 1040 5284 latino

215 5299 334 5372 eloquio
346 5299 425 5358 olam
437 5297 599 5357 indicabat.
627 5301 659 5356 Et
672 5299 753 5357 hunc
767 5300 917 5357 credimus
932 5315 1039 5356 eonse-

215 5369 340 5428 latorem
359 5371 517 5429 hominum
545 5371 677 5428 salvasse
703 5371 860 5428 obeorum
884 5371 1039 5428 revelatio-

214 5457 296 5500 nem.
322 5445 403 5500 Tune
426 5442 602 5501 aecedentes
625 5441 665 5500 ed
694 5459 756 5525 eos,
780 5443 916 5500 velociter
935 5458 1040 5498 eorum

214 5531 324 5572 manus
331 5513 540 5584 dissolverunt,
557 5519 646 5588 atque
659 5519 782 5586 provrla
791 5511 877 5569 ducis
891 5514 938 5569 sui
953 5512 1039 5594 obni-

214 5585 282 5644 xius
296 5603 348 5644 eos
379 5601 411 5644 er
424 5585 615 5659 interpretem
630 5602 734 5657 rogare
756 5589 911 5658 clepernnt
924 5596 931 5640 t
945 5589 974 5640 et
998 5587 1038 5639 ita

214 5657 340 5716 demum
354 5602 467 5740 domm
480 5663 535 5728 est,
551 5661 584 5714 ut
595 5675 647 5715 eos
661 5673 819 5740 nunquam
832 5655 925 5738 ligare
935 5660 1040 5738 postea

213 5731 486 5805 praesumpsissent.
505 5727 563 5787 Sed
584 5733 611 5786 et
634 5729 691 5786 hoo
716 5729 770 5786 init
797 5723 944 5800 mirabile,
965 5741 1040 5802 quta

213 5813 294 5857 unus
307 5819 345 5860 ex
372 5799 520 5876 predictis
539 5798 682 5858 bannus
707 5799 820 5858 ferebat
835 5815 958 5858 auream
972 5814 1038 5855 cru-

1097 4373 1227 4429 Verbum
1237 4374 1285 4428 liei
1308 4379 1335 4428 et
1355 4377 1473 4430 Creator
1485 4374 1592 4442 earnis,
1633 4391 1683 4432 um
1698 4385 1925 4438 conversaretur

1098 4461 1167 4499 eom
1191 4443 1363 4499 hominibus
1378 4451 1406 4500 et
1428 4449 1494 4499 vna
1518 4443 1693 4572 gradioeiet
1718 4450 1922 4578 Evanqelium,

1098 4515 1136 4570 ad
1151 4519 1269 4588 tempus
1287 4515 1375 4580 siluit,
1389 4515 1463 4588 quid
1478 4531 1517 4572 no
1540 4517 1564 4572 is
1583 4519 1735 4588 egendum
1746 4521 1787 4578 sic
1817 4523 1920 4580 acilius

1096 4586 1349 4660 comprehendere
1362 4587 1498 4660 potestis;
1509 4590 1642 4646 uidelicet
1656 4605 1722 4647 ιιιιιι
1732 4609 1810 4649 nrors
1821 4601 1848 4650 ιι
1861 4596 1921 4652 citu

1096 4659 1922 4738 tarnenntinpuresitposile(Pron.xviri),etcumSerip-

1095 4733 1163 4786 tura
1181 4727 1260 4785 dicat
1281 4729 1339 4785 :In
1352 4731 1541 4803 muttiloquio
1563 4749 1622 4789 ιιοιι
1633 4735 1754 4805 effupies
1766 4743 1920 4806 peceatum

1097 4802 1195 4872 (Pron.
1206 4805 1245 4872 xl,
1261 4805 1306 4855 et:
1322 4801 1373 4856 Vir
1382 4801 1599 4882 linyrrosusnon
1610 4805 1855 4931 diriqetersuper
1865 4813 1922 4865 ter-

1096 4887 1160 4928 rum
1171 4872 1263 4940 (Psnt.
1272 4873 1392 4944 cxxxix).
1403 4875 1430 4930 Si
1443 4874 1522 4930 enirn
1531 4875 1664 4948 praedioli
1684 4881 1777 4932 ratres
1786 4893 1855 4934 cum
1867 4895 1921 4936 cee-

1096 4943 1237 4999 derentur
1251 4949 1340 5017 elque
1365 4944 1453 5000 vincti
1469 4946 1663 5027 minarentur,
1679 4963 1752 5002 vore
1772 4947 1921 5006 silentium

1095 5029 1235 5095 rumpere
1247 5029 1308 5072 uon
1323 5015 1406 5143 gessi
1423 5021 1501 5084 sunt,
1527 5033 1596 5073 eum
1612 5017 1771 5086 imitantes,
1794 5019 1831 5076 de
1860 5037 1921 5094 quo

1096 5089 1311 5157 scriptumest:
1347 5088 1920 5160 tourcortouoccisionemdnttnsesaet

1095 5164 1183 5230 qnasi
1192 5160 1538 5228 uprruscororntondente
1548 5159 1646 5215 sosine
1653 5173 1722 5216 rore
1735 5162 1776 5218 ste
1786 5177 1921 5234 nonape-

1095 5229 1156 5306 ruit
1172 5243 1202 5284 os
1215 5243 1300 5285 ιιιιιιιι
1310 5229 1380 5300 tiso.
1394 5233 1468 5296 ιιιι);
1481 5229 1511 5284 hi
1523 5245 1591 5284 vero
1606 5229 1658 5302 qui
1669 5204 1783 5288 nullam
1794 5233 1854 5290 vim
1865 5251 1918 5307 pa-

1096 5299 1217 5370 liuntur,
1231 5315 1315 5356 neca
1329 5299 1436 5373 quovis
1447 5299 1550 5364 coacti,
1565 5298 1617 5356 sed
1626 5317 1680 5357 sua
1692 5309 1796 5376 sponte
1809 5305 1919 5376 regula

1092 5369 1920 5448 juratransgrediuntur,qniddicturioruntsimulpositi

1094 5441 1303 5512 adjudicium,
1319 5457 1389 5498 eum
1404 5447 1537 5497 utrorum
1564 5460 1598 5499 ue
1609 5446 1741 5502 oausain
1756 5453 1919 5519 conspectu

1096 5511 1145 5568 liei
1160 5517 1187 5569 el
1212 5511 1388 5582 angelorum
1411 5513 1549 5570 examina
1573 5515 1653 5572 itur?
1668 5517 1707 5572 De
1722 5533 1782 5589 que
1807 5518 1918 5574 exami-

1095 5583 1215 5640 natione
1230 5589 1334 5665 saneta
1347 5583 1475 5640 Ecclesia
1486 5601 1539 5657 per
1548 5586 1671 5643 beatum
1683 5588 1740 5643 tols
1754 5589 1919 5645 terribiliter

1093 5655 1203 5711 clamat
1230 5653 1333 5711 dicens
1351 5655 1526 5714 :inservires
1546 5665 1630 5716 testes
1654 5665 1719 5716 tues
1743 5665 1849 5718 corttre
1872 5675 1918 5717 me

1092 5725 1158 5798 (lob
1173 5743 1203 5798 x,
1219 5726 1272 5796 ιι).
1289 5727 1411 5808 §emper
1425 5728 1550 5786 enimin
1570 5729 1615 5788 his
1640 5728 1814 5798 gravissime
1845 5731 1916 5788 ultio

1091 5795 1236 5871 plectitur,
1247 5813 1300 5870 qui
1311 5814 1365 5872 per
1379 5803 1466 5856 testes
1480 5799 1705 5856 convineuntur.
1719 5802 1752 5857 Et
1767 5799 1808 5857 illi
1821 5801 1915 5859 male-
