4104 6162
775 149 803 211 S.
824 151 955 213 ODONlS
974 142 1121 212 subolis
1141 141 1394 210 GLUNlAOllNSlS
1412 147 1435 201 ll

1095 269 1119 321 Δ

392 287 426 340 Et
440 299 459 340 a
473 279 580 338 morbo
593 276 759 351 multiplici.

392 372 487 430 Verbo
499 373 620 427 curatur
631 367 743 426 Medici.

429 479 550 544 contriti
562 478 661 536 cordis
674 474 797 550 punctio
867 539 872 546 ,

390 570 466 627 Cum
480 569 685 642 lacrymarum
700 565 803 636 fluvio,

391 664 425 718 at
438 658 554 734 pietatis
567 656 654 726 actio,

392 752 485 806 iteam
500 746 588 804 solvit
601 761 620 802 a
633 743 715 801 vitio.

431 858 607 926 Surgentem
619 849 822 909 cumulatoria

394 948 497 1002 Jcsum
512 943 586 1000 vidit
599 942 638 998 ab
653 940 772 997 inferis:

395 1033 494 1091 Prima
507 1036 638 1090 meretur
652 1029 772 1101 gaudia,

393 1124 463 1188 Quae
478 1121 547 1196 plus
559 1119 676 1177 ardebit
690 1118 816 1175 caeteris,

429 1227 488 1285 Uni
501 1227 581 1299 [Soli]
598 1229 657 1282 Deo
667 1225 704 1282 sit
715 1225 810 1296 gloria

391 1321 446 1374 Pro
461 1315 617 1390 multiplici
630 1316 727 1388 gratia
740 1333 747 1371 :

392 1406 448 1475 Qui
463 1405 567 1486 culpas
582 1409 611 1462 ct
624 1403 736 1476 flagitia
751 1399 921 1478 [supplicia]

388 1493 524 1554 Remittit
537 1497 565 1552 et
575 1493 628 1551 dat
640 1493 773 1573 praemia.
790 1494 897 1548 Amen.
951 1499 954 1506 ’

641 1605 687 1663 111.

619 1710 712 1780 [raia]

314 1820 360 1876 De
373 1820 405 1877 S.
420 1818 556 1876 Martiae
572 1819 760 1873 thronorum
776 1815 1010 1885 ccccicpiscopo.

429 1941 492 1998 Rex
507 1939 613 1998 christe
628 1939 741 1998 llartini
755 1939 847 2000 decus

393 2032 444 2088 llic
455 2029 522 2088 laus
534 2034 595 2099 tua,
612 2033 643 2086 tu
657 2029 736 2086 illius
750 2049 756 2086 :

393 2124 436 2178 lu
449 2137 505 2177 nos
519 2119 550 2176 in
565 2121 645 2184 hunc
660 2123 687 2176 te
703 2119 809 2188 colere,

395 2209 472 2276 Quin
487 2209 589 2284 ipsum
604 2207 635 2265 in
648 2213 685 2277 te,
702 2207 809 2265 tribue.

430 2315 486 2384 Qui
501 2315 556 2372 das
568 2331 622 2388 per
634 2314 716 2375 orbis
730 2313 878 2386 cardines

394 2403 482 2471 Quod
491 2420 613 2476 gemma
626 2403 720 2474 fulget
731 2403 895 2480 praesulum
909 2419 916 2465 ;

395 2495 438 2550 lla
452 2509 524 2566 quo,
538 2497 681 2566 premunt
695 2491 791 2564 culpae
807 2507 913 2562 graves

398 2581 498 2646 Solvet
510 2583 670 2655 peringens
684 2580 835 2638 meritum.

432 2689 475 2744 En
490 2702 606 2760 pauper
617 2686 665 2744 hic
675 2692 704 2744 ct
718 2685 865 2756 modicus,

398 2774 513 2832 Ooelum
525 2775 609 2832 dives
619 2774 801 2845 ingreditur:

396 2863 466 2921 Coeli
477 2863 615 2920 cohortes
630 2864 762 2927 obviant,

396 2953 528 3025 lingum,
539 2953 647 3022 tribus,
663 2958 777 3024 gentes,
792 2957 892 3012 ovant.

432 3063 466 3118 Ut
479 3061 550 3130 vita,
566 3059 661 3130 fulget
673 3060 826 3132 transitus,

393 3150 480 3208 coehs
491 3155 520 3207 et
535 3165 606 3207 arro
621 3150 798 3224 splendidus
813 3167 820 3207 t

397 3239 532 3296 Gaudere
546 3239 659 3296 cunctis
675 3240 759 3311 pium
774 3243 829 3296 est.

397 3328 516 3386 Cunctis
527 3327 608 3384 salus
624 3327 660 3384 sit
673 3329 737 3384 haec
748 3329 822 3385 dies.

431 3435 551 3492 llartine
566 3451 621 3508 par
635 3434 789 3509 apostolis,

398 3525 515 3579 Festum
526 3523 655 3578 colentes
669 3527 701 3579 tu
715 3523 798 3594 iove;

396 3611 451 3678 Qui
462 3612 561 3667 vivere
576 3611 729 3686 discipulis

396 3700 459 3766 Vis,
475 3704 527 3757 aut
540 3699 628 3770 mori,
644 3716 701 3758 nos
713 3701 839 3774 respice.

431 3807 488 3864 Fac
500 3822 581 3864 nuno
596 3807 680 3881 quod
692 3806 763 3864 olim
778 3823 924 3881 gesseras,

396 3898 479 3954 Nunc
489 3896 541 3969 [tu]
555 3896 695 3970 praesules
710 3896 841 3955 clarifica
858 3915 871 3974 ε,

394 3987 477 4057 Auge
493 3985 585 4042 decus
600 3985 747 4058 Ecclesiae,

385 4075 526 4134 ·Fraudes
539 4075 631 4133 relide
642 4075 762 4150 [relega]
778 4079 906 4136 Satanae.

432 4184 488 4251 Qui
501 4187 546 4240 tor·
563 4185 656 4244 chaos
669 4185 799 4244 eviceras
816 4201 824 4242 s

395 4274 504 4329 llersos
516 4277 601 4330 reatu
614 4274 726 4332 suscita
739 4292 745 4329 :

396 4361 545 4417 Diviserns
557 4365 591 4417 ut
608 4361 811 4435 chlamydem,

395 4450 454 4506 Nos
465 4448 557 4506 indue
569 4449 727 4522 justitiam.

1901 151 1950 208 tls

1311 271 1345 324 Ut
1358 267 1495 341 specialis
1511 267 1610 338 gloriae
1625 265 1776 346 [spiritalis
1787 269 1891 344 gratia]

1275 357 1434 423 Quondam
1451 357 1617 413 recorderis
1631 361 1689 413 tuae
1706 373 1712 411 :

1272 446 1435 504 lionastico
1448 461 1528 502 nunc
1541 443 1640 502 ordini

1270 536 1337 592 lam
1352 549 1429 608 pene
1440 533 1528 608 lapso
1542 533 1678 594 subveni.
1691 537 1797 592 Amen.

1523 679 1567 735 lV.

1130 817 1271 889 Hymnus
1284 819 1316 874 in
1335 821 1476 877 honorem
1500 821 1600 878 sancti
1617 821 1756 891 Martini,
1777 819 1839 878 cS.
1857 819 1953 877 Odore

1348 911 1380 965 tn
1395 910 1535 966 extremis
1550 910 1738 980 compositus.

1132 1051 1233 1124 [Apud
1255 1051 1374 1118 Mabffl„
1390 1053 1504 1111 dcccl.
1525 1057 1598 1111 tom.
1613 1057 1658 1110 ΙΙΙ.
1679 1052 1817 1127 Append,
1833 1068 1863 1126 p.
1885 1054 1953 1124 lit]

1202 1197 1316 1254 llartini
1330 1198 1434 1255 renitet
1446 1214 1483 1255 en
1500 1198 1638 1272 speciosa
1652 1198 1727 1269 dies,

1203 1287 1268 1352 Qua
1282 1286 1400 1342 scandit
1414 1286 1551 1343 modicus
1567 1286 1650 1346 diues
1665 1286 1795 1343 Abrahae
1809 1285 1903 1352 sinus,

1204 1378 1432 1448 concentusque
1442 1375 1502 1449 poli
1518 1375 1626 1432 obvius
1638 1381 1718 1434 astat
1732 1375 1758 1432 el
1773 1391 1780 1432 τ

1238 1467 1297 1522 Nos
1311 1465 1433 1538 hymnis
1446 1465 1527 1522 hunc
1541 1464 1735 1523 honoremus.

1204 1569 1255 1623 Est
1268 1569 1353 1624 lesus
1364 1567 1528 1624 vehemens
1542 1567 1618 1635 lana,
1632 1567 1730 1624 honor
1751 1567 1841 1640 atque
1857 1563 1953 1622 decus.

1205 1657 1279 1713 Nam
1294 1656 1385 1714 coelos
1398 1657 1529 1727 decorat,
1542 1672 1673 1733 arvaque
1686 1653 1838 1722 clarificat,

1204 1747 1366 1817 Emergens
1374 1746 1465 1830 quasi
1478 1745 1523 1803 sol
1538 1745 1610 1803 alter
1625 1745 1663 1802 ab
1678 1743 1816 1802 occiduo.

1241 1833 1436 1908 splendorem
1452 1835 1505 1893 dat
1518 1836 1599 1893 huno
1620 1833 1699 1892 diem
1719 1835 1774 1908 [ct.
1790 1833 1952 1905 invidiaml.

1204 1942 1353 2004 cultorem
1365 1942 1482 2000 Domini
1492 1943 1541 2000 bic
1556 1947 1638 2000 tener
1646 1941 1816 2010 imbiberat,

1204 2031 1237 2086 Et
1251 2030 1293 2085 nil
1307 2033 1413 2102 prater
1428 2044 1498 2088 cum
1512 2046 1629 2089 sumere
1639 2030 1704 2102 iam
1717 2033 1852 2103 poterat:

1205 2119 1302 2190 Signis
1316 2135 1334 2176 a
1348 2135 1442 2193 puero
1458 2117 1565 2192 plenus
1580 2123 1609 2176 et
1622 2119 1653 2177 in
1668 2119 1751 2176 senio

1239 2209 1307 2281 Ipso
1321 2207 1380 2264 fide
1393 2207 1426 2264 fit
1435 2205 1576 2280 inclytus.

1205 2314 1260 2380 Qui
1270 2315 1401 2372 necdum
1415 2315 1557 2374 madidus
1568 2315 1650 2372 tonte
1661 2330 1748 2374 sacro
1763 2313 1857 2374 laticis

1205 2403 1328 2458 vestivit
1338 2401 1500 2458 Dominum
1514 2407 1599 2476 parte
1613 2419 1675 2459 suoe
1689 2401 1857 2475 chlamydis
1872 2419 1879 2458 :

1204 2495 1238 2550 Et
1252 2497 1346 2550 semet
1361 2493 1473 2564 gelidat
1486 2492 1605 2564 algidus
1616 2495 1652 2552 nt
1660 2497 1769 2566 tepeat,

1240 2585 1359 2654 Nosque
1371 2597 1452 2638 nuno
1464 2581 1577 2640 meritis
1593 2586 1681 2652 tegat.

1121 2743 1123 2748 ,
1203 2690 1258 2744 Ter
1269 2687 1375 2744 virtute
1389 2691 1496 2761 potens
1506 2687 1655 2744 mortibus
1667 2687 1826 2760 imperitat,

1099 2971 1120 3028 C

1206 2775 1366 2847 Signorum
1382 2775 1472 2834 titulis
1486 2779 1566 2833 totus
1581 2775 1693 2849 ubique
1705 2777 1806 2845 micat,

1205 2865 1242 2924 Ut
1255 2865 1340 2939 quod
1354 2865 1486 2923 Christus
1498 2865 1590 2922 habet
1602 2881 1715 2922 nomen
1728 2865 1771 2922 ibi
1782 2865 1898 2924 nitescit

1241 2957 1276 3011 Ut
1288 2958 1445 3012 consertus
1459 2953 1615 3028 apostolis.

1089 3097 1093 3104 .
1204 3062 1346 3119 lnstinctu
1360 3077 1470 3137 supero
1484 3063 1605 3120 cardina
1616 3061 1788 3135 quadrifido

1205 3156 1291 3224 Gens,
1306 3153 1427 3224 lingua,
1444 3151 1549 3226 populi
1559 3151 1640 3208 hunc
1653 3151 1804 3208 celebrant
1818 3151 1921 3220 seduli,

1203 3243 1404 3315 Certatimque
1418 3241 1484 3298 fluit
1495 3241 1574 3298 illius
1587 3242 1626 3300 ad
1639 3241 1789 3299 tumulum
1806 3261 1813 3299 ε

1240 3331 1398 3390 llartinum
1413 3330 1498 3387 decet
1510 3331 1569 3386 hoc
1581 3330 1683 3387 decus.

1205 3437 1284 3506 Hac,
1300 3439 1432 3509 liertiae,
1448 3435 1512 3494 dies
1527 3453 1616 3494 arras
1629 3437 1776 3511 polosque
1790 3435 1892 3512 replet,

1205 3527 1247 3584 Sit
1258 3543 1311 3600 per
1321 3531 1349 3584 te
1363 3526 1492 3584 salubris
1503 3526 1550 3584 his
1564 3526 1675 3600 quibus
1690 3531 1735 3584 est
1749 3526 1882 3584 celebris.

1206 3615 1247 3672 Sit
1258 3615 1391 3687 gaudere
1402 3614 1497 3687 plum,
1512 3615 1549 3672 sit
1563 3615 1699 3686 gencrale
1715 3614 1831 3673 bonum

1242 3707 1302 3761 lloc
1312 3719 1366 3778 per
1380 3707 1417 3775 te,
1434 3707 1518 3761 Pater
1531 3704 1650 3777 inclyte.

1203 3815 1245 3868 Tu
1256 3827 1365 3885 pacem
1378 3827 1520 3885 reparas:
1535 3811 1622 3870 hicet
1633 3812 1673 3870 ad
1686 3817 1767 3870 astra
1779 3811 1909 3883 migras:

1203 3903 1287 3956 Nunc
1300 3903 1395 3956 noste
1410 3899 1511 3956 medio
1526 3899 1664 3956 concilies
1679 3900 1817 3968 Domino,

1204 3990 1314 4047 Odonis
1329 3989 1433 4048 famuli
1445 3989 1503 4046 hoc
1515 4004 1594 4064 opus
1608 3989 1661 4063 qui
1674 3989 1810 4046 condidit

1240 4079 1396 4150 Emigrans
1411 4078 1448 4134 de
1464 4077 1585 4135 saeculo.

1204 4186 1336 4246 llisertus
1349 4183 1483 4253 Domine,
1497 4199 1574 4258 quos
1585 4181 1719 4242 enutristi
1733 4183 1782 4258 pis

1205 4279 1328 4350 Semper
1342 4273 1521 4343 misericors,
1537 4273 1829 4344 misericordissime,

1202 4365 1350 4422 Tetolonis
1364 4363 1441 4421 servi
1456 4364 1628 4438 caeterisque
1640 4363 1698 4421 tuis

1238 4453 1383 4522 Miserere,
1394 4469 1412 4512 o
1424 4453 1555 4512 Martiae.
