4156 6182
122 127 156 180 es
191 110 193 114 ’
651 123 920 180 raonaooiiaui.
945 149 980 162 -
1003 122 1082 178 viri
1107 125 1137 180 s.
1159 125 1300 181 ononis.
1796 134 1831 186 ro

121 244 234 300 dietum
255 243 330 314 legis
357 243 533 318 percipiunt,
554 244 607 316 qui
627 259 662 300 ea
685 261 753 317 quse
777 245 851 312 leals
878 249 949 300 sunt
964 247 1164 302 attalianum
1186 247 1291 315 oravit,
1313 262 1375 319 quo
1404 265 1500 321 usque
1522 249 1678 308 liberatum
1703 265 1831 325 puerum

121 315 218 372 sciunt
233 321 261 372 et
273 315 313 370 ab
328 313 392 386 ejus
409 315 558 371 mandatis
583 321 691 372 temere
715 316 864 372 declinam
886 331 947 371 non
1003 333 1067 373 esse
1087 318 1236 387 cognovit.
1253 321 1314 377 Non
1330 318 1411 374 enirn
1435 321 1583 392 potiusde
1608 322 1657 384 illo
1677 339 1771 396 quam
1792 323 1831 380 de

121 386 948 459 metuuntllequibusl'salmislaait:d1nledictiquiite-
1004 389 1116 444 crateris
1131 389 1252 444 dolebat
1271 389 1406 460 captivis,
1422 389 1475 445 aad
1493 407 1547 463 pro
1559 393 1625 463 ejus
1640 395 1741 450 anima
1766 411 1832 466 gra-

122 459 239 514 clinant
254 457 434 514 amandatis
446 459 504 513 tuis
518 459 612 526 (Psoi.
630 460 723 528 osvin)
740 461 804 528 (id).
1003 459 1123 515 vissime
1134 459 1302 525 laborabat,
1322 459 1430 514 timens
1447 477 1482 515 ne
1498 462 1598 534 aliquo
1613 481 1685 520 casu
1701 465 1765 522 sine
1790 465 1832 522 le·

156 529 317 584 Fratribus
336 529 462 597 intimuit
480 543 558 599 apra
572 531 751 586 medicinam
765 530 912 598 indulcat.
1003 545 1094 585 vacco
1110 531 1287 602 tontis-puer
1301 535 1329 586 et
1343 531 1408 601 ejus
1421 532 1524 586 anima
1538 534 1682 601 gebennis
1704 535 1832 592 tradere-

159 603 201 654 lt.
227 601 314 654 Erant
338 600 437 671 itaque
462 599 492 655 in
512 605 616 657 nostra
632 601 862 668 congregatione
887 599 949 653 duo
1005 605 1061 656 tur.
1085 601 1141 657 Sed
1156 602 1231 656 inter
1246 607 1352 656 cratere
1376 617 1437 656 non
1462 607 1531 658 sunt
1551 607 1758 673 pretereunda
1780 607 1831 662 illa

123 669 238 736 iratres,
254 685 383 742 quorum
398 670 523 726 nomina
538 671 608 726 huie
627 671 710 744 operi
732 687 792 726 non
812 671 883 726 libet
904 671 949 724 iu·
1004 673 1185 752 quien-utrix
1199 672 1285 752 pueri
1297 672 1450 728 narrabat.
1464 675 1626 742 Locus,ait‚
1636 675 1730 732 illaad
1739 693 1831 749 quem

124 747 230 810 texere,
246 741 297 814 qui
313 757 433 813 prosae
445 741 623 810 gravissima
636 741 806 798 infirmitate
818 741 950 821 creturus
1005 748 1112 823 captivi
1127 743 1207 798 ducti
1221 743 1346 808 lucrant,
1366 743 1441 798 ultra
1459 744 1616 816 quoddam
1629 744 1742 802 brimeu
1756 753 1830 817 erat,

121 829 191 867 cum
207 816 401 868 assueverant
412 827 509 881 orare,
525 817 559 868 ul
573 813 728 868 medicinae
749 813 805 868 illis
818 812 950 867 remedia
1004 829 1091 880 cujus
1103 818 1184 870 tanta
1194 813 1288 869 iuerat
1298 813 1496 886 profunditas,
1512 821 1542 870 ut
1553 813 1654 870 nullus
1664 816 1736 872 illud
1747 818 1832 874 aliter

121 883 262 939 adbibere
275 883 403 954 juberet,
419 888 633 964 praesumentes
647 884 685 940 de
699 884 835 940 santulo.
853 885 889 937 bt
903 882 950 937 ille
1005 881 1062 938 uisi
1078 884 1208 952 navigio,
1224 890 1276 940 aut
1294 889 1396 940 natatu
1412 891 1512 966 posset
1539 886 1673 942 transire.
1698 888 1832 944 Distabat

121 970 181 1010 non
197 953 294 1010 ferens
306 970 413 1010 eorum
427 953 661 1026 improbitatem,
685 955 830 1010 consentit
851 953 951 1008 volun·
1004 959 1130 1010 autema
1142 955 1408 1027 Turoniaspatium
1418 956 1529 1012 itineris
1545 961 1612 1012 octo
1622 957 1749 1014 dierum.
1764 961 1831 1014 lem

120 1025 171 1080 tati
184 1041 313 1080 eorum:
333 1025 485 1105 pontoque
508 1025 707 1082 medicamine
731 1025 880 1082 licentiam
903 1024 949 1079 tvi
1005 1042 1072 1080 vero
1083 1027 1229 1081 revisendi
1240 1041 1365 1097 puerum
1376 1043 1443 1098 spes
1453 1027 1661 1084 frustrabatur.
1670 1029 1769 1085 Stante
1779 1030 1832 1086 ita·

120 1095 195 1158 buit,
224 1095 277 1150 sed
301 1109 386 1166 prius
410 1111 462 1150 aas
484 1107 654 1152 convocans
674 1095 732 1152 sub
759 1095 949 1150 similitudine
1004 1096 1621 1168 quemuliereinipsodiscrimine.subilo
1633 1100 1833 1172 inspirataest

145 1167 257 1220 undam
269 1165 343 1220 dixit
356 1164 413 1220 illis
427 1165 484 1221 hoc
499 1167 686 1238 paradigma.
706 1167 767 1220 Vidi
786 1166 949 1238 aliquando
1006 1167 1054 1221 llei
1068 1167 1199 1233 flamine,
1216 1173 1248 1222 ut
1260 1168 1403 1239 arriperet
1416 1184 1542 1240 puerum
1562 1175 1591 1224 et
1614 1170 1727 1235 abiret;
1746 1171 1831 1244 quod

121 1183 245 1291 flauam
261 1235 349 1291 simili
364 1240 462 1292 vestro
475 1237 607 1316 'vulnere
630 1238 792 1292 cruciatum
817 1243 845 1291 ct
867 1238 949 1308 prius
1004 1243 1032 1293 et
1047 1238 1122 1293 lecit.
1140 1239 1252 1293 Etenim
1265 1245 1326 1294 tam
1347 1253 1451 1294 secura
1465 1255 1521 1364 per
1542 1240 1675 1296 medium
1699 1243 1831 1299 hostium

123 1312 276 1362 mortuum
290 1321 383 1378 quam
399 1306 529 1379 pristinae
545 1307 581 1362 sit
598 1309 714 1364 sanitati
737 1308 897 1362 restitutus.
914 1311 950 1362 itt
1004 1309 1137 1364 transivit
1147 1313 1292 1372 catervas,
1307 1315 1339 1364 ut
1354 1325 1416 1364 non
1431 1326 1464 1365 so
1478 1326 1527 1364 uin
1545 1311 1584 1364 ab
1608 1311 1708 1382 aliquo
1730 1313 1833 1369 luisset

121 1377 162 1431 illi
176 1377 249 1432 nihil
264 1377 301 1432 de
316 1393 346 1432 se
362 1393 413 1432 sus
438 1377 549 1433 icanles
563 1378 764 1434 edlubuarunt
777 1379 833 1434 sibi
854 1379 947 1434 medi·
1003 1385 1125 1442 retente,
1143 1396 1245 1434 verum
1268 1380 1358 1436 etiam
1383 1396 1437 1436 nee
1461 1381 1650 1450 interrogate.
1676 1383 1831 1438 Profundi-

120 1463 189 1502 cum
206 1465 212 1502 :
228 1447 280 1504 sed
298 1453 364 1519 post
377 1394 498 1510 sagatos
513 1449 672 1518 cruciatus,
697 1450 854 1504 sanitatem
870 1467 947 1506 nun·
1002 1456 1093 1506 tatem
1108 1467 1178 1506 vero
1194 1450 1267 1506 tanti
1279 1451 1413 1506 fluminis
1425 1451 1512 1506 siccis
1533 1451 1670 1508 cruribus
1685 1454 1830 1520 transivit,

119 1533 212 1589 quam
226 1523 411 1590 receperunt.
428 1519 494 1575 Scio
508 1524 537 1575 et
551 1519 643 1576 alium
658 1519 790 1588 tratrem,
809 1521 862 1592 qui
874 1527 946 1576 tem·
1003 1527 1031 1577 et
1045 1521 1293 1593 longinquitatem
1310 1521 1382 1577 tanti
1397 1522 1508 1577 itineris
1522 1521 1620 1577 triduo
1630 1523 1755 1596 parauit,
1771 1539 1832 1580 non

120 1604 192 1660 pore
218 1605 279 1644 suae
305 1589 508 1646 conversionis
528 1589 601 1646 dum
629 1591 760 1646 studeret
785 1593 948 1664 praeteritas
963 1589 985 1646 B
1003 1593 1146 1648 esuriens.
1161 1608 1259 1664 neque
1274 1593 1385 1654 sitiens,
1406 1597 1459 1648 aul
1472 1592 1647 1662 lassescens,
1664 1593 1760 1649 donec
1776 1597 1831 1650 Tu-

122 1659 223 1716 llendo
237 1659 412 1716 delictorum
428 1666 540 1731 tergere
551 1661 698 1732 meamus,
713 1663 882 1718 caterareli
908 1663 948 1718 uit
1002 1664 1084 1718 roais
1109 1664 1283 1735 perveniret.
1311 1666 1369 1718 lloc
1391 1679 1461 1718 vero
1484 1663 1597 1719 iactum
1615 1665 1702 1734 eidus
1728 1664 1833 1722 luisset

120 1731 228 1800 studia,
243 1735 334 1787 noctu
346 1731 453 1804 dieque
469 1733 606 1797 orationi,
624 1734 847 1806 corripunctioni
863 1739 891 1789 et
915 1749 948 1788 a·
1003 1735 1099 1790 meriti
1114 1735 1214 1791 statim
1227 1734 1342 1800 claruit,
1358 1735 1430 1806 quia
1445 1747 1525 1800 inex,
1549 1739 1580 1790 ut
1594 1749 1669 1807 puer
1687 1736 1763 1807 patri
1778 1751 1832 1792 no·

119 1802 293 1884 meatationi
307 1803 492 1858 incessanter
513 1804 692 1886 desudabat.
718 1806 854 1876 Cumque
878 1821 948 1860 eum
1003 1811 1064 1886 stre
1078 1806 1195 1862 delatus
1210 1805 1274 1886 luit,
1290 1821 1376 1861 sacro
1389 1821 1459 1861 eum
1472 1805 1540 1886 iecit
1553 1805 1734 1878 baptismate
1746 1807 1829 1875 boui.

118 1879 853 2010 lltltlllalllttllttllllsllrtttt
878 1891 948 2000 tlt
1003 1877 1833 2029 lillillttlltttttldltlltllltilllzll:

120 2019 211 2070 tatem
225 2015 324 2071 relidit
337 2015 374 2074 ei.
390 2019 418 2071 et
429 2015 546 2071 occulta
556 2015 654 2072 cordia
668 2016 825 2088 suipatula
839 2017 949 2072 revela·
1004 2023 1078 2074 tum.
1096 2021 1178 2074 Pater
1189 2033 1259 2073 vero
1282 2035 1349 2088 epis
1368 2015 1464 2074 iactus
1489 2022 1533 2073 est
1556 2019 1734 2075 monachus.
1759 1965 1783 2085 8

120 2085 171 2149 vit,
187 2089 279 2165 atqua
294 2090 327 2140 ut
341 2085 397 2140 sibi
418 2085 476 2140 lico
500 2085 673 2156 perficiendi
692 2087 777 2142 daret
800 2087 948 2142 licentmrn
1004 2103 1075 2143 veru
1089 2094 1266 2159 sequuntur,
1291 2090 1354 2161 ipae
1368 2087 1474 2144 baetim
1491 2093 1575 2162 pater
1597 2089 1744 2162 exposuit,
1770 2105 1831 2146 non

119 2159 262 2220 exoravit,
280 2155 376 2210 sciens
388 2171 444 2228 pro
460 2161 539 2212 certo
555 2156 722 2212 secundum
734 2157 949 2214 institutionem
1004 2163 1106 2214 lamen
1122 2163 1153 2214 ut
1166 2175 1185 2215 a
1199 2175 1229 2214 se
1245 2159 1288 2214 vel
1303 2175 1358 2230 pro
1371 2175 1403 2214 se
1416 2159 1640 2225 incaluissent,
1657 2160 1710 2216 sed
1720 2161 1757 2216 de
1767 2161 1832 2232 qui·

120 2225 241 2295 lingulae
256 2229 333 2296 (cap.
347 2229 403 2296 illl,
418 2227 491 2298 quia
501 2227 584 2300 quod
608 2229 670 2283 sine
689 2229 884 2300 permissione
899 2245 950 2298 pa·
1004 2229 1062 2285 bris
1075 2245 1145 2286 eum
1162 2229 1305 2285 bominus
1320 2229 1457 2300 periculis
1470 2229 1625 2286 liberasset
1643 2232 1795 2288 narrabat.

118 2297 170 2351 tris
188 2296 349 2369 spiritualis
362 2297 530 2352 monachus
543 2298 614 2368 agit,
624 2299 949 2372 praesumptioniilepu-
1253 2301 1457 2370 Naufrnpium
1472 2301 1582 2356 euadit.

118 2372 198 2423 tatur
222 2373 251 2423 et
277 2381 364 2423 vana
391 2368 503 2438 gloria,
529 2381 590 2424 non
619 2371 759 2425 mercedi.
787 2371 839 2426 Cui
865 2377 948 2444 pater
1041 2376 1082 2426 ll.
1100 2369 1238 2438 Quodam
1255 2376 1388 2442 tempore
1402 2371 1477 2426 dum
1490 2370 1626 2426 Rhodani
1645 2371 1765 2426 alveum
1779 2386 1832 2428 na·

119 2443 220 2494 noster
234 2438 274 2494 ait
289 2455 295 2494 :
313 2441 410 2495 Restat
425 2444 456 2494 ut
466 2455 527 2495 uno
538 2440 586 2495 vel
600 2440 729 2513 amplius
745 2446 878 2514 tempore
894 2442 948 2498 ista
1003 2441 1082 2511 vigio
1093 2443 1240 2508 transiret,
1256 2441 1470 2498 cornilanlibus
1481 2441 1566 2497 illum
1581 2441 1778 2513 optimatibus
1789 2458 1833 2498 ra·

120 2509 246 2590 Spiritus
258 2508 376 2566 dicebat
391 2526 410 2566 a
423 2514 460 2571 le,
480 2527 542 2583 quo
555 2526 640 2566 niens
656 2517 706 2568 tua
729 2512 856 2568 sbirrulis
877 2529 947 2568 sau·
1003 2513 1099 2582 pionis
1113 2512 1200 2580 illius,
1216 2513 1349 2582 contigit,
1365 2517 1398 2568 ut
1421 2513 1495 2568 dum
1517 2528 1596 2568 unus
1620 2529 1717 2586 aquus
1738 2513 1832 2570 alium

118 2585 212 2636 cietur
226 2595 312 2636 vana
323 2579 435 2650 gloriae.
452 2583 517 2638 ltux
531 2579 621 2638 irater
634 2581 683 2638 ills
699 2583 871 2654 praedictam
884 2599 948 2656 per·
1002 2583 1088 2640 vellet
1101 2583 1182 2640 calce
1200 2589 1364 2656 perculere,
1388 2583 1481 2640 iatum
1503 2584 1634 2642 sedentis
1657 2583 1770 2654 navigii
1792 2590 1832 2641 ta·

118 2649 194 2706 didit
227 2652 501 2723 compunctionem,
531 2655 560 2708 el
586 2653 633 2708 vix
663 2657 731 2725 post
758 2655 847 2710 medii
876 2656 948 2711 eniri
1002 2655 1073 2711 bula
1088 2671 1158 2710 exce
1183 2656 1213 2720 it,
1228 2654 1518 2720 illovidelieetloco‚
1533 2655 1834 2727 exquoramuslue·

119 2721 333 2794 spatiumeam
354 2739 475 2778 rursum
496 2723 649 2780 exorando
694 2728 788 2780 atram
811 2731 948 2784 nostrum
1001 2733 1048 2782 rat
1068 2739 1139 2782 cum
1157 2671 1312 2782 solaretur
1334 2727 1462 2782 ancisus.
1486 2729 1550 2782 llox
1573 2733 1605 2782 ut
1629 2726 1752 2782 evulsus
1778 2727 1833 2784 luit

119 2793 228 2850 meruit
241 2795 381 2866 recipere.
398 2796 458 2850 Sua
471 2810 603 2874 namque
615 2739 708 2850 veiga
722 2796 798 2851 miro
818 2797 947 2866 gravita-
1002 2802 1113 2866 vertex,
1129 2801 1211 2852 tauta
1223 2813 1276 2869 per
1289 2796 1371 2852 idem
1382 2797 1517 2854 toramen
1526 2796 1683 2876 inundatio
1693 2797 1833 2866 ingressa

119 2865 157 2920 tis
171 2865 303 2936 pondere
313 2865 407 2948 plena
420 2871 521 2931 arant;
537 2881 608 2990 pura
623 2867 666 2921 vir
681 2871 802 2922 sanetus
817 2867 946 2940 repletus
1003 2873 1158 2939 asiaque,
1174 2873 1207 2922 ut
1221 2867 1319 2922 subito
1333 2867 1495 2940 repleretur
1509 2882 1595 2922 navis
1611 2883 1706 2939 usque
1727 2868 1767 2923 ad
1782 2883 1832 2922 su·

119 2939 223 2992 sancto
237 2935 360 2992 flamine
375 2935 527 2992 incassum
552 2935 623 3008 oqui
637 2936 801 2992 nesciebat.
962 2935 986 2996 0
1004 2938 1167 3010 perficiem.
1185 2938 1231 2992 ste
1257 2943 1357 2994 umen
1376 2938 1467 3010 plena
1498 2940 1557 2992 beo
1578 2938 1765 3006 gubernante
1793 2937 1831 2993 ad

287 3007 401 3063 daunai
413 3009 615 3076 episcopatum
629 3008 777 3076 praedicit.
1004 3009 1094 3064 aliam
1109 3008 1243 3080 pervenit
1262 3007 1370 3078 ripam.
1395 3008 1508 3062 Etenim
1529 3023 1624 3078 usque
1649 3005 1725 3064 adeo
1744 3012 1834 3086 pater

1785 2035 1831 2075 11ae

158 3081 199 3134 t5.
216 3077 370 3134 Pereuntia
384 3077 430 3133 his
442 3077 549 3134 diebus
561 3091 664 3134 coram
679 3079 788 3134 nostris
809 3079 949 3135 iratribus
1005 3079 1069 3136 Odo
1085 3079 1161 3135 intro
1175 3078 1262 3142 stetit,
1285 3093 1347 3203 Ἰιιο
1368 3093 1474 3132 omnes
1494 3077 1618 3132 luissent
1640 3091 1761 3144 egressi.
1787 3076 1833 3132 Ad

119 3151 148 3204 et
173 3147 239 3204 allis
263 3149 315 3222 qui
344 3147 469 3206 ederant
496 3149 667 3218 uobiscum,
695 3149 792 3206 retulit
817 3151 949 3206 dournus
1004 3155 1274 3224 postremumcum
1302 3146 1834 3228 inseetilleegressusnavisabiitin

118 3221 259 3286 loannes,
287 3219 406 3276 Nolanee
432 3221 488 3290 tit]
510 3219 648 3276 Ecclesia
673 3221 842 3293 episcopus,
866 3221 949 3294 quod
1004 3220 1200 3304 protundum.
1217 3222 1282 3285 Qua
1296 3219 1327 3274 in
1348 3234 1379 3274 re
1403 3218 1537 3274 videlicet
1560 3219 1648 3289 cujus
1673 3223 1770 3274 meriti
1789 3233 1834 3274 vir

120 3295 189 3346 ante
199 3290 257 3346 boc
277 3291 437 3347 triennium
450 3291 498 3346 bis
514 3293 640 3347 Romam
662 3290 742 3362 isset,
766 3297 795 3348 et
815 3292 949 3374 praedicti
1003 3297 1059 3348 iste
1073 3292 1160 3348 luerit
1174 3291 1331 3364 perspicue
1346 3290 1447 3354 claret
1462 3289 1515 3362 qui
1536 3290 1593 3346 hoo
1614 3291 1676 3345 suis
1698 3289 1833 3346 obtinere

119 3360 313 3442 episcopatus
333 3360 574 3420 benedictionem
596 3361 803 3418 resistentibus
822 3364 948 3420 inimicia
1004 3363 1097 3420 valuit
1109 3362 1260 3437 precibus,
1276 3360 1359 3434 quod
1380 3361 1463 3434 prius
1487 3367 1660 3442 meruerunt
1683 3363 1784 3416 Petrus
1805 3366 1835 3417 et

118 3431 301 3504 nequivisset
315 3433 459 3504 accipere.
476 3437 591 3490 interea
601 3433 734 3490 domnus
758 3433 822 3490 Odo
840 3435 949 3490 orabo·
1004 3433 1124 3496 Paulus,
1138 3433 1246 3489 deinde
1261 3437 1346 3505 pater
1362 3437 1461 3488 noster
1476 3431 1660 3488 Benedictus.

119 3503 167 3558 nis
183 3503 277 3572 gratia
299 3505 471 3574 Garganum
495 3503 567 3562 ibat.
589 3505 723 3577 Cumque
737 3505 858 3561 vidisset
878 3522 948 3562 eum
1267 3506 1341 3561 [tarn
1359 3504 1570 3574 praecipitium.
1597 3573 1602 3584 .
1641 3573 1646 3584 ι
1673 3573 1678 3583 Ι

119 3573 243 3642 tristem,
260 3574 418 3631 sciscitavit
432 3591 502 3631 eum
516 3575 734 3649 quidlraberet.
757 3575 948 3634 Cuiillecum
1041 3580 1083 3631 l8.
1101 3575 1162 3633 Sub
1186 3575 1294 3632 eodem
1317 3580 1452 3647 tempora
1475 3577 1617 3646 compebt
1639 3573 1680 3630 illi
1707 3575 1833 3630 Romam

118 3645 305 3718 omniaque
320 3645 376 3702 sibi
391 3645 517 3728 aderant
530 3647 687 3730 retulisset,
713 3651 741 3703 et
754 3647 840 3728 ¹quia
861 3649 948 3720 quasi
1004 3646 1059 3718 (28)
1073 3647 1216 3728 orationis
1231 3647 1326 3716 gratia
1340 3646 1442 3702 venire
1454 3661 1465 3726 ιΙ
1485 3645 1539 3700 sed
1560 3660 1621 3700 non
1647 3644 1741 3700 multo
1807 3651 1835 3700 et

118 3715 950 3866 ltilitlllttttlllll‘lttlttlatinitati
1003 3715 1835 3869 illiti“lettitittttt‘tlttitlillllibim

117 3858 192 3938 dixit
208 3879 215 3916 ι
231 3863 320 3930 Perge
334 3859 440 3916 iterum
453 3875 585 3926 securus,
602 3865 630 3918 et
644 3861 720 3916 scias
735 3861 807 3932 quia
820 3861 949 3935 comple·
1004 3865 1047 3915 est
1059 3861 1124 3930 ejus
1134 3859 1197 3926 iter,
1214 3875 1276 3931 qua
1290 3859 1424 3915 videboct
1438 3873 1527 3914 mons
1541 3802 1588 3914 Sia
1603 3857 1686 3914 nullo
1698 3873 1738 3914 un
1764 3874 1835 3914 uam

119 3934 161 3986 vit
176 3930 253 3985 Deris
267 3936 371 3986 votum
385 3935 489 3986 tuum:
510 3929 619 3986 deinde
632 3929 744 3986 dimisit
756 3947 836 3988 eum.
854 3937 888 3988 st
901 3933 948 3988 ille
1004 3937 1138 4012 tempore
1150 3935 1248 4003 potest
1266 3945 1375 3986 carere.
1399 3931 1489 3984 Secus
1504 3935 1606 3984 autem
1627 3929 1727 4008 locum
1750 3928 1835 3984 ilum

117 4005 244 4071 accepta
257 3999 464 4055 benedictione
480 4001 562 4066 abiit,
579 4006 608 4056 et
621 3999 698 4058 inira
713 4003 845 4073 spatium
859 4003 948 4076 quin·
1004 4001 1119 4056 habitat
1132 4000 1288 4072 quoddam
1303 4015 1399 4067 genus
1415 3999 1585 4066 bominum,
1610 4013 1663 4069 qur
1686 4001 1835 4076 llarrones

116 4071 220 4128 decim
233 4068 361 4136 dierum,
375 4070 450 4126 sicut
473 4074 677 4140 paternoster
699 4072 886 4142 praedixerat,
909 4073 949 4128 illi
1006 4071 1060 4140 (tlt)
1080 4075 1237 4138 vocantur,
1253 4069 1485 4148 atarbitrorex
1507 4069 1660 4146 Marconea
1681 4081 1836 4138 provincia

116 4139 251 4199 advenit.
270 4141 334 4206 Qua
357 4139 394 4195 da
408 4155 439 4194 re
462 4139 667 4196 indubitanter
688 4140 879 4213 proterimus,
906 4143 951 4198 vir
1005 4140 1078 4196 illud
1094 4155 1207 4196 nomen
1224 4145 1348 4195 nexisse
1370 4151 1527 4207 originem.
1551 4139 1584 4192 lli
1607 4151 1688 4218 apim
1710 4151 1781 4192 acce
1801 4141 1834 4218 ,ιι

116 4213 182 4269 istie
213 4210 377 4284 prophetiae
394 4210 531 4283 spiritum
558 4211 702 4267 veraciter
723 4212 839 4284 habuit,
863 4214 950 4285 eujus
1006 4210 1142 4267 mercede
1165 4210 1359 4283 praebuerunt
1380 4208 1415 4291 οἱ,
1430 4208 1594 4290 ducatum,¹
1611 4211 1688 4290 sicut
1718 4212 1747 4264 et
1809 4223 1834 4263 rs

119 4281 210 4339 verba
226 4286 308 4339 tanta
321 4285 391 4338 sunt
402 4283 576 4340 auctoritate
592 4283 720 4339 firmata.
965 4283 989 4340 ll
1005 4281 1101 4340 facere
1117 4285 1346 4347 consueverunt,
1362 4295 1434 4353 quia
1459 4279 1544 4336 aliter
1566 4281 1672 4336 bremis
1699 4281 1834 4352 tempore

316 4355 424 4424 Nepoti
439 4355 616 4424 lupicinum
630 4353 752 4411 adlinet.
1004 4369 1094 4410 nemo
1118 4353 1242 4426 quidem
1266 4351 1424 4426 pradictus
1451 4355 1568 4408 montes
1593 4349 1672 4406 valet
1696 4351 1832 4407 uaneire.

157 4427 200 4480 ld.
213 4423 380 4481 Meminisse
395 4441 453 4480 vos
469 4425 547 4492 volo,
563 4425 678 4494 trabes,
693 4425 778 4508 quod
800 4425 949 4498 preterito
1004 4429 1090 4496 Nam,
1118 4429 1281 4497 aanuam
1309 4423 1353 4481 sol
1381 4422 1456 4480 lucia
1479 4423 1640 4480 terminum
1671 4421 1834 4484 clauderet.
1878 4465 1882 4472 .

119 4511 200 4552 anno
214 4495 452 4622 illeperagrinus
465 4496 517 4568 qui
540 4511 571 4552 se
586 4495 624 4552 de
646 4496 759 4553 familie
780 4496 875 4570 patris
897 4513 949 4554 no·
1003 4495 1077 4552 illud
1092 4495 1177 4569 quod
1201 4499 1355 4576 supererat
1373 4495 1440 4576 diei'
1457 4494 1588 4566 spatium
1612 4507 1732 4575 versum
1753 4497 1835 4574 esta

120 4567 172 4622 stri
187 4582 252 4622 esse
277 4566 425 4630 atabulus,
450 4572 479 4624 et
496 4567 884 4640 lerosolymamascendere
906 4568 949 4624 le·
1003 4567 1193 4624 multitudiue
1212 4567 1288 4624 nivis
1309 4582 1340 4622 m
1355 4566 1524 4636 caliginem.
1542 4563 1599 4623 Sed
1622 4565 1679 4620 illis
1701 4564 1835 4636 proficis·

120 4637 261 4708 stinabat,
277 4653 380 4694 coram
395 4637 479 4694 vobis
494 4637 531 4694 de
544 4643 627 4710 patre
652 4643 754 4695 nostro
776 4639 823 4695 bis
847 4643 949 4712 terque
1004 4639 1140 4696 canibus
1155 4643 1186 4694 ut
1199 4639 1382 4712 praeterirent
1396 4642 1504 4693 tetrum
1518 4642 1547 4693 et
1605 4633 1770 4692 siculorum
1789 4634 1834 4690 lo-

120 4708 260 4766 narrarit.
280 4707 385 4768 Aiebat
406 4710 497 4778 enim,
520 4709 604 4782 quod
627 4708 708 4766 idem
729 4711 816 4766 annis
838 4710 949 4783 quibus
1004 4725 1074 4766 cum
1090 4709 1174 4766 illum
1201 4709 1411 4788 subitaequus
1448 4723 1562 4788 pomae
1586 4706 1655 4762 ebat
1700 4709 1835 4786 aterflnc-

119 4783 372 4838 b'ortmannorum
386 4795 459 4850 pens
469 4783 604 4838 Turonrea
613 4779 788 4838 devastabat
800 4781 886 4846 fines,
902 4781 949 4836 die
1005 4785 1072 4848 ster,
1089 4751 1212 4837 tetendit
1226 4779 1335 4860 pedem
1348 4793 1378 4860 ip
1392 4777 1433 4860 pb
1455 4793 1562 4850 quum,
1577 4783 1605 4833 et
1746 4776 1835 4832 simul

118 4851 874 4997 isascrcssl.raslatlr”uldra
896 4867 950 4978 rr:
1004 4846 1837 4978 artriticarecalcitrantia

1226 4965 1233 4991 i

119 4992 192 5048 trice
207 5009 263 5050 sua
276 5001 418 5068 caperent
431 4995 565 5068 praedicti
577 4965 761 5051 Norlmdnni.
771 4999 840 5051 Erat
848 5003 949 5053 aulem
1004 4993 1069 5050 lum
1081 4993 1182 5060 erexit,
1197 4998 1225 5048 et
1244 5009 1315 5048 mcx
1338 5008 1458 5049 ramum
1472 4991 1589 5048 arboris
1612 4992 1688 5049 inter
1710 4991 1835 5072 brachia

119 5063 245 5121 Turonis
260 5066 419 5137 pradictus
433 5071 527 5140 pater.
545 5069 680 5148 Cumque
694 5065 752 5123 boc
766 5067 793 5123 ei
806 5065 847 5122 ibi
870 5081 949 5123 nun·
1005 5081 1061 5122 sua
1074 5065 1192 5138 reperit,
1206 5067 1297 5137 atque
1309 5064 1341 5144 in
1354 5079 1390 5120 eo
1404 5079 1501 5145 usque
1522 5063 1599 5120 adeo
1614 5079 1646 5120 se
1667 5062 1834 5141 suspendit,

118 5135 225 5192 tiatum
236 5135 350 5210 luisset,
366 5154 435 5194 mox
445 5137 494 5194 ille
505 5137 632 5194 orationi
646 5137 793 5208 incubuit,
804 5142 833 5194 et
844 5137 950 5195 tandiu
1004 5134 1101 5193 donec
1116 5137 1180 5208 ejus
1204 5134 1387 5192 clamoribus
1411 5151 1463 5208 qui
1489 5139 1703 5208 praecesserant
1725 5146 1836 5188 reversi

154 5243 211 5314 (ab)
226 5245 298 5309 Quae
312 5249 480 5317 sequuntur
491 5245 529 5302 ad
543 5261 628 5302 num.
645 5249 690 5314 22,
706 5243 836 5301 ineditis
851 5241 951 5301 locan-
1041 5243 1098 5314 (29)
1112 5245 1152 5298 be
1167 5241 1273 5299 iisdem
1290 5243 1318 5299 S.
1334 5239 1399 5298 Odo
1409 5243 1440 5297 in
1452 5240 1503 5298 lib.
1516 5257 1536 5298 ιι
1546 5241 1585 5298 de
1599 5242 1663 5298 Vita
1674 5241 1702 5296 S·
1718 5233 1835 5318 §eraldi

119 5319 167 5371 tur
182 5313 212 5370 in
226 5314 302 5371 libro
319 5331 361 5371 ru.
1004 5331 1040 5371 ca
1066 5356 1071 5368 .
1093 5319 1135 5368 ll.
1157 5314 1219 5382 Ipsi
1241 5314 1351 5386 quippe
1377 5315 1525 5382 Mari-rui,
1548 5315 1675 5383 ripenies
1695 5305 1835 5390 ⁸indelicet

155 5387 262 5458 (illlis
273 5387 332 5442 hoc
343 5386 410 5442 loco
424 5387 527 5456 augeri
537 5391 627 5459 atque
639 5386 778 5444 illustrari
792 5389 890 5459 potest
903 5402 948 5442 se·
1003 5329 1127 5455 sigium
1161 5385 1277 5454 incolat,
1311 5385 1390 5442 nibil
1433 5384 1622 5464 desiderius·
1635 5377 1834 5462 aestimabunt,

117 5457 202 5512 riese
225 5457 287 5514 isco
330 5473 397 5513 rum
409 5457 475 5528 ejus
484 5456 550 5523 loci,
565 5458 595 5513 in
607 5458 696 5514 ltaliae
707 5473 800 5514 sacre
810 5460 893 5513 tomo
903 5459 946 5514 Vl.
1004 5473 1094 5528 quam
1108 5461 1141 5512 ut
1155 5457 1390 5527 suppellectilem
1402 5401 1526 5514 geroldi
1538 5457 1834 5520 perjupamautiuui

154 5473 285 5600 (lescen
300 5545 332 5586 er
344 5528 411 5585 libri
432 5544 461 5596 u,
478 5543 561 5584 num.
586 5533 628 5595 tlt,
644 5529 697 5586 ubi
717 5533 846 5586 loannes
867 5543 948 5586 anuo
999 5531 1107 5598 jovina
1122 5525 1454 5594 iromveuereiivulgo
1464 5525 1621 5579 Macrones
1634 5521 1833 5594 appellantur.

118 5599 223 5672 allero,
238 5615 333 5674 quam
347 5599 500 5670 scriberet,
514 5598 545 5654 id
560 5600 703 5658 accidisse
715 5601 813 5660 reiert.
