<?xml version="1.0" encoding="UTF-8"?>
<!DOCTYPE html PUBLIC "-//W3C//DTD XHTML 1.0 Transitional//EN"
    "http://www.w3.org/TR/xhtml1/DTD/xhtml1-transitional.dtd">
<html xmlns="http://www.w3.org/1999/xhtml" xml:lang="en" lang="en">
 <head>
  <title>
</title>
<meta http-equiv="Content-Type" content="text/html;charset=utf-8" />
  <meta name='ocr-system' content='tesseract 3.04.00' />
  <meta name='ocr-capabilities' content='ocr_page ocr_carea ocr_par ocr_line ocrx_word'/>
</head>
<body>
  <div class='ocr_page' id='page_1' title='image "./patrologiaecurs107unkngoog/patrologiaecurs107unkngoog_0453.png"; bbox 0 0 4106 6148; ppageno 0'>
   <div class='ocr_carea' id='block_1_1' title="bbox 123 81 1835 178">
    <p class='ocr_par' dir='ltr' id='par_1_1' title="bbox 123 81 1835 178">
     <span class='ocr_line' id='line_1_1' title="bbox 123 81 1835 178; baseline -0.001 -12"><span class='ocrx_word' id='word_1_1' title='bbox 123 111 176 166; x_wconf 80' lang='lat' dir='ltr'><strong>aar</strong></span> <span class='ocrx_word' id='word_1_2' title='bbox 386 81 388 85; x_wconf 77' lang='grc'><strong>’</strong></span> <span class='ocrx_word' id='word_1_3' title='bbox 747 105 1212 168; x_wconf 79' lang='lat' dir='ltr'><strong>mrsrocamrnnnaan.</strong></span> <span class='ocrx_word' id='word_1_4' title='bbox 1781 121 1835 178; x_wconf 60' lang='grc' dir='ltr'><strong>ωε</strong></span> 
     </span>
    </p>
   </div>
   <div class='ocr_carea' id='block_1_2' title="bbox 119 218 1837 1462">
    <p class='ocr_par' dir='ltr' id='par_1_2' title="bbox 119 218 1837 1462">
     <span class='ocr_line' id='line_1_2' title="bbox 119 218 1834 312; baseline 0.005 -20"><span class='ocrx_word' id='word_1_5' title='bbox 119 218 245 292; x_wconf 74' lang='lat' dir='ltr'><strong>iuslibet</strong></span> <span class='ocrx_word' id='word_1_6' title='bbox 258 233 390 290; x_wconf 76' lang='lat' dir='ltr'><strong>ecclesia</strong></span> <span class='ocrx_word' id='word_1_7' title='bbox 405 233 591 291; x_wconf 75' lang='lat' dir='ltr'><strong>sacerdotem</strong></span> <span class='ocrx_word' id='word_1_8' title='bbox 612 233 642 289; x_wconf 92' lang='lat' dir='ltr'><strong>in</strong></span> <span class='ocrx_word' id='word_1_9' title='bbox 660 232 785 307; x_wconf 79' lang='lat' dir='ltr'><strong>praelato</strong></span> <span class='ocrx_word' id='word_1_10' title='bbox 799 237 950 290; x_wconf 87' lang='lat' dir='ltr'><strong>monaste·</strong></span> <span class='ocrx_word' id='word_1_11' title='bbox 966 229 1088 304; x_wconf 75' lang='lat' dir='ltr'><strong>Aquod</strong></span> <span class='ocrx_word' id='word_1_12' title='bbox 1116 231 1288 306; x_wconf 79' lang='lat' dir='ltr'><strong>exposcitur</strong></span> <span class='ocrx_word' id='word_1_13' title='bbox 1313 233 1430 293; x_wconf 82' lang='lat' dir='ltr'><strong>effectui</strong></span> <span class='ocrx_word' id='word_1_14' title='bbox 1455 237 1679 312; x_wconf 87' lang='lat' dir='ltr'><strong>mancipamus.</strong></span> <span class='ocrx_word' id='word_1_15' title='bbox 1709 243 1743 298; x_wconf 88' lang='lat' dir='ltr'><strong>Et</strong></span> <span class='ocrx_word' id='word_1_16' title='bbox 1765 241 1834 302; x_wconf 87' lang='lat' dir='ltr'><strong>ideo</strong></span> 
     </span>
     <span class='ocr_line' id='line_1_3' title="bbox 123 319 1835 402; baseline 0.006 -24"><span class='ocrx_word' id='word_1_17' title='bbox 123 321 168 378; x_wconf 91' lang='lat' dir='ltr'><strong>rio</strong></span> <span class='ocrx_word' id='word_1_18' title='bbox 181 321 324 379; x_wconf 84' lang='lat' dir='ltr'><strong>ditionem</strong></span> <span class='ocrx_word' id='word_1_19' title='bbox 339 322 506 396; x_wconf 88' lang='lat' dir='ltr'><strong>quamlibet</strong></span> <span class='ocrx_word' id='word_1_20' title='bbox 524 322 634 380; x_wconf 88' lang='lat' dir='ltr'><strong>habere</strong></span> <span class='ocrx_word' id='word_1_21' title='bbox 648 323 822 379; x_wconf 87' lang='lat' dir='ltr'><strong>anctoritate</strong></span> <span class='ocrx_word' id='word_1_22' title='bbox 836 327 950 388; x_wconf 86' lang='lat' dir='ltr'><strong>nostra,</strong></span> <span class='ocrx_word' id='word_1_23' title='bbox 1005 333 1127 376; x_wconf 91' lang='lat' dir='ltr'><strong>omnem</strong></span> <span class='ocrx_word' id='word_1_24' title='bbox 1144 319 1303 392; x_wconf 86' lang='lat' dir='ltr'><strong>cujuslibet</strong></span> <span class='ocrx_word' id='word_1_25' title='bbox 1319 323 1455 380; x_wconf 80' lang='lat' dir='ltr'><strong>Ecclesiae</strong></span> <span class='ocrx_word' id='word_1_26' title='bbox 1469 325 1656 384; x_wconf 89' lang='lat' dir='ltr'><strong>sacerdotem</strong></span> <span class='ocrx_word' id='word_1_27' title='bbox 1665 327 1711 384; x_wconf 89' lang='lat' dir='ltr'><strong>vel</strong></span> <span class='ocrx_word' id='word_1_28' title='bbox 1722 328 1835 402; x_wconf 91' lang='lat' dir='ltr'><strong>episco-</strong></span> 
     </span>
     <span class='ocr_line' id='line_1_4' title="bbox 123 407 1836 490; baseline 0.008 -25"><span class='ocrx_word' id='word_1_29' title='bbox 123 413 230 482; x_wconf 73' lang='lat' dir='ltr'><strong>praeter</strong></span> <span class='ocrx_word' id='word_1_30' title='bbox 243 411 345 468; x_wconf 86' lang='lat' dir='ltr'><strong>sedem</strong></span> <span class='ocrx_word' id='word_1_31' title='bbox 359 411 557 484; x_wconf 89' lang='lat' dir='ltr'><strong>apostolicam</strong></span> <span class='ocrx_word' id='word_1_32' title='bbox 582 410 789 484; x_wconf 91' lang='lat' dir='ltr'><strong>prohibemus.</strong></span> <span class='ocrx_word' id='word_1_33' title='bbox 818 409 951 466; x_wconf 74' lang='lat' dir='ltr'><strong>auctori·</strong></span> <span class='ocrx_word' id='word_1_34' title='bbox 1005 423 1079 482; x_wconf 90' lang='lat' dir='ltr'><strong>pum</strong></span> <span class='ocrx_word' id='word_1_35' title='bbox 1094 408 1125 464; x_wconf 92' lang='lat' dir='ltr'><strong>in</strong></span> <span class='ocrx_word' id='word_1_36' title='bbox 1143 407 1267 482; x_wconf 72' lang='lat' dir='ltr'><strong>pretato</strong></span> <span class='ocrx_word' id='word_1_37' title='bbox 1293 413 1475 470; x_wconf 89' lang='lat' dir='ltr'><strong>monasterio</strong></span> <span class='ocrx_word' id='word_1_38' title='bbox 1504 415 1648 472; x_wconf 86' lang='lat' dir='ltr'><strong>ditionem</strong></span> <span class='ocrx_word' id='word_1_39' title='bbox 1669 419 1836 490; x_wconf 86' lang='lat' dir='ltr'><strong>quamlibet</strong></span> 
     </span>
     <span class='ocr_line' id='line_1_5' title="bbox 124 495 1835 579; baseline 0.006 -25"><span class='ocrx_word' id='word_1_40' title='bbox 124 501 184 554; x_wconf 90' lang='lat' dir='ltr'><strong>tate</strong></span> <span class='ocrx_word' id='word_1_41' title='bbox 195 513 328 571; x_wconf 89' lang='lat' dir='ltr'><strong>namque</strong></span> <span class='ocrx_word' id='word_1_42' title='bbox 338 497 495 558; x_wconf 88' lang='lat' dir='ltr'><strong>beatorum</strong></span> <span class='ocrx_word' id='word_1_43' title='bbox 510 497 716 571; x_wconf 90' lang='lat' dir='ltr'><strong>apostolorum</strong></span> <span class='ocrx_word' id='word_1_44' title='bbox 741 498 815 554; x_wconf 85' lang='lat' dir='ltr'><strong>Petri</strong></span> <span class='ocrx_word' id='word_1_45' title='bbox 829 503 857 555; x_wconf 89' lang='lat' dir='ltr'><strong>et</strong></span> <span class='ocrx_word' id='word_1_46' title='bbox 871 496 952 554; x_wconf 85' lang='lat' dir='ltr'><strong>Pauli</strong></span> <span class='ocrx_word' id='word_1_47' title='bbox 1005 495 1117 552; x_wconf 88' lang='lat' dir='ltr'><strong>habere</strong></span> <span class='ocrx_word' id='word_1_48' title='bbox 1143 499 1196 553; x_wconf 88' lang='lat' dir='ltr'><strong>aut</strong></span> <span class='ocrx_word' id='word_1_49' title='bbox 1222 499 1428 556; x_wconf 85' lang='lat' dir='ltr'><strong>auctoritatem</strong></span> <span class='ocrx_word' id='word_1_50' title='bbox 1448 507 1555 574; x_wconf 85' lang='lat' dir='ltr'><strong>praeter</strong></span> <span class='ocrx_word' id='word_1_51' title='bbox 1578 504 1681 562; x_wconf 90' lang='lat' dir='ltr'><strong>sedem</strong></span> <span class='ocrx_word' id='word_1_52' title='bbox 1695 507 1835 579; x_wconf 90' lang='lat' dir='ltr'><strong>apostoli-</strong></span> 
     </span>
     <span class='ocr_line' id='line_1_6' title="bbox 122 585 1835 660; baseline 0.007 -18"><span class='ocrx_word' id='word_1_53' title='bbox 122 586 266 658; x_wconf 85' lang='lat' dir='ltr'><strong>iubemus</strong></span> <span class='ocrx_word' id='word_1_54' title='bbox 290 589 321 642; x_wconf 93' lang='lat' dir='ltr'><strong>ut</strong></span> <span class='ocrx_word' id='word_1_55' title='bbox 343 585 444 642; x_wconf 92' lang='lat' dir='ltr'><strong>nullus</strong></span> <span class='ocrx_word' id='word_1_56' title='bbox 467 602 519 642; x_wconf 87' lang='lat' dir='ltr'><strong>rex</strong></span> <span class='ocrx_word' id='word_1_57' title='bbox 545 586 666 658; x_wconf 88' lang='lat' dir='ltr'><strong>audeat,</strong></span> <span class='ocrx_word' id='word_1_58' title='bbox 681 591 788 660; x_wconf 82' lang='lat' dir='ltr'><strong>praeter</strong></span> <span class='ocrx_word' id='word_1_59' title='bbox 801 586 951 643; x_wconf 83' lang='lat' dir='ltr'><strong>licentiam</strong></span> <span class='ocrx_word' id='word_1_60' title='bbox 1006 601 1075 642; x_wconf 92' lang='lat' dir='ltr'><strong>carn</strong></span> <span class='ocrx_word' id='word_1_61' title='bbox 1089 586 1295 658; x_wconf 88' lang='lat' dir='ltr'><strong>prohibemus,</strong></span> <span class='ocrx_word' id='word_1_62' title='bbox 1308 588 1349 644; x_wconf 92' lang='lat' dir='ltr'><strong>ita</strong></span> <span class='ocrx_word' id='word_1_63' title='bbox 1360 593 1394 646; x_wconf 94' lang='lat' dir='ltr'><strong>ut</strong></span> <span class='ocrx_word' id='word_1_64' title='bbox 1407 589 1465 645; x_wconf 90' lang='lat' dir='ltr'><strong>nisi</strong></span> <span class='ocrx_word' id='word_1_65' title='bbox 1479 589 1519 647; x_wconf 91' lang='lat' dir='ltr'><strong>ab</strong></span> <span class='ocrx_word' id='word_1_66' title='bbox 1532 591 1642 650; x_wconf 78' lang='lat' dir='ltr'><strong>abbate</strong></span> <span class='ocrx_word' id='word_1_67' title='bbox 1661 595 1835 654; x_wconf 87' lang='lat' dir='ltr'><strong>monasterii</strong></span> 
     </span>
     <span class='ocr_line' id='line_1_7' title="bbox 124 673 1836 749; baseline 0.006 -17"><span class='ocrx_word' id='word_1_68' title='bbox 124 679 266 745; x_wconf 85' lang='lat' dir='ltr'><strong>vestram,</strong></span> <span class='ocrx_word' id='word_1_69' title='bbox 282 674 497 731; x_wconf 85' lang='lat' dir='ltr'><strong>monasterium</strong></span> <span class='ocrx_word' id='word_1_70' title='bbox 508 674 660 749; x_wconf 86' lang='lat' dir='ltr'><strong>aliquibus</strong></span> <span class='ocrx_word' id='word_1_71' title='bbox 673 676 847 733; x_wconf 90' lang='lat' dir='ltr'><strong>hominibus</strong></span> <span class='ocrx_word' id='word_1_72' title='bbox 859 677 889 732; x_wconf 93' lang='lat' dir='ltr'><strong>in</strong></span> <span class='ocrx_word' id='word_1_73' title='bbox 902 675 952 732; x_wconf 91' lang='lat' dir='ltr'><strong>be·</strong></span> <span class='ocrx_word' id='word_1_74' title='bbox 1006 673 1094 730; x_wconf 87' lang='lat' dir='ltr'><strong>tuerit</strong></span> <span class='ocrx_word' id='word_1_75' title='bbox 1105 674 1257 745; x_wconf 75' lang='lat' dir='ltr'><strong>invitmus,</strong></span> <span class='ocrx_word' id='word_1_76' title='bbox 1277 692 1333 734; x_wconf 91' lang='lat' dir='ltr'><strong>nec</strong></span> <span class='ocrx_word' id='word_1_77' title='bbox 1351 677 1513 735; x_wconf 88' lang='lat' dir='ltr'><strong>missarum</strong></span> <span class='ocrx_word' id='word_1_78' title='bbox 1538 679 1651 738; x_wconf 86' lang='lat' dir='ltr'><strong>ibidem</strong></span> <span class='ocrx_word' id='word_1_79' title='bbox 1666 683 1836 742; x_wconf 90' lang='lat' dir='ltr'><strong>solemnita-</strong></span> 
     </span>
     <span class='ocr_line' id='line_1_8' title="bbox 123 761 1836 842; baseline 0.006 -24"><span class='ocrx_word' id='word_1_80' title='bbox 123 761 264 819; x_wconf 87' lang='lat' dir='ltr'><strong>neflclum</strong></span> <span class='ocrx_word' id='word_1_81' title='bbox 281 763 363 833; x_wconf 90' lang='lat' dir='ltr'><strong>dare,</strong></span> <span class='ocrx_word' id='word_1_82' title='bbox 379 767 411 820; x_wconf 92' lang='lat' dir='ltr'><strong>ut</strong></span> <span class='ocrx_word' id='word_1_83' title='bbox 424 763 558 837; x_wconf 88' lang='lat' dir='ltr'><strong>protecto</strong></span> <span class='ocrx_word' id='word_1_84' title='bbox 573 765 660 836; x_wconf 84' lang='lat' dir='ltr'><strong>juxta</strong></span> <span class='ocrx_word' id='word_1_85' title='bbox 686 765 726 834; x_wconf 91' lang='lat' dir='ltr'><strong>id,</strong></span> <span class='ocrx_word' id='word_1_86' title='bbox 753 765 836 840; x_wconf 91' lang='lat' dir='ltr'><strong>quod</strong></span> <span class='ocrx_word' id='word_1_87' title='bbox 852 763 952 837; x_wconf 86' lang='lat' dir='ltr'><strong>subja·</strong></span> <span class='ocrx_word' id='word_1_88' title='bbox 1006 765 1066 818; x_wconf 88' lang='lat' dir='ltr'><strong>tem</strong></span> <span class='ocrx_word' id='word_1_89' title='bbox 1094 763 1246 836; x_wconf 91' lang='lat' dir='ltr'><strong>quispiam</strong></span> <span class='ocrx_word' id='word_1_90' title='bbox 1271 770 1435 838; x_wconf 85' lang='lat' dir='ltr'><strong>praesumat</strong></span> <span class='ocrx_word' id='word_1_91' title='bbox 1457 766 1581 824; x_wconf 89' lang='lat' dir='ltr'><strong>omnino</strong></span> <span class='ocrx_word' id='word_1_92' title='bbox 1608 768 1769 842; x_wconf 91' lang='lat' dir='ltr'><strong>celebrare,</strong></span> <span class='ocrx_word' id='word_1_93' title='bbox 1803 775 1836 830; x_wconf 92' lang='lat' dir='ltr'><strong>ut</strong></span> 
     </span>
     <span class='ocr_line' id='line_1_9' title="bbox 124 851 1835 930; baseline 0.006 -24"><span class='ocrx_word' id='word_1_94' title='bbox 124 854 206 907; x_wconf 91' lang='lat' dir='ltr'><strong>ctum</strong></span> <span class='ocrx_word' id='word_1_95' title='bbox 221 851 393 924; x_wconf 77' lang='lat' dir='ltr'><strong>apostolica</strong></span> <span class='ocrx_word' id='word_1_96' title='bbox 407 853 471 910; x_wconf 89' lang='lat' dir='ltr'><strong>sedi</strong></span> <span class='ocrx_word' id='word_1_97' title='bbox 485 852 625 910; x_wconf 85' lang='lat' dir='ltr'><strong>firmitate</strong></span> <span class='ocrx_word' id='word_1_98' title='bbox 647 853 793 926; x_wconf 84' lang='lat' dir='ltr'><strong>privilegii</strong></span> <span class='ocrx_word' id='word_1_99' title='bbox 808 853 951 920; x_wconf 88' lang='lat' dir='ltr'><strong>consistit,</strong></span> <span class='ocrx_word' id='word_1_100' title='bbox 1006 851 1139 924; x_wconf 89' lang='lat' dir='ltr'><strong>protecto</strong></span> <span class='ocrx_word' id='word_1_101' title='bbox 1150 853 1238 924; x_wconf 84' lang='lat' dir='ltr'><strong>juxta</strong></span> <span class='ocrx_word' id='word_1_102' title='bbox 1247 854 1277 910; x_wconf 94' lang='lat' dir='ltr'><strong>id</strong></span> <span class='ocrx_word' id='word_1_103' title='bbox 1291 853 1373 927; x_wconf 91' lang='lat' dir='ltr'><strong>quod</strong></span> <span class='ocrx_word' id='word_1_104' title='bbox 1387 855 1556 928; x_wconf 88' lang='lat' dir='ltr'><strong>subjectum</strong></span> <span class='ocrx_word' id='word_1_105' title='bbox 1580 858 1751 930; x_wconf 76' lang='lat' dir='ltr'><strong>apostolicae</strong></span> <span class='ocrx_word' id='word_1_106' title='bbox 1771 860 1835 917; x_wconf 92' lang='lat' dir='ltr'><strong>sedi</strong></span> 
     </span>
     <span class='ocr_line' id='line_1_10' title="bbox 123 937 1835 1016; baseline 0.006 -22"><span class='ocrx_word' id='word_1_107' title='bbox 123 937 302 998; x_wconf 89' lang='lat' dir='ltr'><strong>inconcusse</strong></span> <span class='ocrx_word' id='word_1_108' title='bbox 314 941 440 999; x_wconf 89' lang='lat' dir='ltr'><strong>ditatum</strong></span> <span class='ocrx_word' id='word_1_109' title='bbox 453 948 630 1016; x_wconf 88' lang='lat' dir='ltr'><strong>permaneat</strong></span> <span class='ocrx_word' id='word_1_110' title='bbox 643 944 716 1001; x_wconf 89' lang='lat' dir='ltr'><strong>locis</strong></span> <span class='ocrx_word' id='word_1_111' title='bbox 731 961 765 1001; x_wconf 90' lang='lat' dir='ltr'><strong>ac</strong></span> <span class='ocrx_word' id='word_1_112' title='bbox 777 943 878 1011; x_wconf 89' lang='lat' dir='ltr'><strong>rebus,</strong></span> <span class='ocrx_word' id='word_1_113' title='bbox 891 947 953 1000; x_wconf 90' lang='lat' dir='ltr'><strong>tam</strong></span> <span class='ocrx_word' id='word_1_114' title='bbox 1006 939 1145 997; x_wconf 88' lang='lat' dir='ltr'><strong>firmitate</strong></span> <span class='ocrx_word' id='word_1_115' title='bbox 1173 941 1319 1015; x_wconf 88' lang='lat' dir='ltr'><strong>privilegii</strong></span> <span class='ocrx_word' id='word_1_116' title='bbox 1344 943 1487 1012; x_wconf 89' lang='lat' dir='ltr'><strong>consistit,</strong></span> <span class='ocrx_word' id='word_1_117' title='bbox 1506 944 1683 1004; x_wconf 89' lang='lat' dir='ltr'><strong>inconcussa</strong></span> <span class='ocrx_word' id='word_1_118' title='bbox 1698 945 1835 1006; x_wconf 89' lang='lat' dir='ltr'><strong>dotatum</strong></span> 
     </span>
     <span class='ocr_line' id='line_1_11' title="bbox 124 1028 1835 1107; baseline 0.005 -24"><span class='ocrx_word' id='word_1_119' title='bbox 124 1028 181 1099; x_wconf 89' lang='lat' dir='ltr'><strong>his,</strong></span> <span class='ocrx_word' id='word_1_120' title='bbox 205 1045 275 1103; x_wconf 80' lang='lat' dir='ltr'><strong>quta</strong></span> <span class='ocrx_word' id='word_1_121' title='bbox 300 1034 434 1106; x_wconf 90' lang='lat' dir='ltr'><strong>tempore</strong></span> <span class='ocrx_word' id='word_1_122' title='bbox 459 1033 605 1090; x_wconf 90' lang='lat' dir='ltr'><strong>moderno</strong></span> <span class='ocrx_word' id='word_1_123' title='bbox 625 1033 725 1102; x_wconf 87' lang='lat' dir='ltr'><strong>habat,</strong></span> <span class='ocrx_word' id='word_1_124' title='bbox 752 1031 800 1090; x_wconf 80' lang='lat' dir='ltr'><strong>vel</strong></span> <span class='ocrx_word' id='word_1_125' title='bbox 820 1031 954 1105; x_wconf 87' lang='lat' dir='ltr'><strong>possidet</strong></span> <span class='ocrx_word' id='word_1_126' title='bbox 1006 1035 1182 1101; x_wconf 89' lang='lat' dir='ltr'><strong>permaneat</strong></span> <span class='ocrx_word' id='word_1_127' title='bbox 1195 1029 1268 1086; x_wconf 87' lang='lat' dir='ltr'><strong>locis</strong></span> <span class='ocrx_word' id='word_1_128' title='bbox 1282 1035 1310 1087; x_wconf 89' lang='lat' dir='ltr'><strong>at</strong></span> <span class='ocrx_word' id='word_1_129' title='bbox 1324 1031 1414 1088; x_wconf 90' lang='lat' dir='ltr'><strong>rebus</strong></span> <span class='ocrx_word' id='word_1_130' title='bbox 1436 1036 1498 1090; x_wconf 91' lang='lat' dir='ltr'><strong>tam</strong></span> <span class='ocrx_word' id='word_1_131' title='bbox 1519 1033 1562 1090; x_wconf 88' lang='lat' dir='ltr'><strong>eie</strong></span> <span class='ocrx_word' id='word_1_132' title='bbox 1590 1049 1667 1107; x_wconf 88' lang='lat' dir='ltr'><strong>quas</strong></span> <span class='ocrx_word' id='word_1_133' title='bbox 1688 1035 1835 1094; x_wconf 91' lang='lat' dir='ltr'><strong>moderno</strong></span> 
     </span>
     <span class='ocr_line' id='line_1_12' title="bbox 123 1118 1836 1196; baseline 0.005 -22"><span class='ocrx_word' id='word_1_134' title='bbox 123 1133 217 1191; x_wconf 87' lang='lat' dir='ltr'><strong>quam</strong></span> <span class='ocrx_word' id='word_1_135' title='bbox 232 1135 299 1192; x_wconf 77' lang='lat' dir='ltr'><strong>qua</strong></span> <span class='ocrx_word' id='word_1_136' title='bbox 314 1119 420 1178; x_wconf 84' lang='lat' dir='ltr'><strong>tuturis</strong></span> <span class='ocrx_word' id='word_1_137' title='bbox 439 1122 624 1195; x_wconf 87' lang='lat' dir='ltr'><strong>temporibus</strong></span> <span class='ocrx_word' id='word_1_138' title='bbox 646 1122 756 1195; x_wconf 88' lang='lat' dir='ltr'><strong>injure</strong></span> <span class='ocrx_word' id='word_1_139' title='bbox 777 1121 872 1196; x_wconf 90' lang='lat' dir='ltr'><strong>ipsius</strong></span> <span class='ocrx_word' id='word_1_140' title='bbox 891 1137 954 1177; x_wconf 91' lang='lat' dir='ltr'><strong>mo·</strong></span> <span class='ocrx_word' id='word_1_141' title='bbox 1007 1121 1141 1191; x_wconf 91' lang='lat' dir='ltr'><strong>tempore</strong></span> <span class='ocrx_word' id='word_1_142' title='bbox 1154 1118 1290 1176; x_wconf 88' lang='lat' dir='ltr'><strong>tenetvel</strong></span> <span class='ocrx_word' id='word_1_143' title='bbox 1301 1119 1539 1194; x_wconf 90' lang='lat' dir='ltr'><strong>possidetquam</strong></span> <span class='ocrx_word' id='word_1_144' title='bbox 1554 1137 1630 1194; x_wconf 88' lang='lat' dir='ltr'><strong>quas</strong></span> <span class='ocrx_word' id='word_1_145' title='bbox 1644 1123 1752 1180; x_wconf 89' lang='lat' dir='ltr'><strong>tuturis</strong></span> <span class='ocrx_word' id='word_1_146' title='bbox 1764 1128 1836 1182; x_wconf 90' lang='lat' dir='ltr'><strong>tem·</strong></span> 
     </span>
     <span class='ocr_line' id='line_1_13' title="bbox 123 1204 1837 1284; baseline 0.004 -21"><span class='ocrx_word' id='word_1_147' title='bbox 123 1207 246 1264; x_wconf 84' lang='lat' dir='ltr'><strong>casterii</strong></span> <span class='ocrx_word' id='word_1_148' title='bbox 273 1209 376 1266; x_wconf 89' lang='lat' dir='ltr'><strong>divina</strong></span> <span class='ocrx_word' id='word_1_149' title='bbox 398 1210 494 1284; x_wconf 89' lang='lat' dir='ltr'><strong>pietas</strong></span> <span class='ocrx_word' id='word_1_150' title='bbox 514 1210 641 1268; x_wconf 85' lang='lat' dir='ltr'><strong>voluerit</strong></span> <span class='ocrx_word' id='word_1_151' title='bbox 659 1227 780 1282; x_wconf 88' lang='lat' dir='ltr'><strong>augere,</strong></span> <span class='ocrx_word' id='word_1_152' title='bbox 802 1215 830 1268; x_wconf 88' lang='lat' dir='ltr'><strong>et</strong></span> <span class='ocrx_word' id='word_1_153' title='bbox 854 1210 951 1277; x_wconf 91' lang='lat' dir='ltr'><strong>donis,</strong></span> <span class='ocrx_word' id='word_1_154' title='bbox 1006 1204 1131 1278; x_wconf 90' lang='lat' dir='ltr'><strong>poribus</strong></span> <span class='ocrx_word' id='word_1_155' title='bbox 1146 1207 1177 1262; x_wconf 93' lang='lat' dir='ltr'><strong>in</strong></span> <span class='ocrx_word' id='word_1_156' title='bbox 1189 1208 1259 1280; x_wconf 85' lang='lat' dir='ltr'><strong>jura</strong></span> <span class='ocrx_word' id='word_1_157' title='bbox 1271 1207 1365 1281; x_wconf 92' lang='lat' dir='ltr'><strong>ipsius</strong></span> <span class='ocrx_word' id='word_1_158' title='bbox 1379 1209 1559 1266; x_wconf 86' lang='lat' dir='ltr'><strong>venerabilis</strong></span> <span class='ocrx_word' id='word_1_159' title='bbox 1575 1210 1749 1268; x_wconf 88' lang='lat' dir='ltr'><strong>monasterii</strong></span> <span class='ocrx_word' id='word_1_160' title='bbox 1762 1211 1837 1268; x_wconf 86' lang='lat' dir='ltr'><strong>divi·</strong></span> 
     </span>
     <span class='ocr_line' id='line_1_14' title="bbox 123 1293 1835 1374; baseline 0.002 -20"><span class='ocrx_word' id='word_1_161' title='bbox 123 1296 337 1367; x_wconf 80' lang='lat' dir='ltr'><strong>oblationibus,</strong></span> <span class='ocrx_word' id='word_1_162' title='bbox 356 1298 541 1374; x_wconf 87' lang='lat' dir='ltr'><strong>decimisque</strong></span> <span class='ocrx_word' id='word_1_163' title='bbox 564 1300 698 1357; x_wconf 90' lang='lat' dir='ltr'><strong>fidelium</strong></span> <span class='ocrx_word' id='word_1_164' title='bbox 723 1300 841 1374; x_wconf 90' lang='lat' dir='ltr'><strong>absque</strong></span> <span class='ocrx_word' id='word_1_165' title='bbox 863 1299 953 1356; x_wconf 91' lang='lat' dir='ltr'><strong>ullius</strong></span> <span class='ocrx_word' id='word_1_166' title='bbox 1007 1308 1048 1350; x_wconf 89' lang='lat' dir='ltr'><strong>na</strong></span> <span class='ocrx_word' id='word_1_167' title='bbox 1059 1293 1155 1367; x_wconf 89' lang='lat' dir='ltr'><strong>pietas</strong></span> <span class='ocrx_word' id='word_1_168' title='bbox 1169 1311 1279 1368; x_wconf 90' lang='lat' dir='ltr'><strong>augere</strong></span> <span class='ocrx_word' id='word_1_169' title='bbox 1291 1297 1416 1355; x_wconf 90' lang='lat' dir='ltr'><strong>voluerit</strong></span> <span class='ocrx_word' id='word_1_170' title='bbox 1429 1315 1465 1355; x_wconf 89' lang='lat' dir='ltr'><strong>ex</strong></span> <span class='ocrx_word' id='word_1_171' title='bbox 1478 1299 1567 1356; x_wconf 91' lang='lat' dir='ltr'><strong>donis</strong></span> <span class='ocrx_word' id='word_1_172' title='bbox 1589 1303 1616 1356; x_wconf 90' lang='lat' dir='ltr'><strong>ct</strong></span> <span class='ocrx_word' id='word_1_173' title='bbox 1630 1299 1835 1358; x_wconf 87' lang='lat' dir='ltr'><strong>oblationibus</strong></span> 
     </span>
     <span class='ocr_line' id='line_1_15' title="bbox 122 1379 1836 1462; baseline 0.002 -20"><span class='ocrx_word' id='word_1_174' title='bbox 122 1401 259 1459; x_wconf 81' lang='lat' dir='ltr'><strong>persona</strong></span> <span class='ocrx_word' id='word_1_175' title='bbox 286 1388 520 1446; x_wconf 84' lang='lat' dir='ltr'><strong>contradictione</strong></span> <span class='ocrx_word' id='word_1_176' title='bbox 546 1389 686 1447; x_wconf 83' lang='lat' dir='ltr'><strong>firmitate</strong></span> <span class='ocrx_word' id='word_1_177' title='bbox 713 1393 859 1462; x_wconf 89' lang='lat' dir='ltr'><strong>perpetua</strong></span> <span class='ocrx_word' id='word_1_178' title='bbox 884 1403 953 1462; x_wconf 89' lang='lat' dir='ltr'><strong>per·</strong></span> <span class='ocrx_word' id='word_1_179' title='bbox 1007 1379 1194 1456; x_wconf 87' lang='lat' dir='ltr'><strong>decimisque</strong></span> <span class='ocrx_word' id='word_1_180' title='bbox 1208 1383 1344 1442; x_wconf 88' lang='lat' dir='ltr'><strong>fidelium</strong></span> <span class='ocrx_word' id='word_1_181' title='bbox 1359 1385 1476 1460; x_wconf 88' lang='lat' dir='ltr'><strong>absque</strong></span> <span class='ocrx_word' id='word_1_182' title='bbox 1495 1387 1585 1444; x_wconf 89' lang='lat' dir='ltr'><strong>ullius</strong></span> <span class='ocrx_word' id='word_1_183' title='bbox 1607 1403 1744 1461; x_wconf 75' lang='lat' dir='ltr'><strong>persona</strong></span> <span class='ocrx_word' id='word_1_184' title='bbox 1766 1403 1836 1446; x_wconf 93' lang='lat' dir='ltr'><strong>con·</strong></span> 
     </span>
    </p>
   </div>
   <div class='ocr_carea' id='block_1_3' title="bbox 13 1470 1835 1552">
    <p class='ocr_par' dir='ltr' id='par_1_3' title="bbox 13 1470 1835 1552">
     <span class='ocr_line' id='line_1_16' title="bbox 13 1470 1835 1552; baseline 0.003 -22"><span class='ocrx_word' id='word_1_185' title='bbox 13 1541 14 1544; x_wconf 8' lang='grc' dir='ltr'><strong>Ἴ</strong></span> <span class='ocrx_word' id='word_1_186' title='bbox 123 1475 247 1532; x_wconf 90' lang='lat' dir='ltr'><strong>truatur.</strong></span> <span class='ocrx_word' id='word_1_187' title='bbox 264 1476 504 1544; x_wconf 85' lang='lat' dir='ltr'><strong>Quandoautem</strong></span> <span class='ocrx_word' id='word_1_188' title='bbox 518 1478 673 1536; x_wconf 85' lang='lat' dir='ltr'><strong>abbatissa</strong></span> <span class='ocrx_word' id='word_1_189' title='bbox 686 1479 782 1552; x_wconf 88' lang='lat' dir='ltr'><strong>ipsius</strong></span> <span class='ocrx_word' id='word_1_190' title='bbox 800 1481 953 1534; x_wconf 89' lang='lat' dir='ltr'><strong>monaste·</strong></span> <span class='ocrx_word' id='word_1_191' title='bbox 1007 1470 1182 1528; x_wconf 61' lang='lat' dir='ltr'><strong>tradicione</strong></span> <span class='ocrx_word' id='word_1_192' title='bbox 1195 1473 1335 1530; x_wconf 64' lang='lat' dir='ltr'><strong>fflminte</strong></span> <span class='ocrx_word' id='word_1_193' title='bbox 1347 1479 1492 1548; x_wconf 86' lang='lat' dir='ltr'><strong>perpetua</strong></span> <span class='ocrx_word' id='word_1_194' title='bbox 1513 1475 1694 1549; x_wconf 78' lang='lat' dir='ltr'><strong>perfruatur.</strong></span> <span class='ocrx_word' id='word_1_195' title='bbox 1721 1476 1835 1536; x_wconf 74' lang='lat' dir='ltr'><strong>Consu·</strong></span> 
     </span>
    </p>
   </div>
   <div class='ocr_carea' id='block_1_4' title="bbox 122 1558 1837 1728">
    <p class='ocr_par' dir='ltr' id='par_1_4' title="bbox 122 1558 1837 1728">
     <span class='ocr_line' id='line_1_17' title="bbox 122 1558 1835 1639; baseline 0.001 -19"><span class='ocrx_word' id='word_1_196' title='bbox 122 1564 159 1621; x_wconf 92' lang='lat' dir='ltr'><strong>rii</strong></span> <span class='ocrx_word' id='word_1_197' title='bbox 173 1563 211 1622; x_wconf 92' lang='lat' dir='ltr'><strong>de</strong></span> <span class='ocrx_word' id='word_1_198' title='bbox 222 1564 279 1621; x_wconf 93' lang='lat' dir='ltr'><strong>hoc</strong></span> <span class='ocrx_word' id='word_1_199' title='bbox 295 1565 405 1624; x_wconf 81' lang='lat' dir='ltr'><strong>saeculo</strong></span> <span class='ocrx_word' id='word_1_200' title='bbox 419 1565 601 1638; x_wconf 78' lang='lat' dir='ltr'><strong>migraverit,</strong></span> <span class='ocrx_word' id='word_1_201' title='bbox 617 1567 691 1624; x_wconf 91' lang='lat' dir='ltr'><strong>nulli</strong></span> <span class='ocrx_word' id='word_1_202' title='bbox 707 1567 743 1624; x_wconf 90' lang='lat' dir='ltr'><strong>sit</strong></span> <span class='ocrx_word' id='word_1_203' title='bbox 756 1567 881 1638; x_wconf 88' lang='lat' dir='ltr'><strong>licitum,</strong></span> <span class='ocrx_word' id='word_1_204' title='bbox 901 1565 989 1638; x_wconf 83' lang='lat' dir='ltr'><strong>ali-g</strong></span> <span class='ocrx_word' id='word_1_205' title='bbox 1008 1558 1120 1615; x_wconf 80' lang='lat' dir='ltr'><strong>luimus</strong></span> <span class='ocrx_word' id='word_1_206' title='bbox 1135 1575 1257 1634; x_wconf 85' lang='lat' dir='ltr'><strong>quoque</strong></span> <span class='ocrx_word' id='word_1_207' title='bbox 1270 1577 1324 1635; x_wconf 88' lang='lat' dir='ltr'><strong>per</strong></span> <span class='ocrx_word' id='word_1_208' title='bbox 1338 1562 1429 1634; x_wconf 83' lang='lat' dir='ltr'><strong>hujus</strong></span> <span class='ocrx_word' id='word_1_209' title='bbox 1447 1563 1557 1621; x_wconf 84' lang='lat' dir='ltr'><strong>decreti</strong></span> <span class='ocrx_word' id='word_1_210' title='bbox 1579 1565 1673 1622; x_wconf 90' lang='lat' dir='ltr'><strong>nostri</strong></span> <span class='ocrx_word' id='word_1_211' title='bbox 1691 1565 1835 1639; x_wconf 90' lang='lat' dir='ltr'><strong>paginam</strong></span> 
     </span>
     <span class='ocr_line' id='line_1_18' title="bbox 123 1649 1837 1728; baseline 0.006 -26"><span class='ocrx_word' id='word_1_212' title='bbox 123 1669 217 1726; x_wconf 73' lang='lat' dir='ltr'><strong>quam</strong></span> <span class='ocrx_word' id='word_1_213' title='bbox 240 1653 353 1711; x_wconf 74' lang='lat' dir='ltr'><strong>ibidem</strong></span> <span class='ocrx_word' id='word_1_214' title='bbox 381 1655 521 1714; x_wconf 64' lang='lat' dir='ltr'><strong>ordinare</strong></span> <span class='ocrx_word' id='word_1_215' title='bbox 545 1655 741 1719; x_wconf 63' lang='lat' dir='ltr'><strong>abbatissam,</strong></span> <span class='ocrx_word' id='word_1_216' title='bbox 765 1655 824 1712; x_wconf 75' lang='lat' dir='ltr'><strong>nisi</strong></span> <span class='ocrx_word' id='word_1_217' title='bbox 838 1669 874 1712; x_wconf 66' lang='grc' dir='ltr'><strong>εχ</strong></span> <span class='ocrx_word' id='word_1_218' title='bbox 887 1654 955 1728; x_wconf 71' lang='lat' dir='ltr'><strong>ipsa</strong></span> <span class='ocrx_word' id='word_1_219' title='bbox 1008 1649 1221 1722; x_wconf 91' lang='lat' dir='ltr'><strong>utquicunque</strong></span> <span class='ocrx_word' id='word_1_220' title='bbox 1236 1649 1396 1722; x_wconf 83' lang='lat' dir='ltr'><strong>cujuslibet</strong></span> <span class='ocrx_word' id='word_1_221' title='bbox 1409 1651 1545 1709; x_wconf 76' lang='lat' dir='ltr'><strong>Ecclesiae</strong></span> <span class='ocrx_word' id='word_1_222' title='bbox 1559 1653 1679 1728; x_wconf 79' lang='lat' dir='ltr'><strong>praesul,</strong></span> <span class='ocrx_word' id='word_1_223' title='bbox 1692 1655 1740 1712; x_wconf 83' lang='lat' dir='ltr'><strong>vel</strong></span> <span class='ocrx_word' id='word_1_224' title='bbox 1762 1671 1837 1728; x_wconf 91' lang='lat' dir='ltr'><strong>qua·</strong></span> 
     </span>
    </p>
   </div>
   <div class='ocr_carea' id='block_1_5' title="bbox 12 1739 1838 1819">
    <p class='ocr_par' dir='ltr' id='par_1_5' title="bbox 12 1739 1838 1819">
     <span class='ocr_line' id='line_1_19' title="bbox 12 1739 1838 1819; baseline 0.002 -21"><span class='ocrx_word' id='word_1_225' title='bbox 12 1781 13 1798; x_wconf 54' lang='lat'>2</span> <span class='ocrx_word' id='word_1_226' title='bbox 124 1744 366 1814; x_wconf 76' lang='lat' dir='ltr'><strong>congregatione,</strong></span> <span class='ocrx_word' id='word_1_227' title='bbox 382 1745 407 1802; x_wconf 89' lang='lat' dir='ltr'><strong>si</strong></span> <span class='ocrx_word' id='word_1_228' title='bbox 421 1744 511 1804; x_wconf 90' lang='lat' dir='ltr'><strong>talem</strong></span> <span class='ocrx_word' id='word_1_229' title='bbox 525 1745 680 1815; x_wconf 72' lang='lat' dir='ltr'><strong>macnarii,</strong></span> <span class='ocrx_word' id='word_1_230' title='bbox 695 1761 765 1819; x_wconf 83' lang='lat' dir='ltr'><strong>quae</strong></span> <span class='ocrx_word' id='word_1_231' title='bbox 788 1745 880 1816; x_wconf 91' lang='lat' dir='ltr'><strong>digna</strong></span> <span class='ocrx_word' id='word_1_232' title='bbox 894 1747 954 1801; x_wconf 87' lang='lat' dir='ltr'><strong>Deo</strong></span> <span class='ocrx_word' id='word_1_233' title='bbox 1008 1752 1128 1812; x_wconf 88' lang='lat' dir='ltr'><strong>cunque</strong></span> <span class='ocrx_word' id='word_1_234' title='bbox 1147 1739 1292 1812; x_wconf 89' lang='lat' dir='ltr'><strong>dignitate</strong></span> <span class='ocrx_word' id='word_1_235' title='bbox 1318 1757 1449 1816; x_wconf 89' lang='lat' dir='ltr'><strong>persona</strong></span> <span class='ocrx_word' id='word_1_236' title='bbox 1474 1741 1553 1800; x_wconf 92' lang='lat' dir='ltr'><strong>hanc</strong></span> <span class='ocrx_word' id='word_1_237' title='bbox 1576 1744 1672 1801; x_wconf 90' lang='lat' dir='ltr'><strong>nostri</strong></span> <span class='ocrx_word' id='word_1_238' title='bbox 1691 1745 1838 1818; x_wconf 88' lang='lat' dir='ltr'><strong>privilegii</strong></span> 
     </span>
    </p>
   </div>
   <div class='ocr_carea' id='block_1_6' title="bbox 125 1827 1837 1907">
    <p class='ocr_par' dir='ltr' id='par_1_6' title="bbox 125 1827 1837 1907">
     <span class='ocr_line' id='line_1_20' title="bbox 125 1827 1837 1907; baseline 0.002 -20"><span class='ocrx_word' id='word_1_239' title='bbox 125 1831 171 1887; x_wconf 89' lang='lat' dir='ltr'><strong>sit.</strong></span> <span class='ocrx_word' id='word_1_240' title='bbox 185 1834 217 1888; x_wconf 90' lang='lat' dir='ltr'><strong>Et</strong></span> <span class='ocrx_word' id='word_1_241' title='bbox 232 1831 395 1889; x_wconf 78' lang='lat' dir='ltr'><strong>attentasse</strong></span> <span class='ocrx_word' id='word_1_242' title='bbox 414 1833 662 1891; x_wconf 88' lang='lat' dir='ltr'><strong>ibideminventa</strong></span> <span class='ocrx_word' id='word_1_243' title='bbox 688 1833 954 1902; x_wconf 74' lang='lat' dir='ltr'><strong>aestuantium</strong></span> <span class='ocrx_word' id='word_1_244' title='bbox 1009 1827 1144 1886; x_wconf 82' lang='lat' dir='ltr'><strong>chartam</strong></span> <span class='ocrx_word' id='word_1_245' title='bbox 1158 1846 1253 1903; x_wconf 71' lang='grc' dir='ltr'>ιῙιιιιιιι</span> <span class='ocrx_word' id='word_1_246' title='bbox 1268 1831 1442 1889; x_wconf 86' lang='lat' dir='ltr'><strong>auctoritate</strong></span> <span class='ocrx_word' id='word_1_247' title='bbox 1463 1832 1607 1906; x_wconf 91' lang='lat' dir='ltr'><strong>principis</strong></span> <span class='ocrx_word' id='word_1_248' title='bbox 1631 1833 1837 1907; x_wconf 87' lang='lat' dir='ltr'><strong>apostolorum</strong></span> 
     </span>
    </p>
   </div>
   <div class='ocr_carea' id='block_1_7' title="bbox 11 1915 1838 1996">
    <p class='ocr_par' dir='ltr' id='par_1_7' title="bbox 11 1915 1838 1996">
     <span class='ocr_line' id='line_1_21' title="bbox 11 1915 1838 1996; baseline 0.006 -26"><span class='ocrx_word' id='word_1_249' title='bbox 11 1961 13 1996; x_wconf 69' lang='lat'><strong>,</strong></span> <span class='ocrx_word' id='word_1_250' title='bbox 124 1921 299 1978; x_wconf 57' lang='lat' dir='ltr'><strong>inhibeat</strong></span> <span class='ocrx_word' id='word_1_251' title='bbox 313 1925 491 1995; x_wconf 71' lang='lat' dir='ltr'><strong>potestatem</strong></span> <span class='ocrx_word' id='word_1_252' title='bbox 504 1923 594 1980; x_wconf 61' lang='lat' dir='ltr'><strong>telem</strong></span> <span class='ocrx_word' id='word_1_253' title='bbox 608 1921 722 1979; x_wconf 75' lang='lat' dir='ltr'><strong>ibidem</strong></span> <span class='ocrx_word' id='word_1_254' title='bbox 744 1921 883 1980; x_wconf 70' lang='lat' dir='ltr'><strong>ordinare</strong></span> <span class='ocrx_word' id='word_1_255' title='bbox 902 1921 954 1979; x_wconf 69' lang='lat' dir='ltr'><strong>ab·</strong></span> <span class='ocrx_word' id='word_1_256' title='bbox 1007 1915 1166 1974; x_wconf 84' lang='lat' dir='ltr'><strong>firmamus</strong></span> <span class='ocrx_word' id='word_1_257' title='bbox 1192 1923 1336 1978; x_wconf 86' lang='lat' dir='ltr'><strong>temerare</strong></span> <span class='ocrx_word' id='word_1_258' title='bbox 1361 1921 1527 1994; x_wconf 86' lang='lat' dir='ltr'><strong>tentaverit,</strong></span> <span class='ocrx_word' id='word_1_259' title='bbox 1552 1923 1715 1980; x_wconf 89' lang='lat' dir='ltr'><strong>anathema</strong></span> <span class='ocrx_word' id='word_1_260' title='bbox 1737 1923 1785 1993; x_wconf 88' lang='lat' dir='ltr'><strong>sit,</strong></span> <span class='ocrx_word' id='word_1_261' title='bbox 1807 1927 1838 1982; x_wconf 90' lang='lat' dir='ltr'><strong>et</strong></span> 
     </span>
    </p>
   </div>
   <div class='ocr_carea' id='block_1_8' title="bbox 125 2005 1837 2084">
    <p class='ocr_par' dir='ltr' id='par_1_8' title="bbox 125 2005 1837 2084">
     <span class='ocr_line' id='line_1_22' title="bbox 125 2005 1837 2084; baseline 0.003 -19"><span class='ocrx_word' id='word_1_262' title='bbox 125 2009 271 2066; x_wconf 89' lang='lat' dir='ltr'><strong>batissam</strong></span> <span class='ocrx_word' id='word_1_263' title='bbox 286 2025 355 2083; x_wconf 83' lang='lat' dir='ltr'><strong>quoe</strong></span> <span class='ocrx_word' id='word_1_264' title='bbox 369 2009 461 2081; x_wconf 90' lang='lat' dir='ltr'><strong>digna</strong></span> <span class='ocrx_word' id='word_1_265' title='bbox 476 2013 536 2067; x_wconf 86' lang='lat' dir='ltr'><strong>beo</strong></span> <span class='ocrx_word' id='word_1_266' title='bbox 552 2009 669 2082; x_wconf 91' lang='lat' dir='ltr'><strong>placere</strong></span> <span class='ocrx_word' id='word_1_267' title='bbox 682 2011 786 2084; x_wconf 88' lang='lat' dir='ltr'><strong>possit.</strong></span> <span class='ocrx_word' id='word_1_268' title='bbox 800 2009 955 2068; x_wconf 87' lang='lat' dir='ltr'><strong>Constitui·</strong></span> <span class='ocrx_word' id='word_1_269' title='bbox 1008 2005 1085 2062; x_wconf 90' lang='lat' dir='ltr'><strong>iram</strong></span> <span class='ocrx_word' id='word_1_270' title='bbox 1113 2005 1164 2063; x_wconf 87' lang='lat' dir='ltr'><strong>bei</strong></span> <span class='ocrx_word' id='word_1_271' title='bbox 1187 2006 1343 2066; x_wconf 79' lang='lat' dir='ltr'><strong>incunens</strong></span> <span class='ocrx_word' id='word_1_272' title='bbox 1365 2025 1384 2066; x_wconf 91' lang='lat' dir='ltr'><strong>a</strong></span> <span class='ocrx_word' id='word_1_273' title='bbox 1410 2013 1489 2066; x_wconf 79' lang='lat' dir='ltr'><strong>coetu</strong></span> <span class='ocrx_word' id='word_1_274' title='bbox 1512 2009 1650 2068; x_wconf 90' lang='lat' dir='ltr'><strong>omnium</strong></span> <span class='ocrx_word' id='word_1_275' title='bbox 1664 2015 1837 2070; x_wconf 89' lang='lat' dir='ltr'><strong>sanctorum</strong></span> 
     </span>
    </p>
   </div>
   <div class='ocr_carea' id='block_1_9' title="bbox 10 2094 1838 2526">
    <p class='ocr_par' dir='ltr' id='par_1_9' title="bbox 10 2094 1838 2354">
     <span class='ocr_line' id='line_1_23' title="bbox 10 2094 1838 2178; baseline 0.004 -27"><span class='ocrx_word' id='word_1_276' title='bbox 10 2143 13 2178; x_wconf 20' lang='grc' dir='ltr'><em>ὲ</em></span> <span class='ocrx_word' id='word_1_277' title='bbox 126 2113 195 2152; x_wconf 91' lang='lat' dir='ltr'><strong>mus</strong></span> <span class='ocrx_word' id='word_1_278' title='bbox 207 2098 296 2154; x_wconf 89' lang='lat' dir='ltr'><strong>etiam</strong></span> <span class='ocrx_word' id='word_1_279' title='bbox 315 2113 370 2171; x_wconf 90' lang='lat' dir='ltr'><strong>per</strong></span> <span class='ocrx_word' id='word_1_280' title='bbox 383 2097 475 2169; x_wconf 84' lang='lat' dir='ltr'><strong>hujus</strong></span> <span class='ocrx_word' id='word_1_281' title='bbox 495 2097 605 2154; x_wconf 86' lang='lat' dir='ltr'><strong>decreti</strong></span> <span class='ocrx_word' id='word_1_282' title='bbox 629 2099 722 2154; x_wconf 91' lang='lat' dir='ltr'><strong>nostri</strong></span> <span class='ocrx_word' id='word_1_283' title='bbox 745 2097 900 2172; x_wconf 89' lang='lat' dir='ltr'><strong>paginam,</strong></span> <span class='ocrx_word' id='word_1_284' title='bbox 924 2101 956 2154; x_wconf 91' lang='lat' dir='ltr'><strong>ut</strong></span> <span class='ocrx_word' id='word_1_285' title='bbox 1008 2094 1133 2152; x_wconf 80' lang='lat' dir='ltr'><strong>extorris</strong></span> <span class='ocrx_word' id='word_1_286' title='bbox 1147 2095 1264 2168; x_wconf 87' lang='lat' dir='ltr'><strong>existat,</strong></span> <span class='ocrx_word' id='word_1_287' title='bbox 1283 2102 1313 2154; x_wconf 91' lang='lat' dir='ltr'><strong>et</strong></span> <span class='ocrx_word' id='word_1_288' title='bbox 1326 2097 1520 2156; x_wconf 90' lang='lat' dir='ltr'><strong>nihilominus</strong></span> <span class='ocrx_word' id='word_1_289' title='bbox 1534 2099 1650 2174; x_wconf 80' lang='lat' dir='ltr'><strong>praeiati</strong></span> <span class='ocrx_word' id='word_1_290' title='bbox 1665 2101 1838 2160; x_wconf 88' lang='lat' dir='ltr'><strong>monasterii</strong></span> 
     </span>
     <span class='ocr_line' id='line_1_24' title="bbox 10 2183 1838 2266; baseline 0.004 -24"><span class='ocrx_word' id='word_1_291' title='bbox 10 2231 13 2266; x_wconf 25' lang='grc' dir='ltr'>ζ</span> <span class='ocrx_word' id='word_1_292' title='bbox 125 2203 307 2260; x_wconf 89' lang='lat' dir='ltr'><strong>quacunque</strong></span> <span class='ocrx_word' id='word_1_293' title='bbox 329 2187 471 2259; x_wconf 85' lang='lat' dir='ltr'><strong>dignitate</strong></span> <span class='ocrx_word' id='word_1_294' title='bbox 486 2187 612 2261; x_wconf 75' lang='lat' dir='ltr'><strong>praedita</strong></span> <span class='ocrx_word' id='word_1_295' title='bbox 625 2203 756 2261; x_wconf 87' lang='lat' dir='ltr'><strong>persona</strong></span> <span class='ocrx_word' id='word_1_296' title='bbox 769 2188 848 2245; x_wconf 91' lang='lat' dir='ltr'><strong>hanc</strong></span> <span class='ocrx_word' id='word_1_297' title='bbox 863 2186 955 2244; x_wconf 89' lang='lat' dir='ltr'><strong>nostri</strong></span> <span class='ocrx_word' id='word_1_298' title='bbox 1008 2183 1139 2256; x_wconf 90' lang='lat' dir='ltr'><strong>dignitas</strong></span> <span class='ocrx_word' id='word_1_299' title='bbox 1167 2201 1186 2243; x_wconf 92' lang='lat' dir='ltr'><strong>a</strong></span> <span class='ocrx_word' id='word_1_300' title='bbox 1214 2185 1303 2244; x_wconf 90' lang='lat' dir='ltr'><strong>nobis</strong></span> <span class='ocrx_word' id='word_1_301' title='bbox 1329 2185 1446 2245; x_wconf 83' lang='lat' dir='ltr'><strong>indulta</strong></span> <span class='ocrx_word' id='word_1_302' title='bbox 1469 2189 1680 2264; x_wconf 87' lang='lat' dir='ltr'><strong>perpetualiter</strong></span> <span class='ocrx_word' id='word_1_303' title='bbox 1696 2190 1838 2264; x_wconf 81' lang='lat' dir='ltr'><strong>inviolata</strong></span> 
     </span>
     <span class='ocr_line' id='line_1_25' title="bbox 10 2274 1704 2354; baseline 0.002 -24"><span class='ocrx_word' id='word_1_304' title='bbox 10 2319 12 2354; x_wconf 74' lang='lat' dir='ltr'><strong>e</strong></span> <span class='ocrx_word' id='word_1_305' title='bbox 124 2274 270 2348; x_wconf 85' lang='lat' dir='ltr'><strong>privilegii</strong></span> <span class='ocrx_word' id='word_1_306' title='bbox 284 2275 430 2344; x_wconf 87' lang='lat' dir='ltr'><strong>chartam,</strong></span> <span class='ocrx_word' id='word_1_307' title='bbox 442 2291 535 2349; x_wconf 92' lang='lat' dir='ltr'><strong>quam</strong></span> <span class='ocrx_word' id='word_1_308' title='bbox 545 2276 719 2334; x_wconf 90' lang='lat' dir='ltr'><strong>auctoritate</strong></span> <span class='ocrx_word' id='word_1_309' title='bbox 728 2276 872 2351; x_wconf 89' lang='lat' dir='ltr'><strong>principis</strong></span> <span class='ocrx_word' id='word_1_310' title='bbox 884 2291 956 2349; x_wconf 84' lang='lat' dir='ltr'><strong>apo</strong></span> <span class='ocrx_word' id='word_1_311' title='bbox 1008 2277 1185 2346; x_wconf 89' lang='lat' dir='ltr'><strong>permaneat</strong></span> <span class='ocrx_word' id='word_1_312' title='bbox 1197 2274 1364 2348; x_wconf 85' lang='lat' dir='ltr'><strong>apostolica</strong></span> <span class='ocrx_word' id='word_1_313' title='bbox 1377 2277 1552 2334; x_wconf 88' lang='lat' dir='ltr'><strong>auctoritate</strong></span> <span class='ocrx_word' id='word_1_314' title='bbox 1565 2277 1704 2336; x_wconf 87' lang='lat' dir='ltr'><strong>subnixa.</strong></span> 
     </span>
    </p>

    <p class='ocr_par' dir='ltr' id='par_1_10' title="bbox 9 2349 1838 2536">
     <span class='ocr_line' id='line_1_26' title="bbox 10 2349 1838 2440; baseline 0.004 -23"><span class='ocrx_word' id='word_1_315' title='bbox 10 2409 12 2416; x_wconf 77' lang='grc'><strong><em>,</em></strong></span> <span class='ocrx_word' id='word_1_316' title='bbox 125 2349 270 2420; x_wconf 82' lang='lat' dir='ltr'><strong>stolorum</strong></span> <span class='ocrx_word' id='word_1_317' title='bbox 283 2363 442 2421; x_wconf 85' lang='lat' dir='ltr'><strong>firmamus</strong></span> <span class='ocrx_word' id='word_1_318' title='bbox 457 2369 602 2422; x_wconf 89' lang='lat' dir='ltr'><strong>temerare</strong></span> <span class='ocrx_word' id='word_1_319' title='bbox 615 2366 780 2437; x_wconf 67' lang='lat' dir='ltr'><strong>meaverit,</strong></span> <span class='ocrx_word' id='word_1_320' title='bbox 794 2365 956 2424; x_wconf 88' lang='lat' dir='ltr'><strong>anathema</strong></span> <span class='ocrx_word' id='word_1_321' title='bbox 1044 2362 1191 2436; x_wconf 88' lang='lat' dir='ltr'><strong>Scriptum</strong></span> <span class='ocrx_word' id='word_1_322' title='bbox 1204 2379 1259 2438; x_wconf 88' lang='lat' dir='ltr'><strong>per</strong></span> <span class='ocrx_word' id='word_1_323' title='bbox 1267 2381 1394 2422; x_wconf 90' lang='lat' dir='ltr'><strong>manum</strong></span> <span class='ocrx_word' id='word_1_324' title='bbox 1408 2366 1549 2440; x_wconf 86' lang='lat' dir='ltr'><strong>Stephani</strong></span> <span class='ocrx_word' id='word_1_325' title='bbox 1563 2367 1669 2424; x_wconf 89' lang='lat' dir='ltr'><strong>notarii</strong></span> <span class='ocrx_word' id='word_1_326' title='bbox 1678 2365 1838 2438; x_wconf 88' lang='lat' dir='ltr'><strong>regionarii</strong></span> 
     </span>
     <span class='ocr_line' id='line_1_27' title="bbox 125 2451 1838 2526; baseline 0.003 -18.619"><span class='ocrx_word' id='word_1_327' title='bbox 125 2451 171 2520; x_wconf 91' lang='lat' dir='ltr'><strong>sit,</strong></span> <span class='ocrx_word' id='word_1_328' title='bbox 188 2457 216 2509; x_wconf 90' lang='lat' dir='ltr'><strong>et</strong></span> <span class='ocrx_word' id='word_1_329' title='bbox 227 2452 304 2509; x_wconf 89' lang='lat' dir='ltr'><strong>iram</strong></span> <span class='ocrx_word' id='word_1_330' title='bbox 320 2453 370 2510; x_wconf 86' lang='lat' dir='ltr'><strong>liei</strong></span> <span class='ocrx_word' id='word_1_331' title='bbox 388 2453 553 2526; x_wconf 86' lang='lat' dir='ltr'><strong>incurrens,</strong></span> <span class='ocrx_word' id='word_1_332' title='bbox 576 2458 684 2510; x_wconf 89' lang='lat' dir='ltr'><strong>acoetu</strong></span> <span class='ocrx_word' id='word_1_333' title='bbox 700 2457 873 2511; x_wconf 89' lang='lat' dir='ltr'><strong>sanctorum</strong></span> <span class='ocrx_word' id='word_1_334' title='bbox 888 2469 954 2510; x_wconf 89' lang='lat' dir='ltr'><strong>om·</strong></span> <span class='ocrx_word' id='word_1_335' title='bbox 1009 2455 1099 2524; x_wconf 88' lang='lat' dir='ltr'><strong>atque</strong></span> <span class='ocrx_word' id='word_1_336' title='bbox 1110 2453 1254 2510; x_wconf 90' lang='lat' dir='ltr'><strong>scriniarii</strong></span> <span class='ocrx_word' id='word_1_337' title='bbox 1266 2458 1375 2512; x_wconf 85' lang='lat' dir='ltr'><strong>sanctae</strong></span> <span class='ocrx_word' id='word_1_338' title='bbox 1390 2457 1530 2514; x_wconf 77' lang='lat' dir='ltr'><strong>Romana</strong></span> <span class='ocrx_word' id='word_1_339' title='bbox 1545 2455 1681 2513; x_wconf 79' lang='lat' dir='ltr'><strong>Ecclesia</strong></span> <span class='ocrx_word' id='word_1_340' title='bbox 1692 2455 1723 2512; x_wconf 92' lang='lat' dir='ltr'><strong>in</strong></span> <span class='ocrx_word' id='word_1_341' title='bbox 1733 2471 1838 2514; x_wconf 90' lang='lat' dir='ltr'><strong>mense</strong></span> 
     </span>
    </p>
   </div>
   <div class='ocr_carea' id='block_1_10' title="bbox 8 2541 1839 2990">
    <p class='ocr_par' dir='ltr' id='par_1_11' title="bbox 125 2541 1416 2617">
     <span class='ocr_line' id='line_1_28' title="bbox 125 2541 1416 2617; baseline 0.002 -19"><span class='ocrx_word' id='word_1_342' title='bbox 125 2541 209 2598; x_wconf 91' lang='lat' dir='ltr'><strong>nium</strong></span> <span class='ocrx_word' id='word_1_343' title='bbox 223 2542 349 2600; x_wconf 85' lang='lat' dir='ltr'><strong>extorris</strong></span> <span class='ocrx_word' id='word_1_344' title='bbox 361 2543 477 2613; x_wconf 85' lang='lat' dir='ltr'><strong>existat,</strong></span> <span class='ocrx_word' id='word_1_345' title='bbox 497 2547 530 2599; x_wconf 92' lang='lat' dir='ltr'><strong>ut</strong></span> <span class='ocrx_word' id='word_1_346' title='bbox 550 2542 746 2600; x_wconf 90' lang='lat' dir='ltr'><strong>nihilominus</strong></span> <span class='ocrx_word' id='word_1_347' title='bbox 760 2542 876 2617; x_wconf 82' lang='lat' dir='ltr'><strong>praeiati</strong></span> <span class='ocrx_word' id='word_1_348' title='bbox 889 2558 954 2598; x_wconf 88' lang='lat' dir='ltr'><strong>mo·</strong></span> <span class='ocrx_word' id='word_1_349' title='bbox 1008 2541 1150 2598; x_wconf 82' lang='lat' dir='ltr'><strong>tanuano</strong></span> <span class='ocrx_word' id='word_1_350' title='bbox 1162 2546 1191 2599; x_wconf 90' lang='lat' dir='ltr'><strong>et</strong></span> <span class='ocrx_word' id='word_1_351' title='bbox 1200 2542 1363 2600; x_wconf 90' lang='lat' dir='ltr'><strong>indictione</strong></span> <span class='ocrx_word' id='word_1_352' title='bbox 1378 2560 1416 2600; x_wconf 85' lang='lat' dir='ltr'><strong>vr.</strong></span> 
     </span>
    </p>

    <p class='ocr_par' dir='ltr' id='par_1_12' title="bbox 124 2629 1489 2703">
     <span class='ocr_line' id='line_1_29' title="bbox 124 2629 1489 2703; baseline 0.002 -17"><span class='ocrx_word' id='word_1_353' title='bbox 124 2629 246 2687; x_wconf 89' lang='lat' dir='ltr'><strong>nasterii</strong></span> <span class='ocrx_word' id='word_1_354' title='bbox 260 2629 391 2700; x_wconf 87' lang='lat' dir='ltr'><strong>dignitas</strong></span> <span class='ocrx_word' id='word_1_355' title='bbox 415 2630 534 2686; x_wconf 89' lang='lat' dir='ltr'><strong>anobis</strong></span> <span class='ocrx_word' id='word_1_356' title='bbox 545 2629 672 2701; x_wconf 91' lang='lat' dir='ltr'><strong>indulta,</strong></span> <span class='ocrx_word' id='word_1_357' title='bbox 686 2629 898 2703; x_wconf 88' lang='lat' dir='ltr'><strong>perpetualiter</strong></span> <span class='ocrx_word' id='word_1_358' title='bbox 911 2629 955 2686; x_wconf 90' lang='lat' dir='ltr'><strong>in·</strong></span> <span class='ocrx_word' id='word_1_359' title='bbox 1046 2631 1154 2686; x_wconf 88' lang='lat' dir='ltr'><strong>ilatum</strong></span> <span class='ocrx_word' id='word_1_360' title='bbox 1169 2647 1199 2686; x_wconf 75' lang='grc' dir='ltr'><strong>ιν</strong></span> <span class='ocrx_word' id='word_1_361' title='bbox 1211 2634 1310 2689; x_wconf 86' lang='lat' dir='ltr'><strong>Nonas</strong></span> <span class='ocrx_word' id='word_1_362' title='bbox 1322 2632 1489 2689; x_wconf 84' lang='lat' dir='ltr'><strong>lanuarias.</strong></span> 
     </span>
    </p>

    <p class='ocr_par' dir='ltr' id='par_1_13' title="bbox 124 2718 1465 2792">
     <span class='ocr_line' id='line_1_30' title="bbox 124 2718 1465 2792; baseline 0.002 -18"><span class='ocrx_word' id='word_1_363' title='bbox 124 2718 237 2776; x_wconf 81' lang='lat' dir='ltr'><strong>violata</strong></span> <span class='ocrx_word' id='word_1_364' title='bbox 251 2721 438 2792; x_wconf 89' lang='lat' dir='ltr'><strong>permaneat,</strong></span> <span class='ocrx_word' id='word_1_365' title='bbox 453 2718 618 2792; x_wconf 88' lang='lat' dir='ltr'><strong>apostolica</strong></span> <span class='ocrx_word' id='word_1_366' title='bbox 628 2721 802 2778; x_wconf 87' lang='lat' dir='ltr'><strong>auctoritate</strong></span> <span class='ocrx_word' id='word_1_367' title='bbox 813 2718 953 2775; x_wconf 86' lang='lat' dir='ltr'><strong>subnixa.</strong></span> <span class='ocrx_word' id='word_1_368' title='bbox 1392 2723 1465 2778; x_wconf 91' lang='lat' dir='ltr'><strong>Vttt.</strong></span> 
     </span>
    </p>

    <p class='ocr_par' dir='ltr' id='par_1_14' title="bbox 8 2806 1839 2990">
     <span class='ocr_line' id='line_1_31' title="bbox 8 2806 1839 2881; baseline 0.002 -17"><span class='ocrx_word' id='word_1_369' title='bbox 8 2861 11 2872; x_wconf 90' lang='grc'>,</span> <span class='ocrx_word' id='word_1_370' title='bbox 164 2807 312 2881; x_wconf 89' lang='lat' dir='ltr'><strong>Scriptum</strong></span> <span class='ocrx_word' id='word_1_371' title='bbox 325 2823 378 2880; x_wconf 89' lang='lat' dir='ltr'><strong>per</strong></span> <span class='ocrx_word' id='word_1_372' title='bbox 391 2823 501 2864; x_wconf 90' lang='lat' dir='ltr'><strong>manus</strong></span> <span class='ocrx_word' id='word_1_373' title='bbox 516 2807 658 2880; x_wconf 90' lang='lat' dir='ltr'><strong>Stephani</strong></span> <span class='ocrx_word' id='word_1_374' title='bbox 676 2806 821 2864; x_wconf 88' lang='lat' dir='ltr'><strong>scriniarii</strong></span> <span class='ocrx_word' id='word_1_375' title='bbox 845 2811 956 2864; x_wconf 72' lang='lat' dir='ltr'><strong>sanctae</strong></span> <span class='ocrx_word' id='word_1_376' title='bbox 1010 2821 1144 2862; x_wconf 75' lang='lat' dir='ltr'><strong>arcerem</strong></span> <span class='ocrx_word' id='word_1_377' title='bbox 1159 2823 1278 2864; x_wconf 76' lang='lat' dir='ltr'><strong>narrari</strong></span> <span class='ocrx_word' id='word_1_378' title='bbox 1293 2824 1371 2866; x_wconf 77' lang='lat' dir='ltr'><strong>narn</strong></span> <span class='ocrx_word' id='word_1_379' title='bbox 1390 2824 1410 2865; x_wconf 90' lang='lat' dir='ltr'><strong>u</strong></span> <span class='ocrx_word' id='word_1_380' title='bbox 1431 2826 1468 2865; x_wconf 83' lang='lat' dir='ltr'><strong>an</strong></span> <span class='ocrx_word' id='word_1_381' title='bbox 1492 2825 1642 2866; x_wconf 72' lang='lat' dir='ltr'><strong>caniacus</strong></span> <span class='ocrx_word' id='word_1_382' title='bbox 1663 2826 1839 2868; x_wconf 73' lang='lat' dir='ltr'><strong>neumanen-</strong></span> 
     </span>
     <span class='ocr_line' id='line_1_32' title="bbox 126 2895 1589 2990; baseline 0.001 -35.925"><span class='ocrx_word' id='word_1_383' title='bbox 126 2900 270 2954; x_wconf 78' lang='lat' dir='ltr'><strong>ltomanae</strong></span> <span class='ocrx_word' id='word_1_384' title='bbox 297 2895 429 2954; x_wconf 72' lang='lat' dir='ltr'><strong>acclesiae</strong></span> <span class='ocrx_word' id='word_1_385' title='bbox 451 2895 481 2952; x_wconf 91' lang='lat' dir='ltr'><strong>in</strong></span> <span class='ocrx_word' id='word_1_386' title='bbox 508 2910 611 2952; x_wconf 88' lang='lat' dir='ltr'><strong>mense</strong></span> <span class='ocrx_word' id='word_1_387' title='bbox 629 2896 772 2954; x_wconf 79' lang='lat' dir='ltr'><strong>ianuario</strong></span> <span class='ocrx_word' id='word_1_388' title='bbox 795 2895 992 2990; x_wconf 84' lang='lat' dir='ltr'><strong>indictionec</strong></span> <span class='ocrx_word' id='word_1_389' title='bbox 1260 2913 1312 2954; x_wconf 83' lang='lat' dir='ltr'><strong>san</strong></span> <span class='ocrx_word' id='word_1_390' title='bbox 1339 2913 1589 2956; x_wconf 81' lang='lat' dir='ltr'><strong>asanrarrscorurr.</strong></span> 
     </span>
    </p>
   </div>
   <div class='ocr_carea' id='block_1_11' title="bbox 7 2979 1839 3237">
    <p class='ocr_par' dir='ltr' id='par_1_15' title="bbox 7 2979 1839 3237">
     <span class='ocr_line' id='line_1_33' title="bbox 7 2979 1516 3060; baseline 0.001 -18"><span class='ocrx_word' id='word_1_391' title='bbox 7 2979 12 3052; x_wconf 69' lang='lat' dir='ltr'><em>J</em></span> <span class='ocrx_word' id='word_1_392' title='bbox 127 2990 220 3043; x_wconf 85' lang='lat' dir='ltr'><strong>sexta.</strong></span> <span class='ocrx_word' id='word_1_393' title='bbox 237 2987 314 3042; x_wconf 89' lang='lat' dir='ltr'><strong>Bene</strong></span> <span class='ocrx_word' id='word_1_394' title='bbox 327 2985 433 3042; x_wconf 84' lang='lat' dir='ltr'><strong>valete.</strong></span> <span class='ocrx_word' id='word_1_395' title='bbox 455 2987 563 3042; x_wconf 87' lang='lat' dir='ltr'><strong>batum</strong></span> <span class='ocrx_word' id='word_1_396' title='bbox 577 3001 609 3041; x_wconf 88' lang='grc' dir='ltr'><strong>ιιι</strong></span> <span class='ocrx_word' id='word_1_397' title='bbox 620 3000 718 3042; x_wconf 92' lang='lat' dir='ltr'><strong>nonas</strong></span> <span class='ocrx_word' id='word_1_398' title='bbox 730 2985 888 3043; x_wconf 83' lang='lat' dir='ltr'><strong>ianuarias</strong></span> <span class='ocrx_word' id='word_1_399' title='bbox 902 3001 957 3060; x_wconf 93' lang='lat' dir='ltr'><strong>per</strong></span> <span class='ocrx_word' id='word_1_400' title='bbox 1328 2985 1425 3058; x_wconf 81' lang='lat' dir='ltr'><strong>(Anno</strong></span> <span class='ocrx_word' id='word_1_401' title='bbox 1442 2987 1516 3059; x_wconf 69' lang='lat'><strong>948).</strong></span> 
     </span>
     <span class='ocr_line' id='line_1_34' title="bbox 7 3067 1839 3170; baseline 0.003 -41"><span class='ocrx_word' id='word_1_402' title='bbox 7 3067 11 3170; x_wconf 41' lang='grc' dir='ltr'>ζ</span> <span class='ocrx_word' id='word_1_403' title='bbox 125 3089 238 3130; x_wconf 92' lang='lat' dir='ltr'><strong>manus</strong></span> <span class='ocrx_word' id='word_1_404' title='bbox 266 3073 391 3130; x_wconf 77' lang='lat' dir='ltr'><strong>andreae</strong></span> <span class='ocrx_word' id='word_1_405' title='bbox 414 3072 517 3144; x_wconf 82' lang='lat' dir='ltr'><strong>divini,</strong></span> <span class='ocrx_word' id='word_1_406' title='bbox 546 3077 698 3146; x_wconf 88' lang='lat' dir='ltr'><strong>respectus</strong></span> <span class='ocrx_word' id='word_1_407' title='bbox 721 3073 827 3144; x_wconf 88' lang='lat' dir='ltr'><strong>gratia,</strong></span> <span class='ocrx_word' id='word_1_408' title='bbox 850 3074 957 3132; x_wconf 90' lang='lat' dir='ltr'><strong>arcarii</strong></span> <span class='ocrx_word' id='word_1_409' title='bbox 1009 3074 1172 3131; x_wconf 65' lang='lat' dir='ltr'><strong>Desidiam</strong></span> <span class='ocrx_word' id='word_1_410' title='bbox 1187 3075 1379 3134; x_wconf 80' lang='lat' dir='ltr'><strong>ecclesiarum</strong></span> <span class='ocrx_word' id='word_1_411' title='bbox 1391 3075 1839 3147; x_wconf 79' lang='lat' dir='ltr'><strong>Leureocensisttaccestl’oto·</strong></span> 
     </span>
     <span class='ocr_line' id='line_1_35' title="bbox 128 3162 1839 3237; baseline 0.002 -18"><span class='ocrx_word' id='word_1_412' title='bbox 128 3167 237 3221; x_wconf 84' lang='lat' dir='ltr'><strong>sanctas</strong></span> <span class='ocrx_word' id='word_1_413' title='bbox 250 3163 329 3220; x_wconf 89' lang='lat' dir='ltr'><strong>sedis</strong></span> <span class='ocrx_word' id='word_1_414' title='bbox 343 3162 525 3237; x_wconf 79' lang='lat' dir='ltr'><strong>apostolicae,</strong></span> <span class='ocrx_word' id='word_1_415' title='bbox 540 3177 632 3232; x_wconf 90' lang='lat' dir='ltr'><strong>anno,</strong></span> <span class='ocrx_word' id='word_1_416' title='bbox 644 3165 703 3221; x_wconf 87' lang='lat' dir='ltr'><strong>lieo</strong></span> <span class='ocrx_word' id='word_1_417' title='bbox 723 3163 863 3237; x_wconf 89' lang='lat' dir='ltr'><strong>propitio,</strong></span> <span class='ocrx_word' id='word_1_418' title='bbox 879 3180 956 3236; x_wconf 87' lang='lat' dir='ltr'><strong>pon·</strong></span> <span class='ocrx_word' id='word_1_419' title='bbox 1046 3163 1163 3234; x_wconf 62' lang='lat' dir='ltr'><strong>omneis)</strong></span> <span class='ocrx_word' id='word_1_420' title='bbox 1188 3168 1217 3221; x_wconf 88' lang='lat' dir='ltr'><strong>et</strong></span> <span class='ocrx_word' id='word_1_421' title='bbox 1237 3164 1475 3236; x_wconf 62' lang='lat' dir='ltr'><strong>saliburgensis</strong></span> <span class='ocrx_word' id='word_1_422' title='bbox 1500 3167 1660 3236; x_wconf 85' lang='lat' dir='ltr'><strong>componit.</strong></span> <span class='ocrx_word' id='word_1_423' title='bbox 1684 3166 1839 3223; x_wconf 80' lang='lat' dir='ltr'><strong>Satiatur·</strong></span> 
     </span>
    </p>
   </div>
   <div class='ocr_carea' id='block_1_12' title="bbox 125 3251 1841 3684">
    <p class='ocr_par' dir='ltr' id='par_1_16' title="bbox 125 3251 1840 3414">
     <span class='ocr_line' id='line_1_36' title="bbox 126 3251 1839 3326; baseline 0.001 -16"><span class='ocrx_word' id='word_1_424' title='bbox 126 3253 255 3310; x_wconf 90' lang='lat' dir='ltr'><strong>titicatus</strong></span> <span class='ocrx_word' id='word_1_425' title='bbox 269 3252 404 3326; x_wconf 80' lang='lat' dir='ltr'><strong>Agapeti,</strong></span> <span class='ocrx_word' id='word_1_426' title='bbox 417 3251 528 3310; x_wconf 90' lang='lat' dir='ltr'><strong>summi</strong></span> <span class='ocrx_word' id='word_1_427' title='bbox 538 3251 700 3326; x_wconf 87' lang='lat' dir='ltr'><strong>pontilicis,</strong></span> <span class='ocrx_word' id='word_1_428' title='bbox 710 3252 953 3326; x_wconf 66' lang='lat' dir='ltr'><strong>iuniorispapar.</strong></span> <span class='ocrx_word' id='word_1_429' title='bbox 1045 3253 1130 3324; x_wconf 74' lang='lat' dir='ltr'><strong>pensi</strong></span> <span class='ocrx_word' id='word_1_430' title='bbox 1141 3251 1354 3310; x_wconf 76' lang='lat' dir='ltr'><strong>riccidentctem</strong></span> <span class='ocrx_word' id='word_1_431' title='bbox 1365 3254 1557 3312; x_wconf 82' lang='lat' dir='ltr'><strong>Pannonium</strong></span> <span class='ocrx_word' id='word_1_432' title='bbox 1578 3253 1735 3326; x_wconf 81' lang='lat' dir='ltr'><strong>attribuit,·</strong></span> <span class='ocrx_word' id='word_1_433' title='bbox 1758 3256 1839 3312; x_wconf 82' lang='lat' dir='ltr'><strong>Lau·</strong></span> 
     </span>
     <span class='ocr_line' id='line_1_37' title="bbox 125 3340 1840 3414; baseline 0.001 -14"><span class='ocrx_word' id='word_1_434' title='bbox 125 3341 158 3400; x_wconf 90' lang='lat' dir='ltr'><strong>in</strong></span> <span class='ocrx_word' id='word_1_435' title='bbox 172 3341 375 3400; x_wconf 86' lang='lat' dir='ltr'><strong>sacratissima</strong></span> <span class='ocrx_word' id='word_1_436' title='bbox 388 3341 459 3399; x_wconf 89' lang='lat' dir='ltr'><strong>sede</strong></span> <span class='ocrx_word' id='word_1_437' title='bbox 473 3341 553 3399; x_wconf 91' lang='lat' dir='ltr'><strong>beati</strong></span> <span class='ocrx_word' id='word_1_438' title='bbox 568 3340 642 3398; x_wconf 89' lang='lat' dir='ltr'><strong>Petri</strong></span> <span class='ocrx_word' id='word_1_439' title='bbox 656 3340 794 3414; x_wconf 91' lang='lat' dir='ltr'><strong>apostoli,</strong></span> <span class='ocrx_word' id='word_1_440' title='bbox 811 3341 954 3399; x_wconf 90' lang='lat' dir='ltr'><strong>secundo.</strong></span> <span class='ocrx_word' id='word_1_441' title='bbox 1046 3341 1189 3408; x_wconf 84' lang='lat' dir='ltr'><strong>reccensi,</strong></span> <span class='ocrx_word' id='word_1_442' title='bbox 1196 3345 1298 3411; x_wconf 80' lang='lat' dir='ltr'><strong>utpote</strong></span> <span class='ocrx_word' id='word_1_443' title='bbox 1307 3341 1483 3414; x_wconf 80' lang='lat' dir='ltr'><strong>antiquiori,</strong></span> <span class='ocrx_word' id='word_1_444' title='bbox 1500 3343 1711 3400; x_wconf 78' lang='lat' dir='ltr'><strong>benedictionis</strong></span> <span class='ocrx_word' id='word_1_445' title='bbox 1720 3348 1749 3400; x_wconf 88' lang='lat' dir='ltr'><strong>ct</strong></span> <span class='ocrx_word' id='word_1_446' title='bbox 1763 3344 1840 3402; x_wconf 80' lang='lat' dir='ltr'><strong>sedis</strong></span> 
     </span>
    </p>

    <p class='ocr_par' dir='ltr' id='par_1_17' title="bbox 511 3427 1841 3684">
     <span class='ocr_line' id='line_1_38' title="bbox 511 3427 1840 3504; baseline 0.005 -21"><span class='ocrx_word' id='word_1_447' title='bbox 511 3447 572 3504; x_wconf 62' lang='lat' dir='ltr'><strong>vq,</strong></span> <span class='ocrx_word' id='word_1_448' title='bbox 1048 3427 1384 3493; x_wconf 82' lang='lat' dir='ltr'><strong>bonorem‚orientatern</strong></span> <span class='ocrx_word' id='word_1_449' title='bbox 1398 3431 1600 3500; x_wconf 85' lang='lat' dir='ltr'><strong>Pannoniam,</strong></span> <span class='ocrx_word' id='word_1_450' title='bbox 1614 3433 1749 3504; x_wconf 72' lang='lat' dir='ltr'><strong>regiones</strong></span> <span class='ocrx_word' id='word_1_451' title='bbox 1761 3435 1840 3490; x_wconf 79' lang='lat' dir='ltr'><strong>Auo·</strong></span> 
     </span>
     <span class='ocr_line' id='line_1_39' title="bbox 1046 3517 1841 3592; baseline 0.005 -18"><span class='ocrx_word' id='word_1_452' title='bbox 1046 3532 1159 3586; x_wconf 79' lang='lat' dir='ltr'><strong>rorum,</strong></span> <span class='ocrx_word' id='word_1_453' title='bbox 1175 3517 1379 3589; x_wconf 73' lang='lat' dir='ltr'><strong>bleranorum,</strong></span> <span class='ocrx_word' id='word_1_454' title='bbox 1392 3519 1596 3576; x_wconf 81' lang='lat' dir='ltr'><strong>Seianorum:</strong></span> <span class='ocrx_word' id='word_1_455' title='bbox 1614 3525 1790 3592; x_wconf 82' lang='lat' dir='ltr'><strong>potestatem</strong></span> <span class='ocrx_word' id='word_1_456' title='bbox 1806 3521 1841 3578; x_wconf 89' lang='lat' dir='ltr'><strong>ti·</strong></span> 
     </span>
     <span class='ocr_line' id='line_1_40' title="bbox 1048 3607 1840 3684; baseline 0.006 -21"><span class='ocrx_word' id='word_1_457' title='bbox 1048 3607 1115 3664; x_wconf 82' lang='lat' dir='ltr'><strong>bere</strong></span> <span class='ocrx_word' id='word_1_458' title='bbox 1124 3607 1318 3678; x_wconf 77' lang='lat' dir='ltr'><strong>predicandi</strong></span> <span class='ocrx_word' id='word_1_459' title='bbox 1329 3623 1385 3679; x_wconf 79' lang='lat' dir='ltr'><strong>per·</strong></span> <span class='ocrx_word' id='word_1_460' title='bbox 1406 3623 1505 3666; x_wconf 83' lang='lat' dir='ltr'><strong>omncs</strong></span> <span class='ocrx_word' id='word_1_461' title='bbox 1532 3609 1711 3667; x_wconf 74' lang='lat' dir='ltr'><strong>Seianorum</strong></span> <span class='ocrx_word' id='word_1_462' title='bbox 1730 3615 1840 3684; x_wconf 72' lang='lat' dir='ltr'><strong>ter-ras,</strong></span> 
     </span>
    </p>
   </div>
   <div class='ocr_carea' id='block_1_13' title="bbox 412 3659 1778 3853">
    <p class='ocr_par' dir='ltr' id='par_1_18' title="bbox 412 3659 1841 3853">
     <span class='ocr_line' id='line_1_41' title="bbox 412 3659 1778 3712; baseline -0.037 -12"><span class='ocrx_word' id='word_1_463' title='bbox 412 3659 513 3700; x_wconf 77' lang='lat' dir='ltr'><strong>NIFACll</strong></span> <span class='ocrx_word' id='word_1_464' title='bbox 530 3659 669 3700; x_wconf 67' lang='lat' dir='ltr'><strong>aununtiet.</strong></span> <span class='ocrx_word' id='word_1_465' title='bbox 1090 3697 1096 3709; x_wconf 41' lang='lat'><em>⁰</em></span> <span class='ocrx_word' id='word_1_466' title='bbox 1225 3697 1262 3710; x_wconf 47' lang='grc' dir='ltr'><strong>Ι·</strong></span> <span class='ocrx_word' id='word_1_467' title='bbox 1346 3699 1351 3709; x_wconf 51' lang='grc' dir='ltr'>Ι</span> <span class='ocrx_word' id='word_1_468' title='bbox 1442 3699 1447 3710; x_wconf 40' lang='lat'><strong>¹</strong></span> <span class='ocrx_word' id='word_1_469' title='bbox 1559 3699 1564 3711; x_wconf 49' lang='grc' dir='ltr'>Ι</span> <span class='ocrx_word' id='word_1_470' title='bbox 1773 3699 1778 3712; x_wconf 45' lang='grc' dir='ltr'>Ι</span> 
     </span>
     <span class='ocr_line' id='line_1_42' title="bbox 447 3696 1456 3853; baseline -0.032 13"><span class='ocrx_word' id='word_1_471' title='bbox 447 3750 545 3822; x_wconf 64' lang='lat' dir='ltr'><strong>ee</strong></span> <span class='ocrx_word' id='word_1_472' title='bbox 560 3752 635 3821; x_wconf 73' lang='lat'><strong>...</strong></span> <span class='ocrx_word' id='word_1_473' title='bbox 1046 3696 1456 3853; x_wconf 64' lang='lat' dir='ltr'><strong>attentanti</strong></span> 
     </span>
    </p>
   </div>
   <div class='ocr_carea' id='block_1_14' title="bbox 127 3856 1843 4839">
    <p class='ocr_par' dir='ltr' id='par_1_19' title="bbox 127 3856 1842 4216">
     <span class='ocr_line' id='line_1_43' title="bbox 127 3856 1700 3947; baseline 0.01 -31"><span class='ocrx_word' id='word_1_474' title='bbox 127 3857 305 3916; x_wconf 83' lang='lat' dir='ltr'><strong>Monosterii</strong></span> <span class='ocrx_word' id='word_1_475' title='bbox 314 3856 484 3927; x_wconf 71' lang='lat' dir='ltr'><strong>Euidentes,</strong></span> <span class='ocrx_word' id='word_1_476' title='bbox 500 3877 514 3906; x_wconf 78' lang='lat' dir='ltr'><strong>a</strong></span> <span class='ocrx_word' id='word_1_477' title='bbox 527 3857 644 3912; x_wconf 75' lang='lat' dir='ltr'><strong>nouder</strong></span> <span class='ocrx_word' id='word_1_478' title='bbox 657 3856 794 3914; x_wconf 84' lang='lat' dir='ltr'><strong>renouati</strong></span> <span class='ocrx_word' id='word_1_479' title='bbox 807 3877 822 3906; x_wconf 78' lang='lat' dir='ltr'><strong>n</strong></span> <span class='ocrx_word' id='word_1_480' title='bbox 837 3856 958 3926; x_wconf 73' lang='lat' dir='ltr'><strong>privile-</strong></span> <span class='ocrx_word' id='word_1_481' title='bbox 1154 3870 1253 3944; x_wconf 80' lang='lat' dir='ltr'><strong>[iipud</strong></span> <span class='ocrx_word' id='word_1_482' title='bbox 1267 3871 1369 3943; x_wconf 69' lang='lat' dir='ltr'><strong>nansi,</strong></span> <span class='ocrx_word' id='word_1_483' title='bbox 1384 3873 1498 3930; x_wconf 74' lang='lat' dir='ltr'><strong>concii.</strong></span> <span class='ocrx_word' id='word_1_484' title='bbox 1513 3875 1609 3944; x_wconf 89' lang='lat' dir='ltr'><strong>ltVlll,</strong></span> <span class='ocrx_word' id='word_1_485' title='bbox 1624 3875 1700 3947; x_wconf 78' lang='lat' dir='ltr'><strong>tobi.</strong></span> 
     </span>
     <span class='ocr_line' id='line_1_44' title="bbox 421 3944 1842 4034; baseline 0.004 -18"><span class='ocrx_word' id='word_1_486' title='bbox 421 3945 473 4016; x_wconf 63' lang='lat' dir='ltr'><strong>tia</strong></span> <span class='ocrx_word' id='word_1_487' title='bbox 503 3944 672 4012; x_wconf 75' lang='lat' dir='ltr'><strong>confirmat.</strong></span> <span class='ocrx_word' id='word_1_488' title='bbox 1046 3962 1196 4017; x_wconf 76' lang='lat' dir='ltr'><strong>daremus</strong></span> <span class='ocrx_word' id='word_1_489' title='bbox 1208 3959 1379 4034; x_wconf 86' lang='lat' dir='ltr'><strong>episcopus,</strong></span> <span class='ocrx_word' id='word_1_490' title='bbox 1400 3977 1505 4018; x_wconf 84' lang='lat' dir='ltr'><strong>servus</strong></span> <span class='ocrx_word' id='word_1_491' title='bbox 1519 3977 1674 4020; x_wconf 83' lang='lat' dir='ltr'><strong>servorum</strong></span> <span class='ocrx_word' id='word_1_492' title='bbox 1687 3963 1748 4033; x_wconf 85' lang='lat' dir='ltr'><strong>llei,</strong></span> <span class='ocrx_word' id='word_1_493' title='bbox 1758 3964 1842 4022; x_wconf 85' lang='lat' dir='ltr'><strong>fratri</strong></span> 
     </span>
     <span class='ocr_line' id='line_1_45' title="bbox 218 4046 1841 4125; baseline 0.002 -16"><span class='ocrx_word' id='word_1_494' title='bbox 218 4051 358 4125; x_wconf 70' lang='lat' dir='ltr'><strong>[tironiae</strong></span> <span class='ocrx_word' id='word_1_495' title='bbox 375 4051 476 4109; x_wconf 77' lang='lat' dir='ltr'><strong>Codex</strong></span> <span class='ocrx_word' id='word_1_496' title='bbox 490 4051 614 4122; x_wconf 84' lang='lat' dir='ltr'><strong>diplom.</strong></span> <span class='ocrx_word' id='word_1_497' title='bbox 629 4050 732 4120; x_wconf 69' lang='lat' dir='ltr'><strong>Falci,</strong></span> <span class='ocrx_word' id='word_1_498' title='bbox 748 4066 779 4124; x_wconf 93' lang='lat' dir='ltr'><strong>p.</strong></span> <span class='ocrx_word' id='word_1_499' title='bbox 795 4051 867 4122; x_wconf 75' lang='lat' dir='ltr'><strong>tibi.</strong></span> <span class='ocrx_word' id='word_1_500' title='bbox 1011 4046 1205 4104; x_wconf 89' lang='lat' dir='ltr'><strong>dilectissimo</strong></span> <span class='ocrx_word' id='word_1_501' title='bbox 1233 4052 1263 4105; x_wconf 92' lang='lat' dir='ltr'><strong>et</strong></span> <span class='ocrx_word' id='word_1_502' title='bbox 1287 4050 1536 4108; x_wconf 83' lang='lat' dir='ltr'><strong>reverendissimo</strong></span> <span class='ocrx_word' id='word_1_503' title='bbox 1564 4053 1697 4110; x_wconf 78' lang='lat' dir='ltr'><strong>Gaurano</strong></span> <span class='ocrx_word' id='word_1_504' title='bbox 1729 4057 1841 4112; x_wconf 77' lang='lat' dir='ltr'><strong>sancta</strong></span> 
     </span>
     <span class='ocr_line' id='line_1_46' title="bbox 164 4135 1841 4216; baseline 0 -16"><span class='ocrx_word' id='word_1_505' title='bbox 164 4148 311 4200; x_wconf 76' lang='lat' dir='ltr'><strong>narraras</strong></span> <span class='ocrx_word' id='word_1_506' title='bbox 326 4142 497 4216; x_wconf 89' lang='lat' dir='ltr'><strong>episcopus,</strong></span> <span class='ocrx_word' id='word_1_507' title='bbox 511 4155 615 4197; x_wconf 88' lang='lat' dir='ltr'><strong>servus</strong></span> <span class='ocrx_word' id='word_1_508' title='bbox 634 4156 790 4197; x_wconf 81' lang='lat' dir='ltr'><strong>serrorum</strong></span> <span class='ocrx_word' id='word_1_509' title='bbox 815 4140 875 4210; x_wconf 84' lang='lat' dir='ltr'><strong>liei,</strong></span> <span class='ocrx_word' id='word_1_510' title='bbox 903 4142 959 4196; x_wconf 81' lang='lat' dir='ltr'><strong>tli-</strong></span> <span class='ocrx_word' id='word_1_511' title='bbox 1013 4135 1224 4194; x_wconf 75' lang='lat' dir='ltr'><strong>laureacensis</strong></span> <span class='ocrx_word' id='word_1_512' title='bbox 1254 4136 1391 4196; x_wconf 80' lang='lat' dir='ltr'><strong>Ecclesia</strong></span> <span class='ocrx_word' id='word_1_513' title='bbox 1416 4139 1653 4216; x_wconf 86' lang='lat' dir='ltr'><strong>archiepiscopo,</strong></span> <span class='ocrx_word' id='word_1_514' title='bbox 1675 4141 1707 4199; x_wconf 89' lang='lat' dir='ltr'><strong>in</strong></span> <span class='ocrx_word' id='word_1_515' title='bbox 1726 4142 1841 4201; x_wconf 83' lang='lat' dir='ltr'><strong>Christo</strong></span> 
     </span>
    </p>

    <p class='ocr_par' dir='ltr' id='par_1_20' title="bbox 130 4224 1150 4303">
     <span class='ocr_line' id='line_1_47' title="bbox 130 4224 1150 4303; baseline -0.007 -14"><span class='ocrx_word' id='word_1_516' title='bbox 130 4248 243 4290; x_wconf 76' lang='lat' dir='ltr'><strong>nisano</strong></span> <span class='ocrx_word' id='word_1_517' title='bbox 256 4229 421 4289; x_wconf 84' lang='lat' dir='ltr'><strong>venerabili</strong></span> <span class='ocrx_word' id='word_1_518' title='bbox 431 4229 535 4287; x_wconf 90' lang='lat' dir='ltr'><strong>abbati</strong></span> <span class='ocrx_word' id='word_1_519' title='bbox 549 4234 578 4286; x_wconf 86' lang='lat' dir='ltr'><strong>et</strong></span> <span class='ocrx_word' id='word_1_520' title='bbox 586 4245 640 4303; x_wconf 93' lang='lat' dir='ltr'><strong>per</strong></span> <span class='ocrx_word' id='word_1_521' title='bbox 651 4245 722 4286; x_wconf 89' lang='lat' dir='ltr'><strong>eum</strong></span> <span class='ocrx_word' id='word_1_522' title='bbox 731 4228 762 4286; x_wconf 95' lang='lat' dir='ltr'><strong>in</strong></span> <span class='ocrx_word' id='word_1_523' title='bbox 775 4229 958 4286; x_wconf 88' lang='lat' dir='ltr'><strong>monasterio</strong></span> <span class='ocrx_word' id='word_1_524' title='bbox 1013 4224 1150 4282; x_wconf 90' lang='lat' dir='ltr'><strong>salutem.</strong></span> 
     </span>
    </p>

    <p class='ocr_par' dir='ltr' id='par_1_21' title="bbox 128 4311 1843 4839">
     <span class='ocr_line' id='line_1_48' title="bbox 130 4311 1841 4394; baseline -0.001 -14"><span class='ocrx_word' id='word_1_525' title='bbox 130 4339 148 4380; x_wconf 92' lang='lat' dir='ltr'><strong>a</strong></span> <span class='ocrx_word' id='word_1_526' title='bbox 162 4325 266 4379; x_wconf 89' lang='lat' dir='ltr'><strong>sancto</strong></span> <span class='ocrx_word' id='word_1_527' title='bbox 280 4319 433 4378; x_wconf 87' lang='lat' dir='ltr'><strong>Bonitacio</strong></span> <span class='ocrx_word' id='word_1_528' title='bbox 451 4319 590 4394; x_wconf 89' lang='lat' dir='ltr'><strong>primitus</strong></span> <span class='ocrx_word' id='word_1_529' title='bbox 604 4322 774 4376; x_wconf 87' lang='lat' dir='ltr'><strong>constructo</strong></span> <span class='ocrx_word' id='word_1_530' title='bbox 789 4321 879 4392; x_wconf 90' lang='lat' dir='ltr'><strong>atque</strong></span> <span class='ocrx_word' id='word_1_531' title='bbox 902 4335 957 4376; x_wconf 91' lang='lat' dir='ltr'><strong>no·</strong></span> <span class='ocrx_word' id='word_1_532' title='bbox 1048 4313 1203 4372; x_wconf 80' lang='lat' dir='ltr'><strong>Peuucnes</strong></span> <span class='ocrx_word' id='word_1_533' title='bbox 1218 4318 1285 4372; x_wconf 87' lang='lat' dir='ltr'><strong>tuas</strong></span> <span class='ocrx_word' id='word_1_534' title='bbox 1299 4331 1354 4390; x_wconf 91' lang='lat' dir='ltr'><strong>pro</strong></span> <span class='ocrx_word' id='word_1_535' title='bbox 1368 4318 1550 4376; x_wconf 85' lang='lat' dir='ltr'><strong>renovandis</strong></span> <span class='ocrx_word' id='word_1_536' title='bbox 1563 4311 1624 4376; x_wconf 83' lang='lat' dir='ltr'><strong>sive</strong></span> <span class='ocrx_word' id='word_1_537' title='bbox 1635 4319 1841 4394; x_wconf 85' lang='lat' dir='ltr'><strong>approbandis</strong></span> 
     </span>
     <span class='ocr_line' id='line_1_49' title="bbox 128 4402 1842 4482; baseline -0.001 -15"><span class='ocrx_word' id='word_1_538' title='bbox 128 4411 203 4467; x_wconf 78' lang='lat' dir='ltr'><strong>ulter</strong></span> <span class='ocrx_word' id='word_1_539' title='bbox 216 4413 360 4468; x_wconf 84' lang='lat' dir='ltr'><strong>renovato</strong></span> <span class='ocrx_word' id='word_1_540' title='bbox 375 4407 498 4482; x_wconf 91' lang='lat' dir='ltr'><strong>suisque</strong></span> <span class='ocrx_word' id='word_1_541' title='bbox 513 4405 739 4464; x_wconf 87' lang='lat' dir='ltr'><strong>successoribus</strong></span> <span class='ocrx_word' id='word_1_542' title='bbox 754 4405 957 4464; x_wconf 90' lang='lat' dir='ltr'><strong>abbatibusin</strong></span> <span class='ocrx_word' id='word_1_543' title='bbox 1013 4402 1151 4461; x_wconf 77' lang='lat' dir='ltr'><strong>Ecclesia</strong></span> <span class='ocrx_word' id='word_1_544' title='bbox 1177 4407 1236 4461; x_wconf 72' lang='lat' dir='ltr'><strong>tuae</strong></span> <span class='ocrx_word' id='word_1_545' title='bbox 1263 4404 1450 4478; x_wconf 87' lang='lat' dir='ltr'><strong>privilegiis,</strong></span> <span class='ocrx_word' id='word_1_546' title='bbox 1483 4408 1661 4466; x_wconf 81' lang='lat' dir='ltr'><strong>venerabilis</strong></span> <span class='ocrx_word' id='word_1_547' title='bbox 1689 4409 1842 4468; x_wconf 83' lang='lat' dir='ltr'><strong>Euldensis</strong></span> 
     </span>
     <span class='ocr_line' id='line_1_50' title="bbox 128 4493 1841 4574; baseline 0.001 -18"><span class='ocrx_word' id='word_1_548' title='bbox 128 4504 319 4574; x_wconf 91' lang='lat' dir='ltr'><strong>perpetuum.</strong></span> <span class='ocrx_word' id='word_1_549' title='bbox 622 4563 627 4568; x_wconf 31' lang='lat'>¹</span> <span class='ocrx_word' id='word_1_550' title='bbox 1012 4493 1188 4550; x_wconf 91' lang='lat' dir='ltr'><strong>monasterii</strong></span> <span class='ocrx_word' id='word_1_551' title='bbox 1200 4493 1297 4553; x_wconf 90' lang='lat' dir='ltr'><strong>abbas</strong></span> <span class='ocrx_word' id='word_1_552' title='bbox 1313 4496 1508 4566; x_wconf 88' lang='lat' dir='ltr'><strong>llademarus,</strong></span> <span class='ocrx_word' id='word_1_553' title='bbox 1522 4498 1582 4554; x_wconf 92' lang='lat' dir='ltr'><strong>huc</strong></span> <span class='ocrx_word' id='word_1_554' title='bbox 1596 4499 1841 4557; x_wconf 89' lang='lat' dir='ltr'><strong>causaorationis</strong></span> 
     </span>
     <span class='ocr_line' id='line_1_51' title="bbox 166 4582 1841 4662; baseline -0.001 -17"><span class='ocrx_word' id='word_1_555' title='bbox 166 4588 314 4656; x_wconf 82' lang='lat' dir='ltr'><strong>Quoniam</strong></span> <span class='ocrx_word' id='word_1_556' title='bbox 328 4601 448 4660; x_wconf 86' lang='lat' dir='ltr'><strong>semper</strong></span> <span class='ocrx_word' id='word_1_557' title='bbox 461 4590 530 4642; x_wconf 92' lang='lat' dir='ltr'><strong>sunt</strong></span> <span class='ocrx_word' id='word_1_558' title='bbox 541 4583 736 4642; x_wconf 89' lang='lat' dir='ltr'><strong>concedenda</strong></span> <span class='ocrx_word' id='word_1_559' title='bbox 748 4600 816 4658; x_wconf 78' lang='lat' dir='ltr'><strong>qua</strong></span> <span class='ocrx_word' id='word_1_560' title='bbox 828 4585 958 4642; x_wconf 90' lang='lat' dir='ltr'><strong>rationa-</strong></span> <span class='ocrx_word' id='word_1_561' title='bbox 1012 4582 1146 4656; x_wconf 81' lang='lat' dir='ltr'><strong>ueniens,</strong></span> <span class='ocrx_word' id='word_1_562' title='bbox 1174 4600 1244 4640; x_wconf 91' lang='lat' dir='ltr'><strong>cum</strong></span> <span class='ocrx_word' id='word_1_563' title='bbox 1267 4600 1381 4656; x_wconf 88' lang='lat' dir='ltr'><strong>magna</strong></span> <span class='ocrx_word' id='word_1_564' title='bbox 1404 4585 1613 4644; x_wconf 85' lang='lat' dir='ltr'><strong>benevolentia</strong></span> <span class='ocrx_word' id='word_1_565' title='bbox 1628 4592 1738 4644; x_wconf 75' lang='lat' dir='ltr'><strong>nostra</strong></span> <span class='ocrx_word' id='word_1_566' title='bbox 1754 4603 1841 4662; x_wconf 83' lang='lat' dir='ltr'><strong>expe·</strong></span> 
     </span>
     <span class='ocr_line' id='line_1_52' title="bbox 128 4671 1841 4750; baseline -0.002 -15"><span class='ocrx_word' id='word_1_567' title='bbox 128 4679 240 4736; x_wconf 89' lang='lat' dir='ltr'><strong>bilibus</strong></span> <span class='ocrx_word' id='word_1_568' title='bbox 252 4681 422 4747; x_wconf 92' lang='lat' dir='ltr'><strong>congruunt</strong></span> <span class='ocrx_word' id='word_1_569' title='bbox 444 4673 610 4742; x_wconf 90' lang='lat' dir='ltr'><strong>desideriis,</strong></span> <span class='ocrx_word' id='word_1_570' title='bbox 634 4677 750 4748; x_wconf 87' lang='lat' dir='ltr'><strong>oportet</strong></span> <span class='ocrx_word' id='word_1_571' title='bbox 763 4677 797 4729; x_wconf 92' lang='lat' dir='ltr'><strong>ut</strong></span> <span class='ocrx_word' id='word_1_572' title='bbox 808 4672 958 4730; x_wconf 83' lang='lat' dir='ltr'><strong>devotioni</strong></span> <span class='ocrx_word' id='word_1_573' title='bbox 1012 4671 1124 4729; x_wconf 77' lang='lat' dir='ltr'><strong>nenhae</strong></span> <span class='ocrx_word' id='word_1_574' title='bbox 1139 4673 1296 4744; x_wconf 87' lang='lat' dir='ltr'><strong>suggessit,</strong></span> <span class='ocrx_word' id='word_1_575' title='bbox 1309 4673 1480 4748; x_wconf 89' lang='lat' dir='ltr'><strong>pariterque</strong></span> <span class='ocrx_word' id='word_1_576' title='bbox 1493 4675 1593 4747; x_wconf 89' lang='lat' dir='ltr'><strong>jurgia</strong></span> <span class='ocrx_word' id='word_1_577' title='bbox 1607 4679 1636 4732; x_wconf 92' lang='lat' dir='ltr'><strong>et</strong></span> <span class='ocrx_word' id='word_1_578' title='bbox 1654 4675 1841 4750; x_wconf 77' lang='lat' dir='ltr'><strong>disceptabo·</strong></span> 
     </span>
     <span class='ocr_line' id='line_1_53' title="bbox 130 4761 1843 4839; baseline -0.001 -14"><span class='ocrx_word' id='word_1_579' title='bbox 130 4767 292 4825; x_wconf 88' lang='lat' dir='ltr'><strong>conditoris</strong></span> <span class='ocrx_word' id='word_1_580' title='bbox 305 4766 362 4839; x_wconf 79' lang='lat' dir='ltr'><strong>pia</strong></span> <span class='ocrx_word' id='word_1_581' title='bbox 377 4764 605 4822; x_wconf 87' lang='lat' dir='ltr'><strong>constructionis</strong></span> <span class='ocrx_word' id='word_1_582' title='bbox 618 4763 780 4820; x_wconf 88' lang='lat' dir='ltr'><strong>auctoritas</strong></span> <span class='ocrx_word' id='word_1_583' title='bbox 792 4762 823 4818; x_wconf 91' lang='lat' dir='ltr'><strong>in</strong></span> <span class='ocrx_word' id='word_1_584' title='bbox 838 4761 958 4835; x_wconf 90' lang='lat' dir='ltr'><strong>privile·</strong></span> <span class='ocrx_word' id='word_1_585' title='bbox 1012 4777 1067 4817; x_wconf 91' lang='lat' dir='ltr'><strong>nes</strong></span> <span class='ocrx_word' id='word_1_586' title='bbox 1080 4761 1273 4832; x_wconf 88' lang='lat' dir='ltr'><strong>gravissimas</strong></span> <span class='ocrx_word' id='word_1_587' title='bbox 1287 4763 1363 4818; x_wconf 90' lang='lat' dir='ltr'><strong>inter</strong></span> <span class='ocrx_word' id='word_1_588' title='bbox 1378 4766 1404 4819; x_wconf 87' lang='lat' dir='ltr'><strong>te</strong></span> <span class='ocrx_word' id='word_1_589' title='bbox 1417 4767 1446 4820; x_wconf 91' lang='lat' dir='ltr'><strong>et</strong></span> <span class='ocrx_word' id='word_1_590' title='bbox 1460 4763 1623 4820; x_wconf 90' lang='lat' dir='ltr'><strong>Heroldum</strong></span> <span class='ocrx_word' id='word_1_591' title='bbox 1644 4765 1843 4838; x_wconf 88' lang='lat' dir='ltr'><strong>archiepisco·</strong></span> 
     </span>
    </p>
   </div>
   <div class='ocr_carea' id='block_1_15' title="bbox 127 3569 956 3613">
    <p class='ocr_par' dir='ltr' id='par_1_22' title="bbox 127 3569 956 3613">
     <span class='ocr_line' id='line_1_54' title="bbox 127 3569 956 3613; baseline -0.001 -2"><span class='ocrx_word' id='word_1_592' title='bbox 127 3571 245 3613; x_wconf 74' lang='lat' dir='ltr'><strong>nalem</strong></span> <span class='ocrx_word' id='word_1_593' title='bbox 264 3571 344 3613; x_wconf 73' lang='lat' dir='ltr'><strong>PAPE</strong></span> <span class='ocrx_word' id='word_1_594' title='bbox 363 3571 384 3612; x_wconf 90' lang='lat'><strong>11</strong></span> <span class='ocrx_word' id='word_1_595' title='bbox 402 3569 582 3612; x_wconf 76' lang='lat' dir='ltr'><strong>ealvtnacrurt</strong></span> <span class='ocrx_word' id='word_1_596' title='bbox 600 3569 654 3611; x_wconf 77' lang='lat' dir='ltr'><strong>Plio</strong></span> <span class='ocrx_word' id='word_1_597' title='bbox 674 3569 847 3613; x_wconf 79' lang='lat' dir='ltr'><strong>nonasrnttlo</strong></span> <span class='ocrx_word' id='word_1_598' title='bbox 867 3569 892 3611; x_wconf 81' lang='lat' dir='ltr'><strong>S·</strong></span> <span class='ocrx_word' id='word_1_599' title='bbox 909 3570 956 3611; x_wconf 78' lang='grc' dir='ltr'><strong>ΒΟ·</strong></span> 
     </span>
    </p>
   </div>
   <div class='ocr_carea' id='block_1_16' title="bbox 129 4850 1844 5643">
    <p class='ocr_par' dir='ltr' id='par_1_23' title="bbox 129 4850 1844 5643">
     <span class='ocr_line' id='line_1_55' title="bbox 130 4850 1844 4929; baseline -0.001 -16"><span class='ocrx_word' id='word_1_600' title='bbox 130 4858 185 4928; x_wconf 90' lang='lat' dir='ltr'><strong>giis</strong></span> <span class='ocrx_word' id='word_1_601' title='bbox 213 4853 390 4929; x_wconf 74' lang='lat' dir='ltr'><strong>praetendis</strong></span> <span class='ocrx_word' id='word_1_602' title='bbox 418 4852 542 4908; x_wconf 91' lang='lat' dir='ltr'><strong>minime</strong></span> <span class='ocrx_word' id='word_1_603' title='bbox 565 4851 738 4922; x_wconf 87' lang='lat' dir='ltr'><strong>denegetur.</strong></span> <span class='ocrx_word' id='word_1_604' title='bbox 769 4851 860 4922; x_wconf 91' lang='lat' dir='ltr'><strong>lgitur</strong></span> <span class='ocrx_word' id='word_1_605' title='bbox 887 4850 960 4924; x_wconf 89' lang='lat' dir='ltr'><strong>quia</strong></span> <span class='ocrx_word' id='word_1_606' title='bbox 1013 4865 1099 4922; x_wconf 93' lang='lat' dir='ltr'><strong>pum,</strong></span> <span class='ocrx_word' id='word_1_607' title='bbox 1113 4864 1167 4922; x_wconf 91' lang='lat' dir='ltr'><strong>pro</strong></span> <span class='ocrx_word' id='word_1_608' title='bbox 1178 4850 1316 4922; x_wconf 90' lang='lat' dir='ltr'><strong>utrinque</strong></span> <span class='ocrx_word' id='word_1_609' title='bbox 1329 4855 1469 4924; x_wconf 89' lang='lat' dir='ltr'><strong>suscepta</strong></span> <span class='ocrx_word' id='word_1_610' title='bbox 1484 4851 1516 4908; x_wconf 93' lang='lat' dir='ltr'><strong>in</strong></span> <span class='ocrx_word' id='word_1_611' title='bbox 1527 4868 1587 4909; x_wconf 92' lang='lat' dir='ltr'><strong>una</strong></span> <span class='ocrx_word' id='word_1_612' title='bbox 1598 4853 1751 4925; x_wconf 89' lang='lat' dir='ltr'><strong>provincia</strong></span> <span class='ocrx_word' id='word_1_613' title='bbox 1760 4853 1844 4928; x_wconf 88' lang='lat' dir='ltr'><strong>pallii</strong></span> 
     </span>
     <span class='ocr_line' id='line_1_56' title="bbox 129 4937 1844 5021; baseline -0.001 -18"><span class='ocrx_word' id='word_1_614' title='bbox 129 4945 287 5021; x_wconf 91' lang='lat' dir='ltr'><strong>postulasti</strong></span> <span class='ocrx_word' id='word_1_615' title='bbox 303 4960 321 5001; x_wconf 97' lang='lat' dir='ltr'><strong>a</strong></span> <span class='ocrx_word' id='word_1_616' title='bbox 335 4943 431 5008; x_wconf 43' lang='lat' dir='ltr'><strong>nobis,</strong></span> <span class='ocrx_word' id='word_1_617' title='bbox 449 4947 597 5015; x_wconf 89' lang='lat' dir='ltr'><strong>quatenus</strong></span> <span class='ocrx_word' id='word_1_618' title='bbox 619 4941 835 4998; x_wconf 88' lang='lat' dir='ltr'><strong>monasterium</strong></span> <span class='ocrx_word' id='word_1_619' title='bbox 856 4940 959 4998; x_wconf 91' lang='lat' dir='ltr'><strong>Salva·</strong></span> <span class='ocrx_word' id='word_1_620' title='bbox 1013 4938 1187 4996; x_wconf 87' lang='lat' dir='ltr'><strong>auctoritate</strong></span> <span class='ocrx_word' id='word_1_621' title='bbox 1215 4943 1344 5012; x_wconf 85' lang='lat' dir='ltr'><strong>exortas,</strong></span> <span class='ocrx_word' id='word_1_622' title='bbox 1369 4937 1504 4997; x_wconf 89' lang='lat' dir='ltr'><strong>llebiliter</strong></span> <span class='ocrx_word' id='word_1_623' title='bbox 1528 4942 1673 5000; x_wconf 85' lang='lat' dir='ltr'><strong>nuntiavit</strong></span> <span class='ocrx_word' id='word_1_624' title='bbox 1689 4961 1695 5000; x_wconf 92' lang='lat'>:</span> <span class='ocrx_word' id='word_1_625' title='bbox 1712 4943 1797 5017; x_wconf 91' lang='lat' dir='ltr'><strong>quod</strong></span> <span class='ocrx_word' id='word_1_626' title='bbox 1815 4947 1844 5000; x_wconf 91' lang='lat' dir='ltr'><strong>et</strong></span> 
     </span>
     <span class='ocr_line' id='line_1_57' title="bbox 130 5027 1843 5102; baseline -0.002 -9"><span class='ocrx_word' id='word_1_627' title='bbox 130 5035 202 5094; x_wconf 89' lang='lat' dir='ltr'><strong>toris</strong></span> <span class='ocrx_word' id='word_1_628' title='bbox 215 5038 348 5092; x_wconf 89' lang='lat' dir='ltr'><strong>asancto</strong></span> <span class='ocrx_word' id='word_1_629' title='bbox 363 5029 513 5088; x_wconf 86' lang='lat' dir='ltr'><strong>Bonilacio</strong></span> <span class='ocrx_word' id='word_1_630' title='bbox 528 5027 665 5101; x_wconf 89' lang='lat' dir='ltr'><strong>primitus</strong></span> <span class='ocrx_word' id='word_1_631' title='bbox 679 5033 884 5086; x_wconf 90' lang='lat' dir='ltr'><strong>constructum</strong></span> <span class='ocrx_word' id='word_1_632' title='bbox 901 5035 959 5086; x_wconf 91' lang='lat' dir='ltr'><strong>eta</strong></span> <span class='ocrx_word' id='word_1_633' title='bbox 1013 5027 1071 5100; x_wconf 90' lang='lat' dir='ltr'><strong>ipsi</strong></span> <span class='ocrx_word' id='word_1_634' title='bbox 1086 5043 1122 5083; x_wconf 81' lang='lat' dir='ltr'><strong>ex</strong></span> <span class='ocrx_word' id='word_1_635' title='bbox 1134 5027 1234 5084; x_wconf 90' lang='lat' dir='ltr'><strong>debita</strong></span> <span class='ocrx_word' id='word_1_636' title='bbox 1248 5027 1391 5102; x_wconf 90' lang='lat' dir='ltr'><strong>pastorali</strong></span> <span class='ocrx_word' id='word_1_637' title='bbox 1407 5046 1479 5086; x_wconf 91' lang='lat' dir='ltr'><strong>cura</strong></span> <span class='ocrx_word' id='word_1_638' title='bbox 1493 5030 1587 5087; x_wconf 92' lang='lat' dir='ltr'><strong>nimio</strong></span> <span class='ocrx_word' id='word_1_639' title='bbox 1602 5031 1700 5089; x_wconf 91' lang='lat' dir='ltr'><strong>cordis</strong></span> <span class='ocrx_word' id='word_1_640' title='bbox 1715 5047 1843 5089; x_wconf 85' lang='lat' dir='ltr'><strong>moerore</strong></span> 
     </span>
     <span class='ocr_line' id='line_1_58' title="bbox 130 5116 1842 5193; baseline -0.005 -11"><span class='ocrx_word' id='word_1_641' title='bbox 130 5131 157 5182; x_wconf 93' lang='lat' dir='ltr'><strong>te</strong></span> <span class='ocrx_word' id='word_1_642' title='bbox 172 5123 288 5180; x_wconf 72' lang='lat' dir='ltr'><strong>novitm</strong></span> <span class='ocrx_word' id='word_1_643' title='bbox 301 5120 482 5179; x_wconf 73' lang='lat' dir='ltr'><strong>aedificatum</strong></span> <span class='ocrx_word' id='word_1_644' title='bbox 496 5118 527 5174; x_wconf 92' lang='lat' dir='ltr'><strong>in</strong></span> <span class='ocrx_word' id='word_1_645' title='bbox 541 5116 608 5173; x_wconf 92' lang='lat' dir='ltr'><strong>loco</strong></span> <span class='ocrx_word' id='word_1_646' title='bbox 628 5117 754 5174; x_wconf 88' lang='lat' dir='ltr'><strong>Boconis</strong></span> <span class='ocrx_word' id='word_1_647' title='bbox 769 5133 840 5188; x_wconf 87' lang='lat' dir='ltr'><strong>erga</strong></span> <span class='ocrx_word' id='word_1_648' title='bbox 860 5119 958 5192; x_wconf 92' lang='lat' dir='ltr'><strong>ripam</strong></span> <span class='ocrx_word' id='word_1_649' title='bbox 1013 5116 1162 5188; x_wconf 87' lang='lat' dir='ltr'><strong>dolemus,</strong></span> <span class='ocrx_word' id='word_1_650' title='bbox 1190 5116 1463 5193; x_wconf 86' lang='lat' dir='ltr'><strong>detestabiliterque</strong></span> <span class='ocrx_word' id='word_1_651' title='bbox 1487 5120 1695 5193; x_wconf 86' lang='lat' dir='ltr'><strong>profanamus.</strong></span> <span class='ocrx_word' id='word_1_652' title='bbox 1726 5119 1842 5191; x_wconf 86' lang='lat' dir='ltr'><strong>Quippe</strong></span> 
     </span>
     <span class='ocr_line' id='line_1_59' title="bbox 130 5204 1841 5282; baseline -0.003 -12"><span class='ocrx_word' id='word_1_653' title='bbox 130 5212 263 5270; x_wconf 90' lang='lat' dir='ltr'><strong>tluminis</strong></span> <span class='ocrx_word' id='word_1_654' title='bbox 278 5210 371 5268; x_wconf 82' lang='lat' dir='ltr'><strong>Fulda</strong></span> <span class='ocrx_word' id='word_1_655' title='bbox 390 5206 534 5282; x_wconf 87' lang='lat' dir='ltr'><strong>privilegii</strong></span> <span class='ocrx_word' id='word_1_656' title='bbox 558 5204 638 5262; x_wconf 90' lang='lat' dir='ltr'><strong>sedis</strong></span> <span class='ocrx_word' id='word_1_657' title='bbox 662 5205 833 5278; x_wconf 77' lang='lat' dir='ltr'><strong>apostolica</strong></span> <span class='ocrx_word' id='word_1_658' title='bbox 857 5205 959 5262; x_wconf 85' lang='lat' dir='ltr'><strong>intulis</strong></span> <span class='ocrx_word' id='word_1_659' title='bbox 1014 5211 1119 5262; x_wconf 90' lang='lat' dir='ltr'><strong>sancta</strong></span> <span class='ocrx_word' id='word_1_660' title='bbox 1142 5210 1171 5262; x_wconf 89' lang='lat' dir='ltr'><strong>et</strong></span> <span class='ocrx_word' id='word_1_661' title='bbox 1196 5207 1374 5264; x_wconf 86' lang='lat' dir='ltr'><strong>universalis</strong></span> <span class='ocrx_word' id='word_1_662' title='bbox 1404 5209 1546 5280; x_wconf 85' lang='lat' dir='ltr'><strong>Ecclesia,</strong></span> <span class='ocrx_word' id='word_1_663' title='bbox 1567 5209 1614 5265; x_wconf 91' lang='lat' dir='ltr'><strong>cui</strong></span> <span class='ocrx_word' id='word_1_664' title='bbox 1641 5213 1762 5264; x_wconf 90' lang='lat' dir='ltr'><strong>auctore</strong></span> <span class='ocrx_word' id='word_1_665' title='bbox 1781 5208 1841 5265; x_wconf 88' lang='lat' dir='ltr'><strong>Dee</strong></span> 
     </span>
     <span class='ocr_line' id='line_1_60' title="bbox 129 5294 1843 5370; baseline -0.004 -11"><span class='ocrx_word' id='word_1_666' title='bbox 129 5303 326 5359; x_wconf 89' lang='lat' dir='ltr'><strong>decoreturet</strong></span> <span class='ocrx_word' id='word_1_667' title='bbox 341 5298 398 5356; x_wconf 86' lang='lat' dir='ltr'><strong>sub</strong></span> <span class='ocrx_word' id='word_1_668' title='bbox 408 5295 615 5369; x_wconf 83' lang='lat' dir='ltr'><strong>jurisdictione</strong></span> <span class='ocrx_word' id='word_1_669' title='bbox 634 5298 736 5350; x_wconf 87' lang='lat' dir='ltr'><strong>nostra</strong></span> <span class='ocrx_word' id='word_1_670' title='bbox 758 5296 816 5350; x_wconf 87' lang='lat' dir='ltr'><strong>Deo</strong></span> <span class='ocrx_word' id='word_1_671' title='bbox 839 5299 959 5352; x_wconf 88' lang='lat' dir='ltr'><strong>auctora</strong></span> <span class='ocrx_word' id='word_1_672' title='bbox 1013 5294 1402 5368; x_wconf 79' lang='lat' dir='ltr'><strong>praesidemus‚areligiosls</strong></span> <span class='ocrx_word' id='word_1_673' title='bbox 1413 5303 1502 5370; x_wconf 90' lang='lat' dir='ltr'><strong>atque</strong></span> <span class='ocrx_word' id='word_1_674' title='bbox 1513 5297 1626 5370; x_wconf 92' lang='lat' dir='ltr'><strong>pacatis</strong></span> <span class='ocrx_word' id='word_1_675' title='bbox 1636 5295 1843 5354; x_wconf 80' lang='lat' dir='ltr'><strong>sacerdotibus</strong></span> 
     </span>
     <span class='ocr_line' id='line_1_61' title="bbox 130 5380 1843 5458; baseline -0.003 -11"><span class='ocrx_word' id='word_1_676' title='bbox 130 5392 178 5447; x_wconf 93' lang='lat' dir='ltr'><strong>cui</strong></span> <span class='ocrx_word' id='word_1_677' title='bbox 192 5389 377 5446; x_wconf 86' lang='lat' dir='ltr'><strong>deservimus</strong></span> <span class='ocrx_word' id='word_1_678' title='bbox 392 5383 528 5441; x_wconf 76' lang='lat' dir='ltr'><strong>Ecclesiae</strong></span> <span class='ocrx_word' id='word_1_679' title='bbox 544 5384 737 5440; x_wconf 87' lang='lat' dir='ltr'><strong>constitutum</strong></span> <span class='ocrx_word' id='word_1_680' title='bbox 752 5380 863 5437; x_wconf 80' lang='lat' dir='ltr'><strong>ntillius</strong></span> <span class='ocrx_word' id='word_1_681' title='bbox 887 5381 959 5439; x_wconf 90' lang='lat' dir='ltr'><strong>alte·</strong></span> <span class='ocrx_word' id='word_1_682' title='bbox 1015 5383 1086 5452; x_wconf 88' lang='lat' dir='ltr'><strong>suis,</strong></span> <span class='ocrx_word' id='word_1_683' title='bbox 1103 5385 1175 5442; x_wconf 91' lang='lat' dir='ltr'><strong>etin</strong></span> <span class='ocrx_word' id='word_1_684' title='bbox 1189 5385 1332 5456; x_wconf 77' lang='lat' dir='ltr'><strong>charitate</strong></span> <span class='ocrx_word' id='word_1_685' title='bbox 1348 5403 1407 5442; x_wconf 91' lang='lat' dir='ltr'><strong>non</strong></span> <span class='ocrx_word' id='word_1_686' title='bbox 1420 5385 1490 5442; x_wconf 89' lang='lat' dir='ltr'><strong>licta</strong></span> <span class='ocrx_word' id='word_1_687' title='bbox 1505 5383 1648 5452; x_wconf 87' lang='lat' dir='ltr'><strong>solidatis,</strong></span> <span class='ocrx_word' id='word_1_688' title='bbox 1675 5384 1762 5458; x_wconf 91' lang='lat' dir='ltr'><strong>quasi</strong></span> <span class='ocrx_word' id='word_1_689' title='bbox 1778 5385 1843 5443; x_wconf 91' lang='lat' dir='ltr'><strong>toti-</strong></span> 
     </span>
     <span class='ocr_line' id='line_1_62' title="bbox 130 5469 1843 5547; baseline -0.004 -10"><span class='ocrx_word' id='word_1_690' title='bbox 130 5480 192 5536; x_wconf 90' lang='lat' dir='ltr'><strong>rius</strong></span> <span class='ocrx_word' id='word_1_691' title='bbox 206 5477 341 5536; x_wconf 75' lang='lat' dir='ltr'><strong>Ecclesia</strong></span> <span class='ocrx_word' id='word_1_692' title='bbox 354 5472 596 5547; x_wconf 87' lang='lat' dir='ltr'><strong>juridictionibus</strong></span> <span class='ocrx_word' id='word_1_693' title='bbox 613 5469 826 5527; x_wconf 90' lang='lat' dir='ltr'><strong>submittatur:</strong></span> <span class='ocrx_word' id='word_1_694' title='bbox 847 5469 959 5527; x_wconf 89' lang='lat' dir='ltr'><strong>idcirco</strong></span> <span class='ocrx_word' id='word_1_695' title='bbox 1014 5472 1084 5529; x_wconf 92' lang='lat' dir='ltr'><strong>dem</strong></span> <span class='ocrx_word' id='word_1_696' title='bbox 1099 5473 1246 5531; x_wconf 90' lang='lat' dir='ltr'><strong>columnis</strong></span> <span class='ocrx_word' id='word_1_697' title='bbox 1259 5474 1357 5530; x_wconf 90' lang='lat' dir='ltr'><strong>innisa</strong></span> <span class='ocrx_word' id='word_1_698' title='bbox 1372 5471 1508 5540; x_wconf 78' lang='lat' dir='ltr'><strong>fulcitur3</strong></span> <span class='ocrx_word' id='word_1_699' title='bbox 1532 5471 1775 5530; x_wconf 89' lang='lat' dir='ltr'><strong>discordantibus</strong></span> <span class='ocrx_word' id='word_1_700' title='bbox 1791 5491 1843 5531; x_wconf 90' lang='lat' dir='ltr'><strong>au·</strong></span> 
     </span>
     <span class='ocr_line' id='line_1_63' title="bbox 130 5560 1842 5643; baseline -0.003 -16"><span class='ocrx_word' id='word_1_701' title='bbox 130 5569 188 5643; x_wconf 88' lang='lat' dir='ltr'><strong>piis</strong></span> <span class='ocrx_word' id='word_1_702' title='bbox 201 5565 356 5626; x_wconf 89' lang='lat' dir='ltr'><strong>desideriis</strong></span> <span class='ocrx_word' id='word_1_703' title='bbox 370 5563 503 5620; x_wconf 86' lang='lat' dir='ltr'><strong>inventes</strong></span> <span class='ocrx_word' id='word_1_704' title='bbox 526 5563 583 5618; x_wconf 92' lang='lat' dir='ltr'><strong>hac</strong></span> <span class='ocrx_word' id='word_1_705' title='bbox 607 5565 711 5618; x_wconf 90' lang='lat' dir='ltr'><strong>nostra</strong></span> <span class='ocrx_word' id='word_1_706' title='bbox 738 5560 913 5618; x_wconf 88' lang='lat' dir='ltr'><strong>auctoritate</strong></span> <span class='ocrx_word' id='word_1_707' title='bbox 927 5560 958 5618; x_wconf 89' lang='lat' dir='ltr'><strong>id</strong></span> <span class='ocrx_word' id='word_1_708' title='bbox 1016 5566 1117 5622; x_wconf 66' lang='lat' dir='ltr'><strong>mmet</strong></span> <span class='ocrx_word' id='word_1_709' title='bbox 1138 5564 1301 5622; x_wconf 86' lang='lat' dir='ltr'><strong>adversum</strong></span> <span class='ocrx_word' id='word_1_710' title='bbox 1323 5579 1354 5618; x_wconf 91' lang='lat' dir='ltr'><strong>se</strong></span> <span class='ocrx_word' id='word_1_711' title='bbox 1382 5560 1525 5622; x_wconf 85' lang='lat' dir='ltr'><strong>hostiliter</strong></span> <span class='ocrx_word' id='word_1_712' title='bbox 1552 5561 1676 5622; x_wconf 86' lang='lat' dir='ltr'><strong>inflante</strong></span> <span class='ocrx_word' id='word_1_713' title='bbox 1702 5562 1842 5636; x_wconf 84' lang='lat' dir='ltr'><strong>superbia</strong></span> 
     </span>
    </p>
   </div>
   <div class='ocr_carea' id='block_1_17' title="bbox 0 0 2066 6148">
    <p class='ocr_par' dir='ltr' id='par_1_24' title="bbox 0 0 2066 6148">
     <span class='ocr_line' id='line_1_64' title="bbox 0 0 2066 6148; baseline 0 0"><span class='ocrx_word' id='word_1_714' title='bbox 0 0 2066 6148; x_wconf 95' lang='lat' dir='ltr'><strong> </strong></span> 
     </span>
    </p>
   </div>
  </div>
 </body>
</html>
