4110 6138
101 139 154 196 rec
506 137 508 142 ⁴
734 139 918 199 croscus
936 140 982 198 ua
1001 141 1142 200 susim.
1757 160 1811 216 770

101 261 269 364 antiphona
277 261 438 364 pequebas
446 261 531 336 tertii,
539 260 809 336 nequeillasbabet
818 261 928 336 quarti,
943 267 967 321 Α
983 279 1078 337 quam
1089 279 1210 322 veraces
1218 264 1410 328 inveniuntur
1419 271 1487 330 libri
1500 273 1633 334 maxime
1643 277 1717 336 dum
1730 295 1810 355 saepe

102 352 157 410 sed
176 367 207 409 rn
222 351 371 410 decrmac
389 351 523 426 incipiat,
537 354 585 409 ut:
608 351 678 408 Vivo
690 366 753 424 epo,
767 351 814 408 vel
825 367 929 408 secun
985 367 1015 408 ru
1029 368 1134 410 eorum
1159 353 1370 414 emendatione
1381 358 1556 434 laboretur;
1580 366 1687 424 musici
1709 373 1810 428 autem

101 443 174 499 dam
188 457 310 542 ⁸nouam
335 443 386 498 ut:
411 441 489 498 Ecce
502 440 648 514 quomodo
670 441 837 512 computati
848 445 929 510 suot,
983 441 1129 516 perpauci
1150 441 1350 514 inveniuntur,
1374 450 1403 504 ct
1416 463 1470 521 per
1483 452 1578 511 multa
1595 453 1660 527 iam
1675 459 1813 531 tempora

101 529 233 604 amphus
254 528 366 600 diligat,
382 528 457 587 tertii
484 528 538 586 erit
559 526 666 599 modi;
688 527 762 587 alias
776 528 808 586 in
822 531 931 603 quarto
985 528 1195 603 antiphonaria
1215 532 1377 592 emendata
1399 549 1462 593 non
1483 545 1571 598 sunt:
1597 557 1660 602 non
1680 549 1727 603 ast
1739 561 1772 602 er

101 623 240 696 ponetur,
254 618 279 674 si
293 617 359 691 eius
373 616 509 676 formulae
523 615 706 675 differentias
720 617 862 675 imitatur.
875 615 932 674 Vo-
986 616 1107 686 mirum,
1123 617 1193 676 siin
1207 620 1308 680 multis
1326 621 1400 682 locis
1420 623 1533 684 falsitas
1547 629 1716 692 inveniatur
1737 561 1812 692 'ittera‘3

102 710 168 768 lunt
181 711 283 766 autem
295 705 420 782 quidam
434 711 542 782 quarto
551 706 644 765 modo
654 706 695 765 ad
704 705 932 764 similitudinem
986 710 1061 774 tum,
1076 723 1192 782 precor,
1207 709 1343 782 segidam
1358 715 1387 770 et
1398 727 1593 774 communem
1607 736 1697 780 usum
1709 738 1812 796 prose·

103 797 178 858 tertii
192 795 358 854 secundam
380 811 495 853 nonam
518 795 709 864 tribuere,.eo
722 794 807 870 quod
821 793 858 852 sit
871 793 934 852 dia·
985 810 1078 868 quare
1092 811 1099 851 ε
1114 812 1183 870 qum
1197 797 1278 855 enim
1292 799 1443 859 rarissime
1456 801 1544 874 fiunt,
1560 805 1753 866 nulliusartia
1766 827 1813 869 so·

102 891 192 964 pente
202 885 242 944 ad
255 884 347 943 finam
361 883 444 958 ejus:
460 884 559 974 prima
570 900 642 943 vero
656 900 739 943 nona
753 883 771 941 t
785 881 826 941 ad
839 881 933 941 fluam
985 883 1025 940 let
1037 883 1142 956 regula
1160 885 1331 960 reprobare.

103 979 170 1051 aJ'us
191 973 275 1034 nulia
296 974 494 1033 consonantia
519 973 566 1032 sit.
583 973 640 1033 Sed
654 989 716 1032 nou
739 973 837 1047 magis
851 989 933 1031 com·
1023 973 1386 1042 rememorandam
1399 979 1509 1039 modus
1530 979 1561 1039 in
1580 987 1695 1042 sextam
1718 987 1738 1046 F
1758 989 1813 1044 ter·

4 1113 5 1120 ,
103 1080 229 1124 munem
242 1079 335 1122 usum
359 1063 453 1122 secuti
472 1079 591 1122 sumus.
604 1061 777 1120 Invenimus
789 1065 934 1137 praeterea
986 1060 1127 1131 minatur,
1143 1065 1172 1120 et
1186 1065 1363 1124 acutissima
1371 1067 1437 1140 ejus
1449 1067 1567 1128 decima
1581 1071 1666 1131 tertia
1676 1073 1697 1144 s
1706 1071 1815 1131 eadem

101 1151 514 1260 ipditiiciiioribuaoantibus
526 1152 614 1226 jungi
627 1152 712 1210 tertio
727 1149 861 1211 modoet
874 1154 933 1209 ter-
986 1148 1082 1208 littera
1095 1149 1251 1223 figuratur,
1267 1169 1397 1229 cumque
1410 1161 1528 1217 sextat*
1549 1160 1589 1218 ad
1613 1161 1744 1236 primam
1763 1179 1816 1221 no-

103 1252 177 1306 tram
191 1260 298 1303 vocem
312 1246 343 1314 u,
359 1245 394 1302 ut
417 1247 454 1301 art
468 1241 692 1302 decachordum
706 1260 713 1313 ;
735 1241 820 1316 quod
832 1245 934 1300 tamen
987 1253 1060 1294 nam
1075 1237 1102 1308 d,
1115 1237 1155 1296 ad
1167 1237 1318 1298 decimam
1333 1243 1450 1302 tertiam
1459 1246 1486 1317 f,
1502 1246 1642 1322 diapenta
1654 1250 1771 1320 reddat,
1783 1250 1815 1308 in

4 1371 6 1404 ;
103 1351 174 1394 cum
201 1333 354 1392 rarissime
376 1331 441 1400 flat,
455 1331 616 1390 abusivum
641 1347 706 1389 esse
734 1347 795 1389 nou
817 1329 932 1388 dubito.
987 1327 1093 1400 quinto
1105 1327 1153 1385 vei
1168 1334 1251 1388 sexto
1263 1331 1361 1404 prima
1375 1348 1457 1392 nona
1470 1334 1487 1392 b
1501 1335 1620 1396 valebit.
1637 1339 1762 1396 Habebit
1772 1356 1816 1398 er

4 1459 6 1496 ς
104 1428 205 1499 Neque
217 1422 298 1481 enim
313 1437 331 1480 a
349 1420 435 1478 tertia
447 1421 479 1489 Ο,
495 1421 527 1477 in
549 1419 761 1478 duodecimam
776 1434 801 1492 e,
812 1421 857 1477 ter
871 1417 935 1476 dia·
988 1431 1027 1489 go
1051 1431 1105 1490 per
1130 1417 1267 1476 ordinem
1290 1425 1377 1480 tonos
1403 1421 1480 1481 duos
1504 1429 1532 1482 et
1553 1427 1756 1500 semitonium,
1780 1445 1816 1487 ac

104 1517 239 1572 tessaron
260 1509 428 1568 secundum
450 1509 626 1584 praedictam
650 1507 831 1567 decachordi
845 1523 934 1582 regu·
988 1503 1097 1562 deinde
1120 1509 1207 1563 tonos
1229 1513 1287 1566 tres
1309 1515 1338 1568 et
1364 1509 1502 1570 ultimum
1530 1516 1723 1574 semitonium
1748 1521 1816 1576 octo

103 1602 167 1660 lam
181 1600 339 1658 invenitur.
988 1592 1122 1664 vocibus,
1138 1593 1180 1652 ita
1193 1595 1286 1668 (142);

140 1693 176 1748 D.
192 1691 267 1750 Cum
281 1687 367 1746 multi
381 1687 440 1746 siut
449 1685 649 1760 grammatici,
661 1689 714 1743 aut
723 1685 846 1759 vix,aut
858 1699 935 1742 nun·

4 1877 7 1912 ι
108 1807 1059 2010 ΙειΙπιΙοιΙαιΙῡΗΙηεᾗοιίᾱιιοιῇῐ
1142 1838 1249 1966 Ἢ

141 2037 254 2095 Usitata
265 2032 487 2109 eiusprincipia
500 2036 571 2090 sunt
582 2032 664 2089 baec:
687 2031 719 2088 iu
732 2031 765 2100 F,
781 2033 832 2088 ut:
848 2031 935 2088 Hau·
955 2035 976 2092 b
990 2031 1042 2106 pio
1053 2047 1109 2091 uec
1122 2033 1244 2092 incessu
1256 2037 1327 2108 post
1341 2049 1372 2092 sc
1387 2035 1527 2110 respexit.

105 2127 209 2196 rietis,·
219 2124 251 2181 iu
264 2125 297 2193 G,
312 2137 400 2180 raro:
417 2121 486 2180 Noa
500 2135 552 2178 cos
565 2120 745 2192 retsisqaum,
759 2118 790 2176 in
803 2134 832 2188 u,
846 2119 937 2188 Quic-
1028 2125 1070 2179 tt.
1086 2123 1191 2180 Sextus
1203 2125 1305 2180 autem
1319 2123 1430 2182 modus
1443 2140 1556 2182 cumao
1569 2125 1703 2198 graditur
1713 2127 1754 2186 ad
1763 2145 1819 2186 un·

107 2213 349 2288 perpendentes,
364 2211 395 2268 iu
410 2225 438 2283 e,
452 2209 529 2268 Ecce
548 2209 693 2266 Doricus
707 2208 846 2266 incestet.
862 2209 937 2264 Nam
990 2207 1141 2268 decimam
1155 2209 1187 2281 d,
1198 2208 1251 2266 sed
1272 2209 1433 2284 deponitur
1453 2227 1472 2270 a
1487 2213 1641 2270 communi
1654 2213 1714 2272 fine
1729 2215 1818 2273 semi·

107 2302 181 2376 quia
196 2307 302 2360 tonum
316 2303 385 2359 ante
399 2299 492 2357 finam
506 2312 568 2356 non
584 2297 700 2366 babuit,
716 2311 771 2354 nac
786 2296 817 2353 in
829 2295 937 2370 princi·
991 2297 1073 2355 tonio
1082 2303 1111 2355 et
1120 2297 1240 2356 duobus
1251 2298 1329 2356 tonis
1339 2299 1378 2357 ad
1389 2299 1507 2358 tortium
1519 2302 1613 2374 C,hoc
1623 2302 1715 2361 modo
1727 2305 1817 2378 (titir

113 2427 1108 2609 {crinales}rrict¹a1)b‚‚¹tsfler
1162 2434 1361 2590 ciffi}

132 2651 167 2706 Et
193 2648 270 2706 sicut
297 2647 422 2722 quintus
443 2645 536 2704 habet
556 2642 771 2702 duodecimam
793 2657 819 2714 e,
841 2647 870 2700 et
885 2646 939 2699 ter·
993 2643 1099 2718 quinta
1108 2646 1146 2718 u,
1160 2649 1213 2704 ut:
1235 2647 1371 2719 Domine,
1393 2647 1425 2704 iu
1444 2647 1606 2720 auritium,
1620 2651 1673 2706 aut
1693 2649 1725 2706 in
1745 2667 1820 2710 voce

112 2737 186 2796 tiam
200 2737 387 2808 deetmamt,
401 2749 480 2810 quas
498 2731 667 2790 nonhabet
685 2735 807 2800 sextus;
822 2730 940 2788 itasex·
993 2737 1102 2804 quarta
1124 2736 1155 2796 D.
1173 2739 1223 2791 ut:
1243 2735 1278 2793 Si
1294 2751 1347 2808 eqo
1368 2749 1455 2794 uuus
1480 2736 1604 2808 Christi,
1619 2741 1672 2796 aut
1692 2739 1724 2796 in
1746 2756 1821 2799 voce

113 2831 162 2884 tus
171 2825 262 2884 babet
270 2825 387 2884 tertiam
403 2819 939 2898 e,quarumuetq1nntama,quas
994 2821 1079 2877 tertia
1092 2823 1123 2892 C,
1138 2827 1188 2880 ut:
1204 2824 1391 2882 Decantutut
1411 2827 1552 2896 populus.

111 2931 175 2973 non
197 2915 289 2973 habet
301 2913 436 2989 quintus,
450 2910 511 2969 nisi
533 2908 617 2986 quod
638 2907 803 2982 aliquando
817 2907 941 2981 quintus
1029 2909 1065 2965 D.
1083 2909 1178 2980 Utilia,
1193 2911 1256 2968 imo
1270 2917 1299 2969 et
1312 2912 1480 2970 necessaria
1500 2914 1668 2988 probantur
1685 2917 1726 2975 ad
1743 2933 1821 2992 prte-

111 3004 253 3061 miacetur
264 3000 514 3068 sexto,declinans
527 2999 558 3056 in
569 2999 737 3072 quartamii
746 2997 839 3070 titque
851 2994 940 3053 deca·
996 2997 1087 3055 sentis
1097 2999 1205 3056 erroris
1220 3000 1492 3075 exprobrationem,
1501 3002 1539 3059 de
1549 3004 1647 3060 modis
1662 3021 1730 3078 quer
1742 3007 1823 3066 dicta

111 3091 336 3152 chordum.Scd
347 3093 406 3150 hoc
419 3088 556 3158 inveniri,
567 3087 698 3146 maxime
711 3085 742 3142 in
757 3083 939 3159 antiphonis,
960 3069 1076 3145 Csunt.
1089 3089 1186 3144 Unum
1201 3087 1278 3146 sicut
1299 3105 1434 3165 coeperas
1456 3090 1494 3147 de
1518 3092 1644 3166 septimo
1665 3097 1695 3151 et
1715 3099 1822 3153 oetam

110 3201 181 3242 raro
201 3183 355 3256 contingit.
371 3185 483 3240 tiorum
504 3183 606 3237 autem
628 3176 683 3234 erit
708 3175 765 3233 ista
789 3173 940 3232 macuto.
995 3179 1067 3233 tono
1081 3177 1252 3250 cupientem
1267 3177 1371 3236 audire
1383 3194 1446 3236 non
1460 3178 1590 3238 differas.

109 3273 187 3332 (ium
211 3289 267 3332 neo
288 3271 435 3348 depositio
450 3269 534 3338 sexti,
550 3283 606 3326 uec
630 3270 692 3324 tota
714 3263 839 3322 elevatio
854 3262 943 3322 fuerit
1033 3270 1075 3322 ¹7.
1090 3267 1133 3322 Μ.
1146 3267 1296 3342 Septimus
1308 3267 1419 3326 modus
1433 3268 1580 3327 invocem
1593 3270 1754 3345 septimam
1767 3275 1823 3330 ter-

110 3364 219 3439 quinti,
234 3363 258 3420 si
270 3363 302 3420 iu
316 3361 464 3420 decimae
483 3357 617 3432 incipiat,
632 3359 662 3414 at
673 3371 741 3413 eam
755 3353 803 3412 val
821 3352 943 3411 undeci·
996 3355 1136 3426 minatur,
1159 3357 1246 3430 cujus
1268 3358 1441 3417 acutissima
1460 3365 1504 3417 est
1529 3359 1647 3420 decima
1670 3367 1779 3438 quarta
1791 3381 1823 3437 a,

110 3471 198 3512 mam
210 3456 231 3512 d
242 3455 329 3528 Juxta
342 3449 540 3526 quantitatem
554 3463 642 3504 suam
657 3461 738 3520 saepe
751 3443 940 3519 repercutiat,
995 3460 1064 3519 qua
1087 3461 1158 3504 cum
1181 3447 1241 3505 tine
1265 3447 1372 3506 eodem
1400 3449 1571 3507 charactere
1585 3449 1753 3509 denoutur.
1770 3452 1824 3510 iiic

111 3545 237 3618 quintus
270 3543 326 3600 erit
357 3540 483 3609 modus;
514 3537 538 3595 si
562 3541 663 3595 autem
698 3550 760 3592 nou
786 3532 941 3604 ascendat,
995 3535 1122 3592 assumit
1133 3551 1247 3595 nonam
1261 3537 1427 3596 secundam
1440 3545 1465 3608 tt,
1479 3543 1512 3596 ut
1524 3538 1722 3598 babeatduos
1737 3545 1825 3600 tonos

110 3633 171 3690 nisi
193 3633 233 3691 ad
255 3647 371 3690 nonam
395 3629 526 3704 primam
549 3627 577 3695 d,
601 3625 716 3684 dicetur
741 3627 853 3692 sextus,
879 3621 941 3679 siva
994 3629 1065 3698 post
1074 3624 1176 3696 finem,
1185 3631 1256 3701 post
1266 3643 1344 3702 quos
1354 3632 1383 3686 et
1393 3628 1587 3686 semitonium
1600 3633 1630 3687 et
1643 3628 1721 3688 duos
1737 3635 1825 3689 tonos

112 3739 168 3797 per
184 3721 331 3797 principia
348 3719 542 3778 discernetur.
558 3715 615 3774 Vix
639 3719 740 3771 autem
765 3717 865 3770 sextus
884 3711 942 3768 nisi
994 3711 1102 3772 iterum
1128 3716 1331 3774 semitonium.
1357 3716 1519 3791 deponitur
1544 3733 1615 3775 vero
1639 3734 1658 3775 a
1679 3719 1739 3776 tine
1753 3723 1825 3778 tono

111 3815 144 3870 in
173 3829 228 3870 suo
263 3809 323 3868 fine
354 3807 467 3882 incipit,
495 3809 546 3864 ut:
569 3804 696 3863 Verbum
723 3817 794 3861 coro
823 3804 941 3873 suctum
994 3817 1067 3874 uno,
1082 3803 1141 3861 hoc
1155 3803 1248 3862 modo
1263 3807 1356 3876 titii:

109 3909 167 3973 est,
186 3905 238 3960 aut
257 3899 290 3957 iu
311 3914 340 3968 o,
366 3901 416 3956 ut:
448 3895 516 3953 Vidi
538 3894 711 3962 Dominum,
733 3893 786 3949 aut
811 3889 843 3946 in
865 3903 940 3945 roca

140 4019 1336 4186 Ft.Gt¹ratlb„'bs!ctldt{es)it'gtla,{13³3ssl

149 4247 236 4317 Quod
255 4248 280 4303 si
294 4241 519 4303 decachordum
535 4240 655 4314 placeat
667 4237 775 4306 tacere,
792 4251 854 4292 uno
868 4249 938 4293 cum
959 4237 1095 4300 bunum
1116 4243 1243 4301 modum
1264 4243 1304 4301 ab
1328 4242 1387 4300 0110
1410 4240 1581 4316 (figorem,
1599 4239 1731 4311 mima„
1752 4241 1828 4303 nihil

110 4336 271 4397 semitonio
292 4334 393 4393 adhuc
413 4331 451 4389 db
472 4331 533 4388 ΗΠΒ
554 4329 672 4404 depone
695 4325 735 4384 &d
758 4325 895 4400 quinium
909 4327 942 4398 E,
998 4333 1079 4391 enim
1100 4331 1235 4407 impedit,
1256 4346 1470 4408 quemcunque
1494 4329 1623 4388 volueris
1648 4329 1828 4399 modum‚gi

109 4445 175 4488 non
200 4432 302 4485 umen
322 4424 381 4482 hoc
405 4421 576 4496 mutator
598 4416 742 4475 invenies·
769 4413 944 4472 Notandum
999 4426 1084 4481 acute
1098 4421 1147 4480 val
1172 4423 1300 4494 graviter
1314 4419 1541 4490 decantaveris3
1566 4419 1621 4478 sed
1635 4423 1777 4478 tonorum
1791 4435 1828 4477 ac

111 4521 159 4576 est
181 4519 281 4575 auum
297 4511 380 4588 quod
403 4511 428 4568 si
454 4509 481 4567 ei
504 4507 604 4584 prima
619 4519 701 4563 nona
716 4503 733 4560 b
749 4502 942 4572 concedatur,
999 4511 1238 4582 semitoniorum,
1254 4511 1365 4587 quibus
1384 4515 1413 4569 et
1435 4509 1502 4568 211ae
1523 4508 1728 4568 mummii&
1741 4509 1827 4578 flant,

110 4605 188 4666 nihil
212 4606 315 4675 restat,
329 4599 387 4660 nisi
414 4603 447 4658 ut
468 4615 488 4657 a
516 4597 589 4672 (tto)
616 4597 699 4652 sexta
723 4591 763 4650 ad
784 4606 853 4648 eam
877 4589 942 4648 dia·
998 4601 1116 4660 diversa
1130 4601 1238 4676 positio
1259 4601 1394 4659 diversos
1408 4599 1448 4658 ab
1463 4598 1591 4656 invicem
1608 4613 1645 4656 ac
1658 4596 1829 4654 differentes

110 4702 249 4755 tessaron
275 4693 337 4762 fiat.
366 4689 480 4764 eritque
507 4703 562 4762 per
584 4684 688 4744 omni&
713 4681 839 4758 primm,
871 4679 946 4755 (111¹ss
998 4691 1107 4749 modos
1132 4690 1326 4748 constituunt.
1355 4692 1524 4762 iterumque
1557 4687 1582 4743 si
1616 4701 1678 4744 una
1710 4689 1828 4744 tantmu

109 4784 238 4845 habebit
263 4787 368 4840 ionum
396 4783 425 4837 et
447 4775 650 4846 semitonium,
667 4790 703 4831 86
728 4770 837 4830 deinde
865 4769 943 4828 ditos
998 4795 1072 4838 poce
1105 4779 1272 4853 depravata
1305 4775 1426 4833 finiatur
1460 4775 1492 4832 in
1528 4777 1633 4831 octaua
1669 4789 1697 4844 a,
1721 4788 1828 4830 rursus

110 4879 142 4934 et
165 4871 357 4932 semitonium
392 4871 420 4926 et
456 4866 533 4924 duos
561 4869 659 4936 tonos,
686 4867 715 4920 et
740 4859 944 4935 deponitura
998 4869 1032 4929 fit
1063 4883 1117 4942 per
1153 4865 1257 4924 omnia
1286 4864 1422 4938 primus:
1450 4861 1575 4920 babebit
1602 4861 1684 4920 enim
1718 4877 1738 4920 a
1768 4861 1829 4919 tine

110 4964 173 5022 fine
200 4967 270 5020 tono
295 4975 372 5030 ΜΟ,
398 4956 475 5014 ὓῑθῠῑ
501 4955 532 5012 ῑῦ
559 4953 658 5028 primi>
690 4951 805 5009 ditium
828 4953 884 5016 0⁸²,
913 4951 944 5006 0²
999 4963 1104 5016 tonum
1132 4958 1161 5012 et
1185 4952 1388 5023 semitonium,
1413 4956 1442 5010 et
1476 4951 1555 5008 duos
1582 4949 1680 5022 ionos,
1707 4954 1737 5010 et
1763 4950 1830 5009 rali-

105 5055 175 5128 jam
190 5067 252 5110 nou
270 5049 325 5107 crit
338 5046 492 5122 septimus,
508 5042 560 5100 sed
576 5041 703 5114 primus.
726 5043 790 5096 Non
805 5037 897 5105 enim,
910 5039 944 5094 ut
998 5063 1070 5121 qua,
1108 5059 1176 5118 qua
1216 5045 1288 5099 aunt
1327 5040 1426 5116 primi.
1469 5039 1616 5115 Principia
1653 5040 1719 5114 ejus
1760 5041 1831 5096 sunt

110 5139 279 5202 strdtisaimi
294 5141 431 5195 cantores
447 5135 564 5207 putant,
581 5129 725 5202 gravitate
739 5126 787 5185 vel
801 5125 941 5184 acumine
998 5136 1081 5194 haea:
1107 5133 1138 5190 in
1164 5135 1184 5190 F
1207 5133 1258 5190 vix
1280 5131 1410 5206 reperies
1434 5129 1619 5206 exemplum,
1640 5132 1692 5188 ut:
1716 5129 1774 5197 Oui
1785 5141 1830 5184 re·

146 5265 225 5340 (tta)
239 5262 379 5320 idmont.
394 5257 495 5317 addit:
1031 5243 1104 5318 (rat)
1129 5239 1272 5296 Admont.
1289 5237 1389 5296 addit:

167 5337 211 5392 Ad
226 5341 335 5390 sextam
351 5347 449 5388 vocam
462 5327 576 5401 quintus
591 5322 694 5380 statuit
709 5321 764 5376 sibi
779 5317 886 5375 sedem.
1047 5311 1192 5385 Septimus
1208 5311 1372 5383 imparilsm
1387 5323 1510 5364 numero
1533 5307 1635 5362 statuit
1650 5301 1707 5358 sibi
1722 5301 1829 5368 sedem,

166 5405 307 5478 Nullaque
319 5419 374 5461 vox
388 5401 490 5472 subsit,
507 5415 560 5454 vox
571 5395 661 5453 attera
675 5398 757 5449 sexta
771 5391 912 5464 supersit,
1047 5385 1187 5454 beataque
1197 5399 1252 5438 vox
1264 5383 1364 5446 subsit,
1377 5397 1432 5438 vox
1445 5379 1685 5450 septimusomne
1701 5372 1830 5444 supersit

167 5479 207 5534 Ut
219 5484 302 5533 sonat
314 5477 425 5532 intense
439 5473 618 5527 diatessaron
636 5473 666 5523 et
676 5467 818 5536 diapente.
1046 5456 1086 5512 Ut
1098 5459 1181 5510 sonet
1195 5457 1308 5508 interm
1323 5454 1504 5508 diatessaron
1518 5453 1547 5502 at
1563 5447 1707 5518 diapente.

147 5550 225 5625 (tte)
240 5549 380 5604 Admont.
396 5543 497 5603 addit:
1029 5529 1104 5600 (tta)
1125 5525 1210 5582 idm.
1226 5541 1245 5582 o
1260 5523 1435 5582 duodecima
1448 5535 1473 5576 e.
1490 5518 1531 5575 ad
1545 5531 1620 5586 eam,
1642 5516 1829 5574 diatessaron

166 5621 279 5692 Accipit
292 5625 319 5675 st
334 5617 429 5672 sedem
445 5613 598 5669 residendo
611 5625 709 5665 sextus
725 5607 841 5662 ibidem.
1046 5599 1111 5669 stat,
1131 5602 1158 5654 et
1176 5596 1217 5654 ud
1233 5597 1365 5654 smitam
1390 5588 1600 5660 contradatur,
1623 5589 1749 5662 eritque,
1773 5589 1828 5644 eto.

166 5693 311 5748 Cuiaonat
324 5691 468 5744 intensum
481 5686 663 5740 diatessaron
675 5685 761 5752 atque
777 5677 939 5744 remissum,

167 5763 219 5818 ilis
231 5761 388 5835 superadde
409 5763 509 5816 tonum
523 5754 632 5812 iaciens
643 5752 796 5825 procedere
812 5761 939 5804 cursum.
