4120 6154
104 191 149 259 ιιι
459 149 461 153 ⁴
490 183 638 242 serrone
657 183 840 242 sosimus
860 183 888 241 s.
909 183 1012 243 esec.
1033 177 1069 244 m·
1084 187 1159 245 vos.
1179 216 1214 231 -
1233 189 1298 244 ms.
1317 185 1407 244 ιιιιι.
1752 175 1806 234 ars

105 307 209 368 vassia
234 321 456 380 nonnunquam
483 305 678 381 parcimonia,
702 311 731 364 et
761 305 921 364 crudelitas
936 319 960 373 Α
978 324 1047 382 quae
1063 310 1283 384 sapiunt,recte
1297 309 1465 366 ministrare
1489 319 1551 362 non
1565 303 1703 377 possunt.
1718 299 1805 354 ltacte

103 393 259 472 aliquando
269 395 382 467 justitia
392 395 455 453 vult
466 395 558 454 rideri
572 413 579 452 :
595 395 636 454 ita
650 395 828 470 plerumque
841 411 923 452 men·
978 398 1130 454 autemhis
1143 415 1198 474 per
1212 397 1391 473 prophetam
1401 395 1508 452 dicitur
1523 397 1554 450 ιι
1564 391 1805 447 vosautemoum

103 494 158 545 tem
169 485 207 542 ad
230 484 372 560 loquendi
400 485 556 560 impetum,
574 485 661 543 vanae
677 485 778 557 glories
788 485 923 544 anxietas
975 487 1146 545 austeritate
1158 486 1353 562 imperabatis
1368 485 1460 555 eis,et
1471 499 1541 538 cum
1550 471 1803 554 potentiatltzcclt.

102 589 290 649 nequaquam
307 589 338 631 se
351 573 427 632 intra
443 573 592 632 sitentium
605 573 739 648 capiens,
751 573 838 648 quasi
853 573 923 630 cha·
975 591 1074 646 xxxiv,
1088 577 1126 650 t).
1140 599 1154 627 ι
1177 581 1214 634 at
1227 581 1332 634 contra
1357 589 1430 631 vera
1457 570 1593 629 doctrina
1616 569 1700 624 anto
1713 563 1806 620 vehe-

102 662 189 722 ritatis
199 661 367 718 inflammat
378 667 467 736 atque
481 662 620 738 appetitas
633 662 810 720 ostensionis
825 661 870 718 vis
884 661 923 720 ad
977 663 1106 720 mentius
1116 665 1181 722 hac
1196 663 1331 722 elationis
1343 662 1449 722 vitium
1459 675 1514 735 par
1527 654 1741 728 cogitationem
1759 649 1805 706 in·

103 749 328 811 effrenationem
338 749 496 808 locutionis
512 751 647 826 impellit,
664 755 691 810 et
703 751 792 828 quasi
807 751 925 810 substu·
978 751 1029 825 git,
1054 753 1177 827 quando
1201 753 1354 812 ardentius
1379 749 1539 809 verborum
1562 758 1686 802 suorum
1698 737 1807 814 jaculi

103 842 148 900 dio
168 837 356 912 consulendi,
383 839 478 898 libido
504 842 636 915 erumpit
660 841 847 917 apparendi:
862 855 924 898 non
977 841 1078 915 ipsum
1086 841 1405 914 magistrumelationis
1414 837 1590 912 insequitur.
1600 829 1806 888 Humilitatem

103 929 175 987 anim
188 929 274 985 curat
287 926 441 1003 loquendo
454 929 537 1003 quod
552 931 656 1004 prosit,
673 929 726 988 sed
738 929 821 1006 quod
834 943 925 1004 appa·
977 933 1292 1006 namquemagistram
1306 931 1503 1005 omniumque
1513 929 1640 984 matrem
1650 919 1805 984 virtutum,

103 1023 166 1076 reat.
182 1017 324 1092 Sequitur
337 1035 344 1076 :
978 1023 1007 1076 et
1019 1019 1172 1094 loquendo
1185 1021 1294 1079 dicere.
1303 1017 1468 1078 etvivendo
1480 1017 1627 1074 conantur
1633 1003 1805 1070 ostendam

133 1109 213 1166 vaae.
233 1105 449 1166 tetrameter
463 1123 545 1166 meus
567 1109 657 1182 paesi
668 1113 800 1166 mvstvm
816 1106 927 1179 atsqve
979 1114 1011 1168 ut
1025 1127 1093 1168 eam
1118 1111 1200 1186 apud
1229 1109 1393 1185 discipulos
1420 1105 1550 1166 veritatis
1577 1101 1646 1176 plus
1669 1093 1806 1154 moribus

100 1197 259 1270 spiraculo,
287 1196 369 1268 qvod
392 1197 573 1267 tvpvvcvtas
598 1213 691 1256 novas
705 1197 875 1268 disrumpit.
891 1225 926 1238 -·
978 1215 1073 1280 quam
1088 1199 1279 1258 sermonibus
1306 1199 1495 1274 eloquantur.
1524 1193 1596 1250 llinc
1613 1185 1726 1244 Paulus
1741 1181 1804 1241 ait:

102 1283 180 1352 Quod
194 1283 223 1342 si
237 1283 408 1358 spiritaliter
430 1283 594 1358 intelligere
608 1283 766 1359 debemus,
781 1285 840 1344 hoo
858 1283 925 1342 loco
979 1311 994 1342 ι
1010 1289 1090 1346 Facti
1101 1306 1206 1347 sumus
1220 1289 1339 1365 parvuli
1351 1289 1382 1345 in
1397 1285 1496 1344 medio
1510 1286 1643 1340 vestrum
1658 1275 1689 1346 (l
1706 1273 1806 1330 raes.

101 1372 233 1430 videlicet
246 1375 379 1430 ventrem
393 1389 483 1430 suum
498 1373 596 1430 cordis
612 1373 713 1432 sinum
728 1371 879 1448 appellat,
893 1370 925 1428 in
978 1394 1008 1452 n,
1020 1379 1059 1450 7).
1075 1401 1089 1430 ι
1105 1383 1136 1438 tn
1149 1379 1287 1437 faucibus
1299 1395 1370 1436 vero
1393 1375 1475 1450 loqui
1491 1376 1535 1431 est
1554 1368 1673 1426 silenter
1697 1362 1806 1427 dicere,

101 1463 194 1518 memte
221 1475 303 1532 sero,
318 1457 413 1518 saneti
439 1460 564 1535 Spiritus
591 1460 691 1518 terror
714 1461 867 1535 accipitur.
884 1461 925 1516 lte
978 1471 1007 1524 et
1018 1483 1081 1524 non
1095 1466 1278 1525 elamoribus
1296 1465 1463 1524 vociferari.
1480 1460 1594 1529 Quibus
1608 1452 1710 1512 verbis
1728 1463 1809 1508 arro·

102 1548 201 1623 quoin
216 1547 377 1620 Evangelio
392 1549 536 1608 Dominus
551 1549 644 1608 dicit:
662 1551 794 1608 «Vinum
809 1563 925 1606 novum
978 1561 1083 1628 gantas
1097 1556 1175 1614 intra
1187 1561 1324 1614 sanctam
1338 1553 1500 1612 Ecclesiam
1515 1548 1631 1625 positos
1642 1543 1752 1616 signat.
1773 1537 1808 1594 lli

102 1638 130 1694 in
142 1642 220 1696 utres
233 1637 460 1710 novoslliattt.
474 1655 514 1708 rx,
530 1641 584 1712 tr).
602 1661 617 1691 ι
640 1637 828 1712 lagunculas
852 1652 925 1694 sero
942 1634 1059 1732 B‘anim
1082 1645 1163 1704 velut
1187 1645 1219 1703 in
1248 1645 1386 1702 lancibus
1414 1641 1556 1699 dicuntur
1572 1633 1666 1710 loqui,
1681 1627 1808 1706 quando

100 1724 232 1783 infirmat
245 1726 313 1800 ipss
335 1725 521 1785 humanitate
543 1727 752 1800 conscientias,
781 1725 828 1783 vel
846 1728 925 1783 seris
977 1749 1039 1791 non
1053 1739 1155 1792 eontra
1181 1733 1369 1792 adversarios
1391 1735 1475 1790 extra
1498 1727 1633 1784 viventes
1662 1719 1807 1784 clamant,

100 1814 161 1872 hac
180 1819 295 1872 terrena
308 1829 470 1889 corporum
485 1815 609 1873 vascula
624 1831 687 1872 non
712 1813 925 1872 inconvenien-
979 1823 1190 1898 sedquosdem
1210 1823 1288 1880 intra
1302 1822 1403 1880 sinum
1415 1823 1526 1877 sancta
1553 1809 1692 1872 Ecclesiae
1718 1803 1807 1880 quasi

100 1907 141 1959 ter
155 1901 331 1976 accipimus.
348 1905 388 1960 lte
402 1903 515 1978 quibus
536 1903 646 1961 Paulus
666 1901 820 1977 apostolus
834 1901 923 1960 dicit:
978 1913 1092 1970 vicinos
1106 1928 1142 1970 aa
1152 1913 1239 1986 juxta
1251 1912 1365 1986 positos
1376 1909 1540 1983 increpant.
1558 1904 1642 1976 Saepe
1663 1911 1736 1954 vero
1759 1909 1808 1950 ar·

99 2013 112 2042 ι
128 1989 281 2048 Habemus
307 1991 482 2050 thesaurum
509 1992 600 2049 istum
626 1993 658 2048 in
686 1991 766 2049 vasis
786 1991 927 2048 actubus
978 2005 1119 2070 rogantes
1143 2001 1282 2058 eamdem
1303 2015 1398 2075 qnam
1417 1999 1519 2055 tenent
1546 1985 1752 2062 arrogantiam
1776 1995 1808 2038 se

98 2081 144 2152 (ll
154 2079 224 2136 Cor.
245 2095 287 2150 iv,
306 2084 345 2149 Ἰ).
361 2102 376 2130 »
406 2080 472 2137 Etiu
492 2085 593 2138 eutem
617 2079 770 2138 iniiatione
791 2079 927 2137 elationis
979 2087 1263 2160 fugereostendunt,
1278 2093 1306 2146 et
1319 2087 1393 2144 dum
1407 2086 1449 2143 sic
1461 2085 1570 2141 cuncta
1581 2078 1676 2150 agunt
1696 2074 1730 2129 ut
1742 2066 1809 2126 nul·

99 2172 251 2240 ⁰¹i⁸¹¹⁵¹¹⁸s
262 2183 297 2226 ⁸⁰
312 2167 337 2224 δί
363 2167 403 2226 2‘1
414 2167 603 2244 l⁰⁴iu⁰¹¹d¹¹ffl
616 2185 671 2243 90¹*
692 2165 844 2228 Ghafiissfis
858 2181 927 2239 ΒΓΕ·
980 2177 1044 2234 lum
1056 2177 1177 2248 lateant,
1192 2179 1256 2235 haec
1267 2175 1421 2252 pravitatis
1435 2170 1561 2244 siugulis
1577 2164 1666 2241 quasi
1684 2161 1810 2219 latenter

96 2256 171 2313 tiam
185 2255 291 2314 ardore
306 2257 401 2314 sancti
415 2257 540 2332 Spiritus
556 2255 748 2328 accendatur,
762 2272 868 2313 sensus
881 2255 927 2312 sui
980 2270 1114 2340 nan-ant,
1128 2264 1277 2340 quatenus
1289 2281 1351 2322 110„
1366 2263 1464 2321 ,olum
1488 2259 1526 2317 ,1,
1541 2271 1631 2313 semu
1645 2248 1810 2319 intelligam

98 2343 235 2418 spiritum
261 2344 292 2401 in
307 2361 343 2404 eo
368 2346 452 2419 quod
466 2345 567 2418 tacuit,
599 2345 689 2420 quasi
703 2349 805 2402 musto
817 2345 928 2418 absque
981 2354 1038 2423 tiae,
1055 2354 1107 2412 sed
1118 2355 1155 2412 de
1169 2355 1235 2429 ipso
1251 2352 1333 2428 apud
1361 2351 1500 2410 homines
1527 2345 1617 2403 etiam
1632 2333 1811 2407 arrogantia

97 2433 249 2504 spiracalo
274 2435 470 2508 comparavit.
493 2437 620 2492 ltustum
648 2450 720 2506 ergo
746 2433 927 2505 lagunculas
980 2449 1156 2519 contemptu
1171 2445 1345 2516 glorientur,
1362 2440 1523 2516 sequitur:

98 2537 192 2580 novas
206 2521 376 2596 disrumpit,
391 2523 464 2597 qvia
473 2521 596 2581 ferroris
607 2524 673 2596 ejus
688 2521 821 2598 potentia
835 2521 926 2579 stiam
1017 2533 1101 2588 Vrsa.
1113 2535 1140 2588 3.
1154 2530 1459 2602 Srinpticicvrdemeo
1469 2535 1618 2583 sermones
1627 2517 1695 2583 mei,
1710 2517 1738 2571 et
1749 2523 1813 2569 sert-

99 2610 240 2687 spiritalia
255 2611 348 2670 corda
363 2609 554 2670 transcendit.
569 2612 667 2670 Sancti
697 2611 777 2669 enim
801 2611 927 2686 Spiritus
981 2622 1105 2679 sentiam
1120 2619 1202 2678 tabia
1215 2634 1369 2691 meapvra
1384 2619 1555 2692 loquentur.
1571 2642 1606 2652 -
1621 2609 1734 2679 lingna
1751 2599 1812 2658 sir·

98 2702 194 2760 terror
207 2718 271 2760 non
286 2701 385 2762 solum
399 2703 501 2773 veteri,
518 2704 571 2760 sed
597 2703 688 2762 etiarn
702 2719 783 2762 nova
805 2702 865 2760 vita
876 2702 927 2759 vix
980 2710 1129 2768 euristeus
1143 2713 1188 2766 est
1199 2707 1373 2782 simplicitas
1385 2703 1554 2772 locutionis,
1570 2712 1665 2774 quam
1679 2692 1752 2768 quia
1766 2705 1813 2750 ar-

99 2792 223 2867 08ΡΪΠΙΓ·
242 2791 401 2866 ὃθίιῦῑῑῦῑῑ
981 2802 1122 2872 rogantes
1136 2813 1199 2856 non
1225 2797 1349 2862 habent,
1381 2793 1492 2852 habere
1512 2806 1543 2848 sa
1555 2789 1635 2846 hanc
1655 2780 1811 2842 sollicitius

131 2883 219 2940 vass.
244 2885 292 2940 ιι).
315 2883 437 2956 bever
460 2887 489 2940 et
508 2882 663 2954 respirabo
674 2881 848 2954 pestutum,
861 2895 929 2952 cpe·
981 2890 1129 2958 asserunt,
1145 2891 1178 2944 ut
1191 2885 1325 2943 secunus
1339 2883 1511 2952 audiantur,
1524 2883 1553 2935 et
1565 2891 1641 2950 pure
1652 2889 1686 2930 se
1697 2871 1814 2928 locutu·

98 2969 172 3030 nem
187 2971 273 3030 tabia
286 2985 353 3030 meo
367 2971 598 3042 etrespondeto.
613 3003 648 3013 -
663 2972 741 3028 Bene
756 2969 807 3038 ait,
834 2969 928 3040 respi-
981 2975 1232 3046 rosdenuntiant,
1260 2971 1334 3048 quia
1359 2967 1542 3044 duplicitatis
1571 2977 1633 3020 suas
1666 2957 1814 3017 malitiam

97 3062 178 3134 rado,
193 3061 270 3136 quia
282 3059 370 3120 labor
380 3065 533 3134 justorum
551 3065 598 3140 est
622 3060 724 3118 videre
753 3075 859 3134 prava,
873 3073 930 3115 nec
949 3025 969 3082 ο
982 3061 1168 3140 deprehendi
1183 3060 1355 3120 formidant.
1369 3061 1455 3133 Saepe
1468 3058 1571 3112 autem
1595 3047 1722 3109 attalaia
1743 3059 1815 3102 rara

97 3149 244 3224 corrigere
262 3167 269 3207 :
285 3152 327 3208 ita
353 3150 452 3224 gravis
478 3155 524 3208 est
547 3149 634 3209 labor
662 3148 879 3222 arrogantium,
904 3147 930 3206 si
982 3152 1174 3230 permiscant,
1190 3154 1222 3206 ut
1240 3149 1427 3206 iudaeorum
1440 3132 1813 3202 mendaciocitiuscreda·

96 3239 177 3313 quod
191 3237 328 3314 sapiunt,
344 3254 407 3296 non
423 3237 596 3296 ostendunt.
617 3237 683 3294 Vim
699 3237 813 3312 quippe
829 3235 931 3293 intrin-
983 3247 1041 3310 tur,
1059 3239 1138 3298 unde
1152 3239 1250 3298 inesse
1264 3238 1308 3296 eis
1332 3235 1458 3294 assertio
1483 3229 1613 3289 veritatis
1631 3221 1815 3300 agnoscitur.

98 3342 181 3384 tectis
197 3330 382 3384 {estuantem
397 3325 473 3384 ferre
488 3325 536 3384 vix
547 3329 686 3400 possunt,
702 3325 728 3382 si
739 3339 830 3382 omne
846 3322 930 3400 quod
985 3330 1145 3405 Sequitur:

97 3417 227 3475 sentiunt
242 3415 336 3491 paulo
350 3415 464 3474 tardius
482 3416 683 3474 innotescunt.
699 3415 782 3472 Unde
808 3429 931 3472 necesse
1020 3421 1107 3475 Vsus.
1121 3419 1148 3473 t.
1163 3414 1498 3487 SpiritusDeisecitme‚
1509 3403 1733 3479 etspirvrvtvm
1746 3398 1817 3457 Om-

97 3509 192 3571 estut
205 3519 340 3564 cumres
368 3504 452 3563 bona
479 3507 589 3577 agitur,
615 3503 699 3580 priua
714 3504 781 3576 ejus
799 3503 930 3560 elatioin
984 3507 1144 3580 nipotentis
1156 3505 1317 3575 vivificavit
1332 3487 1819 3566 vta-Subditurusveraprremi-

97 3596 185 3654 corde
206 3597 358 3665 vincatur,
373 3611 411 3652 ne
425 3595 452 3652 si
480 3594 612 3653 eradica
628 3594 744 3651 miserae
759 3593 930 3652 intentionis
985 3598 1022 3654 sit
1035 3597 1123 3654 elata.
1137 3593 1183 3652 Sic
1198 3593 1353 3662 nimirum,
1367 3591 1408 3649 sic
1423 3586 1630 3661 arrogantium
1645 3585 1760 3640 mentes
1773 3577 1818 3634 in·

96 3686 233 3759 prodeat,
258 3701 378 3743 amaros
402 3684 543 3760 neqtdtiae
570 3685 685 3744 tructus
712 3684 870 3758 producat.
896 3683 931 3739 lii
986 3685 1119 3752 seviunt,
1140 3686 1175 3739 ut
1188 3686 1217 3739 et
1236 3681 1267 3737 in
1283 3681 1325 3738 eis
1345 3695 1414 3754 quae
1428 3682 1507 3736 recte
1522 3673 1664 3742 sentiunt,
1680 3665 1817 3727 elationis

96 3773 185 3845 igitur
199 3771 256 3850 qui
269 3772 369 3830 adhuc
384 3773 527 3831 vitiorum
538 3773 618 3830 bello
635 3773 802 3844 subjacent,
820 3787 932 3846 nequa·
985 3791 1047 3830 sum
1060 3769 1232 3828 tortitudine
1246 3769 1457 3842 depraventur.
1474 3763 1557 3822 Unde
1570 3761 1604 3818 iit
1618 3764 1651 3818 ut
1665 3757 1755 3816 etiam
1769 3769 1819 3811 eo-

97 3880 193 3938 qnam
221 3879 277 3938 per
301 3863 525 3938 predicationis
554 3879 643 3920 usum
671 3879 800 3937 praesse
818 3863 930 3936 magis-
985 3879 1053 3918 rum
1068 3861 1149 3916 recta
1171 3856 1323 3913 auditores
1348 3867 1544 3926 nequequam
1569 3849 1727 3914 insurrant,
1745 3841 1819 3916 quia

95 3953 170 4011 tario
201 3956 381 4010 asatorum
413 3949 535 4008 debent.
570 3951 645 4008 ilinc
671 3955 717 4008 est
740 3951 822 4008 enim
848 3948 931 4026 quod
985 3943 1337 4023 proiectoillospeream
1345 3955 1414 4014 qua
1427 3935 1692 3998 tumidesenttunt,
1706 3927 1821 3987 nonad

92 4041 183 4113 juxta
206 4038 319 4095 divinia
332 4039 565 4111 dispensationis
583 4055 688 4096 rocem
706 4039 746 4097 ab
761 4055 842 4096 anno
856 4039 933 4096 vice-
987 4015 1820 4098 suirererentiam,sedadeontemnendumvocant.ltinc

94 4131 176 4188 simo
204 4130 236 4184 et
258 4127 364 4202 quinto
383 4127 479 4186 levita
503 4127 699 4184 tabernmulo
722 4128 864 4198 serviunt,
880 4129 933 4184 sed
988 4116 1407 4196 enimperltoysemdicitur:
1419 4137 1432 4165 s
1444 4116 1481 4171 vt
1494 4111 1547 4186 qui
1568 4109 1684 4166 fluxum
1696 4103 1819 4162 seminis

95 4217 364 4294 quinquagenario
377 4217 517 4274 custodes
528 4215 763 4274 rasorumflunt.
775 4216 931 4288 Sequitur:
989 4213 1114 4270 sustinet
1126 4207 1305 4266 immundus
1320 4205 1375 4263 erit
1383 4205 1462 4274 (Lev.
1472 4219 1523 4273 xv,
1531 4201 1570 4274 ι).
1586 4221 1600 4250 v
1618 4199 1701 4252 Bono
1718 4197 1821 4250 autem

131 4310 220 4364 vens.
237 4309 283 4376 tt,
306 4309 351 4364 22.
376 4306 446 4363 Non
471 4305 618 4378 accipiam
641 4319 772 4376 persone
783 4327 799 4358 v
823 4304 890 4371 viri,
907 4311 933 4360 et
990 4301 1094 4360 ordine
1104 4299 1252 4356 attactum
1268 4311 1299 4352 se
1312 4293 1418 4352 asuuit
1427 4297 1457 4350 et
1470 4291 1648 4349 animatum.
1665 4285 1721 4342 Par
1734 4281 1820 4357 spiri-

97 4398 192 4454 Devm
219 4395 410 4452 domininon
434 4395 567 4467 aquato,
594 4395 692 4452 nescio
715 4393 852 4467 quandia
868 4370 971 4448 svb-⁰
991 4376 1819 4463 turnlaetum,etperspiraculumsenarratanimatum.

98 4488 204 4544 sistam
226 4490 345 4556 etpost
372 4483 521 4542 modicam
542 4485 630 4542 tottvt
655 4484 932 4540 mcFuctorvrevs.
991 4480 1201 4554 Factoquippe
1214 4478 1310 4535 Adam
1336 4475 1481 4550 scriptum
1501 4475 1547 4528 est
1563 4487 1596 4525 :a
1610 4462 1766 4540 inspiravit
1789 4461 1821 4519 in

100 4607 133 4616 -
148 4579 242 4633 Recta
256 4573 457 4632 consideratio
471 4572 555 4648 quod
576 4575 671 4630 mum
685 4570 801 4628 homini
823 4570 934 4627 isloireo
989 4571 1097 4627 taciem
1111 4569 1177 4642 ejus
1190 4565 1375 4640 spiraculum
1386 4562 1465 4633 vitae,
1480 4564 1509 4616 et
1522 4558 1618 4615 iaetus
1632 4554 1776 4612 estbomo
1788 4551 1822 4608 in

99 4680 161 4722 non
199 4669 313 4740 aequat,
349 4663 422 4738 quia
457 4662 596 4738 quandiu
622 4661 672 4720 bic
706 4661 859 4730 subsistat,
888 4659 936 4716 vel
989 4660 1123 4717 animam
1133 4657 1286 4713 viventem
1300 4654 1385 4726 (Gen.
1400 4667 1432 4721 ιι,
1447 4649 1485 4722 t).
1501 4670 1516 4698 v
1531 4643 1693 4718 Sequitur:

101 4753 227 4827 quando
243 4769 262 4810 a
275 4755 335 4809 lieo
349 4752 506 4825 injudicio
521 4751 650 4824 tollatur,
665 4750 793 4823 ignorat.
811 4751 843 4805 lit
857 4747 935 4806 bene
1025 4753 1108 4804 vrrs.
1129 4752 1156 4802 5.
1169 4746 1204 4802 Si
1213 4751 1310 4816 potes,
1321 4737 1468 4811 responde
1476 4735 1562 4802 milti,
1578 4738 1607 4790 et
1619 4729 1763 4788 adversvs
1773 4727 1823 4798 so·

101 4843 141 4902 ait
159 4861 166 4900 :
182 4845 257 4901 Post
270 4843 420 4900 meddam
434 4843 522 4899 tottat
549 4855 596 4898 me
622 4841 734 4898 Fertor
755 4853 847 4906 meus,
863 4837 936 4911 quia
990 4839 1168 4895 mmmevm
1181 4834 1318 4891 consiste.
1331 4859 1366 4871 -
1381 4829 1454 4884 Ecce
1469 4825 1544 4882 dnm
1558 4823 1662 4879 narrat
1684 4815 1822 4875 ordinem

101 4931 272 5006 quamlibet
296 4929 423 5004 longum
447 4927 536 4988 luerit
562 4934 682 5002 tempus
709 4926 776 4986 vite
804 4941 935 5000 praesen·
990 4939 1068 4980 verse
1084 4919 1275 4989 conditionis,
1293 4917 1324 4974 in
1344 4915 1455 4973 tastum
1471 4909 1570 4968 subito
1589 4905 1738 4982 superbiae
1759 4903 1821 4962 ela·

102 5023 147 5094 tis,
162 5039 199 5080 eo
215 5021 285 5097 ipso
303 5019 394 5079 breve
422 5023 480 5090 est,
500 5034 562 5094 quo
583 5032 764 5092 permanens
792 5031 854 5074 non
880 5019 934 5074 est
992 5011 1079 5071 tionis
1093 5007 1232 5082 erumpit.
1250 5005 1406 5080 Sequitur:

104 5112 263 5186 Sequitur:
1026 5103 1110 5158 vass.
1125 5103 1152 5160 e.
1165 5103 1192 5154 7.
1208 5097 1295 5169 nece,
1308 5099 1336 5154 et
1349 5109 1397 5152 me
1419 5094 1497 5151 sicia
1511 5096 1540 5148 et
1563 5095 1590 5148 te
1604 5089 1676 5161 fecit
1690 5087 1823 5156 Devs,.et

399 5203 512 5259 CAPUT
529 5198 641 5258 lllllltll.
991 5193 1027 5248 de
1041 5191 1140 5247 eodan
1156 5188 1219 5244 tvto
1230 5201 1283 5258 epo
1297 5199 1414 5258 qvoqve
1434 5183 1585 5254 senectus
1604 5194 1680 5236 svm.
1703 5175 1823 5230 me-

137 5293 226 5350 teas.
242 5289 592 5362 l,t..ta‹itipttvr,.iotr,
612 5287 731 5362 etoquia
745 5301 821 5354 mcv,
837 5289 937 5341 stom·
991 5286 1091 5336 tumen
1103 5275 1388 5334 mirecvtvmvsevm
1402 5260 1823 5332 nontermvaaetetoqvev·
1913 5285 1915 5292 ·

104 5395 153 5438 ves
166 5395 319 5438 semoveas
333 5375 772 5447 metamaucensium-vt
783 5389 814 5431 os
828 5389 936 5436 meum,
992 5371 1035 5426 tie
1049 5381 1115 5424 mec
1128 5381 1189 5422 von
1204 5365 1241 5420 sit
1257 5363 1312 5420 tibi
1323 5363 1437 5435 pravis.
1451 5389 1486 5400 ·-
1499 5353 1576 5422 Quid
1601 5355 1646 5406 est
1659 5349 1718 5403 hoc
1739 5343 1823 5418 quod

106 5470 253 5543 aquetur
279 5470 385 5542 depae
416 5481 481 5524 mea
507 5467 540 5522 iv
562 5465 707 5537 lusidius
729 5463 810 5520 meis.
827 5493 862 5502 -
878 5463 938 5518 tloc
992 5457 1057 5514 liliu
1071 5455 1208 5512 ordinem
1220 5467 1298 5509 vera
1310 5447 1490 5508 conditionis
1502 5437 1648 5510 agnoscit,
1659 5433 1823 5491 atmodum

106 5560 186 5616 enim
210 5559 305 5617 hebet
331 5555 489 5633 proprium
511 5554 648 5612 doctrina
673 5549 890 5626 arrogantium,
906 5555 939 5608 ut
991 5553 1079 5604 rectae
1093 5541 1253 5602 locutionis
1266 5533 1462 5611 ignoratnisi
1477 5531 1534 5585 boc
1549 5525 1632 5600 quod
1646 5527 1823 5594 arrogantes
1934 5565 1938 5572 .

105 5647 262 5712 humiliter
274 5647 411 5708 mactant
424 5645 532 5704 interra
558 5641 642 5718 quod
663 5643 783 5712 docent,
808 5645 838 5698 et
856 5643 938 5697 reeta
993 5651 1100 5695 omnes
1127 5632 1242 5692 cunctis
1263 5629 1387 5704 quidem
1414 5616 1590 5679 hominibus
1613 5613 1768 5690 equaliter
1791 5625 1823 5667 se
