4104 6162
122 60 173 120 cto
465 66 500 96 ‘-
530 64 575 119 ns
599 63 678 120 vrri
695 64 723 120 s.
739 63 890 122 ιιιιιιιιιιι
913 53 1051 120 comis
1067 58 1243 117 suanno.
1266 96 1300 107 -
1321 35 1386 122 us.
1403 68 1425 120 ι.
1783 73 1835 126 reo
1918 136 1923 146 ,

122 187 223 253 sceret,
240 182 299 240 nisi
313 184 481 242 tentationis
503 183 644 242 articarius
665 184 855 261 obrepsisset.
868 188 951 242 Nunc
969 179 1166 251 guideretur,
1191 183 1343 241 manicare
1367 185 1422 256 (80)
1451 185 1574 259 studuit,
1602 189 1630 244 et
1656 187 1836 263 priusquam

120 287 190 330 vero
206 276 238 329 tu
251 278 391 346 expertus
406 274 503 347 qualis
527 275 618 330 homo
641 290 695 348 per
719 292 761 348 se,
776 275 875 350 qualis
898 289 952 347 per
1006 268 1188 328 illucesceret
1214 272 1374 346 proticisci.
1406 275 1536 332 cavebat
1561 276 1673 351 quippe
1710 276 1742 334 in
1777 278 1836 336 hoo

121 361 169 418 Dei
196 361 323 432 gratiam
351 362 397 434 sit,
411 362 542 436 compati
566 363 737 437 supplicum
754 368 874 422 tuorum
895 362 953 419 ira·
1006 359 1159 429 turgidum
1172 360 1296 433 fastum,
1309 378 1347 419 ne
1363 378 1395 418 se
1410 364 1552 437 cuiquam
1567 366 1687 424 tardum
1710 371 1763 426 aut
1777 367 1835 425 dii-

121 449 224 520 gilitati
255 465 293 506 ne
332 449 512 521 dedigneris.
548 452 723 509 Nouerimus
751 457 852 510 autem
880 450 953 526 quia
1004 445 1115 504 ficilcm
1129 454 1292 522 praestaret,
1318 456 1350 508 ut
1363 452 1456 508 moris
1472 458 1518 510 est
1539 470 1619 512 nunc
1638 455 1834 530 quibusdam,

120 554 181 596 non
195 543 239 596 est
256 538 586 598 inconsuetumsanctis
606 541 721 599 tentari.
737 542 857 600 insertis
871 541 952 600 enim
1005 536 1058 610 qui
1081 537 1162 596 velut
1189 539 1226 596 de
1253 541 1387 598 thalamo
1412 542 1619 614 procedentes,
1633 545 1717 618 prius
1741 547 1836 604 ebrie-

121 633 266 701 corrupta
291 635 406 686 nature
430 629 508 687 vitiis
532 635 707 699 nascuntur,
723 631 833 690 scilicet
857 635 890 688 ut
915 630 952 686 si·
1005 625 1102 683 tatise
1128 629 1304 702 mancipant
1331 646 1425 703 quum
1453 630 1558 688 amicis
1587 637 1738 708 praestent,
1762 651 1835 694 con-

121 717 188 774 cubi
214 721 335 787 certent,
361 723 506 776 certantes
535 719 665 791 vineant,
689 720 839 778 vincentes
868 735 951 776 coro·
1005 719 1051 772 tra
1076 715 1149 773 illud
1176 719 1334 792 Scriptura
1361 719 1516 778 dicentis:
1555 722 1603 778 Va
1632 727 1721 781 terra
1748 727 1835 796 cedas

119 811 238 864 nentur.
268 807 390 864 interest
423 814 523 866 autern
551 809 620 883 quis
640 809 868 867 delectationem
889 805 951 866 vitii
999 805 1155 876 panderes
1170 822 1258 864 arana
1271 808 1428 865 concrederet
1450 810 1524 880 (lsai
1537 827 1566 880 v,
1582 812 1635 878 ll).
1665 811 1755 884 Atqui
1783 814 1836 869 Ge·

119 895 266 968 recipiens
289 896 477 965 succumbat,
499 901 551 954 aut
569 897 637 970 quis
657 897 755 954 eidem
777 913 950 972 repugnans
1003 892 1107 950 raldus
1129 895 1258 952 nonita.
1275 895 1364 952 Valde
1390 897 1469 954 enim
1493 897 1616 968 indigne
1641 897 1781 968 ducebat,
1804 903 1837 958 ut

118 984 219 1042 vineat
237 1000 273 1041 ac
297 984 493 1043 delectatione
515 986 658 1044 virtutum
691 986 791 1061 potius
818 992 950 1044 mentem
1003 983 1057 1056 qui
1070 983 1171 1040 multis
1184 985 1325 1058 praelatus
1338 991 1402 1044 erat
1416 987 1607 1056 etdominus‚
1620 988 1763 1046 vitiorum
1778 988 1835 1046 do·

117 1089 284 1147 occupans,
313 1090 466 1132 venenum
495 1091 597 1149 pravae
626 1075 839 1146 delectationis,
866 1073 950 1149 quod
1003 1072 1159 1130 minutioni
1173 1073 1385 1132 fieretservns.
1401 1077 1528 1149 lejunus
1542 1077 1604 1134 ibat
1628 1078 1669 1134 ad
1691 1077 1836 1152 placitum

117 1164 157 1221 ed
178 1164 287 1220 horam
308 1163 382 1222 forte
406 1165 609 1238 insumpserit,
638 1166 773 1224 antidoto
801 1166 857 1239 pise
879 1180 950 1238 sup·
1003 1177 1041 1219 ne
1068 1177 1169 1219 mersa
1197 1163 1355 1236 sobrietate
1381 1165 1504 1222 rationis
1529 1165 1643 1238 judicio
1681 1167 1834 1224 caruisset.

116 1253 287 1327 plicationis
304 1269 369 1311 ase
390 1253 523 1328 repellat.
540 1257 577 1312 et
600 1254 777 1312 adolescens
800 1253 849 1311 bic
871 1253 948 1328 peri·
1003 1251 1176 1324 Inquirebat
1190 1257 1290 1310 autem
1305 1254 1379 1326 quid
1406 1255 1521 1326 Christi,
1547 1255 1621 1328 quid
1644 1255 1738 1330 pacis,
1753 1255 1837 1330 quod

116 1341 176 1398 culi
202 1342 407 1415 experimento
436 1342 603 1414 discretior,
628 1343 704 1400 sicut
725 1343 835 1418 aliquis
853 1342 884 1398 in
904 1342 949 1398 lu·
1003 1354 1164 1396 commune
1175 1340 1292 1398 bonurn
1304 1342 1466 1414 preferret.
1483 1347 1552 1401 Post
1563 1349 1836 1403 nocturnasautem

114 1429 199 1486 brico
213 1434 283 1504 post
295 1429 509 1504 impactionem
521 1431 617 1504 pedis,
634 1431 749 1488 cautius
777 1429 947 1499 incedebat,
1002 1427 1107 1484 laudes
1122 1429 1147 1485 si
1162 1429 1295 1502 quolibet
1303 1429 1557 1504 proficiscendum
1569 1439 1641 1506 erat,
1657 1433 1837 1492 misssarum

116 1519 191 1576 satis
206 1535 315 1578 caseus
330 1523 360 1577 et
372 1520 456 1578 cordi
476 1520 542 1592 ejus
564 1520 639 1579 nihil
663 1519 742 1578 oculi
764 1520 984 1600 nuntiarentss
1004 1515 1246 1590 subsequebatur
1258 1518 1432 1576 solemnitas
1446 1539 1453 1574 ε
1469 1520 1510 1576 ita
1538 1519 1645 1577 dinus
1672 1521 1836 1579 clementiae

115 1608 198 1666 unde
213 1625 296 1666 mors
310 1610 426 1683 adejus
439 1609 574 1668 animam
596 1625 649 1685 per
673 1609 819 1670 fenestras
843 1625 948 1666 eorum
1003 1621 1034 1662 se
1062 1621 1193 1680 suosque
1219 1607 1409 1666 committens
1439 1607 1553 1666 abibat.
1588 1610 1735 1666 Praedicta
1762 1625 1836 1667 sane

117 1697 313 1755 subintraret.
1002 1693 1166 1764 Dominiea,
1183 1694 1330 1768 quoniam
1345 1711 1468 1754 neeesse
1492 1696 1589 1754 iuerat
1605 1702 1674 1754 ante
1694 1712 1837 1756 auroram

152 1789 341 1846 ltcaeterum
353 1786 451 1844 dulcis
466 1787 610 1846 Dominus
634 1803 670 1844 ac
689 1787 864 1861 rectus,qui
887 1802 948 1844 ser·
1002 1783 1191 1857 proficiscere
1223 1785 1416 1859 [proticisci],
1455 1785 1580 1844 missam
1622 1785 1835 1860 preterierat:

114 1892 190 1934 vum
202 1893 293 1934 suum
306 1875 468 1934 Gereldum
481 1892 500 1932 a
512 1880 627 1949 stupro,
647 1875 766 1949 pietatis
789 1875 950 1933 dulcedine
1003 1889 1097 1947 quam
1109 1873 1219 1930 scilicet
1230 1873 1347 1947 expleto
1371 1875 1479 1949 placito
1495 1891 1565 1932 cum
1592 1879 1726 1948 speraret
1749 1875 1837 1934 audi·

115 1965 256 2032 serravit,
268 1965 376 2038 punire
389 1980 460 2020 eum
484 1979 540 2038 pro
564 1964 818 2036 concupiscentia,
833 1963 951 2020 rectitu·
1003 1977 1046 2032 re,
1061 1977 1214 2036 nusquam
1227 1961 1373 2036 possibile
1386 1963 1451 2022 fuit.
1466 1967 1585 2022 ltoestus
1612 1964 1702 2036 igitur
1729 1964 1837 2022 admo-

115 2052 198 2108 dinis
210 2068 337 2110 censura
351 2068 413 2110 non
428 2052 537 2110 omisit.
553 2051 661 2126 Elapso
671 2052 784 2126 quippe
799 2067 861 2110 non
874 2051 951 2109 mul-
1005 2050 1079 2108 dum
1092 2050 1288 2125 discurrebat,
1303 2069 1440 2126 quaerens
1454 2053 1507 2112 ubi
1532 2054 1634 2128 aliqua
1657 2070 1726 2128 spes
1751 2069 1837 2128 repe-

116 2145 219 2198 torum
233 2142 351 2199 dierum
362 2146 506 2216 tempore,
521 2157 575 2214 per
591 2157 687 2198 unum
709 2146 737 2200 et
761 2157 797 2200 eo
820 2140 951 2214 amphus
1005 2139 1222 2198 riendifuisset.
1244 2143 1317 2199 Cum
1331 2158 1403 2199 vera
1422 2142 1840 2216 nequidquam,advocatele·

113 2244 234 2286 annum
247 2229 436 2301 glaucomate
451 2229 597 2287 caecicatis
606 2245 692 2286 reum
703 2245 793 2286 suurn
803 2229 950 2299 connivit,
1004 2229 1083 2295 ricus
1098 2230 1230 2303 quitum
1255 2230 1329 2288 sorte
1353 2231 1488 2300 aderant,
1511 2237 1540 2290 et
1566 2248 1636 2290 cum
1660 2233 1706 2289 his
1732 2247 1839 2290 omncs

113 2323 150 2376 ut
161 2319 241 2376 oculi
252 2320 305 2392 qui
320 2319 420 2377 iDicita
431 2319 579 2390 viderant,
592 2334 648 2376 nee
671 2317 752 2376 licite
775 2319 898 2392 quidem
911 2320 952 2376 ad
1005 2318 1220 2392 psalmistanos
1242 2319 1359 2390 milites,
1375 2321 1497 2378 dicens:
1523 2323 1585 2380 llea
1605 2321 1725 2395 proprie
1749 2320 1840 2394 culpa

113 2412 237 2480 tempus
250 2407 350 2466 videre
364 2411 498 2482 possent.
515 2411 591 2465 Dum
614 2406 738 2482 quidem
754 2422 810 2464 nec
832 2407 864 2464 in
889 2406 952 2479 pal·
1006 2411 1061 2479 est,
1076 2407 1159 2480 quod
1170 2407 1235 2464 hoec
1250 2413 1354 2466 sancta
1373 2409 1480 2466 diesin
1506 2425 1622 2468 vanum
1646 2409 1736 2466 nobis
1758 2414 1839 2467 uan-

112 2498 230 2572 pebris,
246 2512 301 2554 nec
314 2497 346 2554 in
358 2497 494 2571 prunulis
509 2497 587 2569 eJus,
603 2511 731 2570 perpera
744 2495 887 2570 quelibet
900 2511 952 2569 ap.
1006 2495 1069 2552 siet.
1089 2496 1148 2554 Sed
1159 2501 1203 2554 est
1226 2497 1310 2570 quod
1333 2496 1374 2554 ad
1399 2497 1523 2554 laudern
1548 2497 1600 2555 Dei
1628 2497 1786 2570 iaciamus,
1801 2513 1840 2556 ne

111 2589 245 2662 pareret.
259 2589 406 2646 Noverant
418 2585 579 2643 familiares
590 2585 763 2652 cecitatem,
774 2589 803 2641 et
813 2585 951 2642 hancex-
1006 2585 1087 2644 diem
1102 2592 1240 2645 sanctam
1254 2588 1382 2646 inaniter
1394 2589 1573 2662 expendisse
1596 2589 1766 2648 videamur.
1792 2590 1840 2648 Di·

112 2676 229 2734 traneis
244 2675 433 2751 perspicaces
445 2675 566 2749 pupille
577 2691 697 2732 summo
705 2674 804 2732 studio
814 2673 953 2731 dissimu·
1006 2679 1090 2733 xerat
1103 2676 1179 2749 heac,
1193 2681 1221 2734 et
1232 2677 1410 2751 psalterium
1424 2695 1443 2736 a
1458 2679 1567 2754 capite,
1581 2679 1624 2736 nil
1639 2679 1764 2738 mortale
1790 2695 1839 2737 so·

111 2764 234 2822 labant.
252 2764 385 2822 illevero
398 2763 457 2820 sub
476 2778 571 2820 manu
593 2762 724 2820 ferientis
746 2761 866 2819 Domini
888 2777 952 2820 sese
1007 2780 1095 2834 nans,
1111 2781 1180 2822 cum
1193 2765 1307 2823 eisdem
1334 2768 1527 2840 percucurrit.
1554 2771 1597 2824 Ex
1619 2769 1676 2825 hcc
1697 2769 1762 2840 jam
1783 2768 1841 2826 sibi

111 2853 294 2925 humilians,
310 2857 456 2927 tanquam
472 2852 511 2910 sd
524 2852 590 2924 ejus
602 2851 721 2923 flagella
735 2856 859 2924 paratus
872 2855 952 2908 tace·
971 2891 993 2947 ο
1007 2853 1258 2912 consuetudinem
1272 2856 1375 2912 statuit
1386 2860 1419 2912 ut
1432 2856 1608 2930 psalterium
1620 2857 1840 2930 benequotidie

109 2944 181 3002 bat.
197 2941 373 3000 liedieinam
387 2957 460 3000 sane
471 2955 648 3015 corpoream
660 2955 716 2996 nco
726 2939 885 3008 reiutebat,
899 2955 952 2997 ne·
1007 2943 1151 3001 recitaret.
1166 2944 1231 3010 Duo
1243 2943 1383 3000 videlicet
1405 2944 1544 3017 decurso,
1566 2945 1649 3002 velut
1672 2945 1842 3012 spiritaliter

111 3049 179 3108 que
193 3035 334 3102 urgenter
342 3030 507 3104 querebat,
519 3028 696 3104 prestolans
706 3028 953 3102 patienterqnan·
1006 3031 1155 3106 epidatus,
1170 3032 1301 3102 gaudere
1314 3032 1482 3102 videbatur,
1494 3037 1527 3090 ut
1538 3032 1612 3090 solet
1624 3032 1734 3106 aliquis
1746 3033 1841 3090 ambi·

111 3125 154 3182 do
166 3121 218 3180 vel
226 3120 354 3196 qualiter
369 3120 514 3179 Dominus
535 3136 609 3176 suus
627 3117 746 3192 expleta
758 3117 883 3176 feriendi
902 3135 954 3176 vo
1005 3122 1086 3179 bone
1099 3119 1246 3178 exsatiata
1260 3120 1365 3178 letari.

111 3209 233 3266 luntete
244 3208 370 3266 verbere
380 3208 559 3266 submovere
567 3207 720 3267 voluisset.
731 3209 858 3265 Noverat
871 3207 953 3266 enirn
1040 3212 1097 3269 llll.
1113 3211 1330 3285 llanupretium
1360 3210 1484 3282 videtur,
1501 3211 1525 3268 si
1550 3212 1746 3287 decerperis
1774 3212 1840 3284 eius

111 3296 592 3372 quodomnisfiliusflagellatur.
605 3296 825 3354 internusvero
843 3295 953 3354 arbiter
1005 3298 1181 3358 habitudine
1195 3299 1338 3373 quedam
1365 3300 1565 3374 proferamus.
1579 3304 1653 3358 Nam
1676 3301 1744 3359 licet
1770 3317 1841 3358 caro

111 3388 211 3444 etiam
226 3386 367 3444 minimas
382 3386 414 3444 in
436 3386 535 3444 electis
553 3385 615 3442 suis
628 3385 766 3444 maculas
780 3399 862 3442 nunc
882 3401 952 3460 pur·
1005 3405 1068 3448 non
1095 3388 1199 3462 prosit,
1229 3389 1298 3446 licet
1325 3389 1417 3448 iallax
1445 3390 1540 3463 gratia
1576 3391 1613 3448 sit
1636 3391 1839 3466 pulchritudo,

110 3567 231 3624 landet.
248 3566 334 3624 Etob
348 3565 380 3623 id
405 3564 558 3636 flagellum
579 3563 747 3622 hoccidem
769 3563 952 3638 intulitque
1005 3567 1192 3643 quibusdam
1221 3569 1304 3639 solet,
1333 3569 1524 3628 laudandum
1552 3575 1597 3628 est
1623 3571 1654 3627 in
1690 3572 1749 3628 hoe
1776 3570 1840 3628 viro

19 3699 25 3720 .
111 3655 353 3729 mensjuventtis
367 3659 396 3714 et
406 3655 444 3712 de
458 3654 606 3728 praeterito
619 3657 808 3728 purgaretur,
824 3659 852 3710 et
866 3653 898 3711 in
909 3653 953 3710 fu·
1005 3657 1089 3731 quod
1103 3661 1132 3714 et
1145 3657 1363 3729 venustusiuit,
1377 3663 1407 3715 et
1417 3675 1449 3716 se
1460 3675 1516 3716 nec
1529 3659 1661 3716 libidinis
1676 3675 1763 3716 coeno
1787 3659 1839 3714 ioe·

112 3751 188 3805 turo
203 3745 374 3804 defaecatior
387 3748 563 3803 servaretur.
578 3746 653 3827 Dum
665 3759 736 3814 ergo
745 3745 823 3800 Deus
839 3743 954 3817 exples·
1006 3746 1097 3803 davit.
1115 3745 1260 3803 Geraldus
1276 3746 1366 3817 igitur
1381 3749 1501 3804 staturae
1516 3746 1686 3814 mediocris,
1707 3751 1736 3804 ct
1748 3751 1838 3816 totus,

112 3841 161 3894 set
174 3833 453 3894 ineovoluntatem
474 3847 571 3901 suem,
592 3831 746 3904 flagellum
768 3831 905 3904 dimovit,
924 3835 953 3888 et
1006 3834 1170 3902 utdicitur‚
1196 3833 1383 3906 euphormis,
1399 3834 1429 3890 id
1459 3839 1504 3892 est
1529 3835 1607 3890 hene
1631 3833 1789 3891 formatus.
1806 3837 1839 3890 Et

110 3925 221 3984 lucem
235 3924 301 3998 ejus
316 3923 411 3981 oculis
426 3921 586 3998 reparavit.
1006 3939 1077 3980 cum
1101 3921 1342 3995 unumquodque
1372 3922 1544 3978 membrum
1569 3939 1625 3979 sua
1647 3921 1839 3995 pulchritudo

151 4014 207 4070 xl.
217 4016 284 4071 lam
295 4027 367 4071 vero
381 4012 440 4085 ille,
451 4009 539 4085 quasi
553 4008 681 4066 excoctis
691 4023 746 4082 per
760 4007 952 4066 afflictionem
1006 4011 1195 4085 compsisset,
1212 4009 1321 4067 collum
1337 4014 1439 4068 tamen
1449 4010 1491 4068 ita
1503 4009 1711 4082 candidulum,
1725 4013 1754 4066 et
1766 4025 1840 4082 qua-

112 4102 273 4167 sensibus.
283 4102 377 4160 uum
388 4101 460 4160 satis
474 4100 633 4156 honestam
646 4096 785 4162 ducebat,
798 4101 827 4154 et
840 4097 953 4156 medio·
1007 4101 1032 4157 si
1046 4099 1086 4157 ad
1099 4114 1238 4156 normam
1250 4097 1371 4155 vivendi
1385 4099 1564 4157 decusatum
1579 4097 1721 4167 habebat,
1741 4103 1775 4154 ut
1788 4097 1839 4155 vix

110 4194 238 4250 ximum
250 4190 437 4249 discretionis
447 4188 554 4246 callem
565 4187 596 4244 in
607 4191 713 4244 neutra
722 4190 806 4260 parte
830 4185 953 4261 pronior
1006 4187 1086 4248 aliud
1103 4191 1165 4245 tarn
1180 4187 1346 4258 gratiosum
1374 4187 1484 4245 vidisse
1506 4191 1534 4245 te
1557 4191 1688 4262 putares.
1716 4187 1839 4260 Elegan-

112 4280 361 4354 agebat.Scilieet
374 4285 405 4336 ut
420 4277 555 4338 werneri
568 4276 689 4349 negotio
704 4276 876 4333 suamunia
889 4291 952 4332 non
1005 4279 1078 4337 tiam
1110 4290 1183 4334 sane
1212 4277 1345 4351 corporis
1372 4281 1515 4335 venustas
1543 4277 1637 4335 animi
1665 4276 1838 4335 decorabat.

110 4370 283 4440 fraudaret,
294 4386 350 4427 nec
365 4385 384 4426 a
397 4367 548 4440 religionis
562 4365 644 4424 cultu
655 4370 771 4424 terrena
783 4382 814 4423 se
825 4381 954 4438 occupa·
1006 4368 1089 4426 Unde
1102 4367 1134 4423 in
1148 4365 1333 4440 frontispicio
1345 4367 1412 4439 ejus
1433 4367 1532 4424 cordia
1558 4366 1705 4424 habitudo
1732 4366 1839 4424 subru-

112 4463 202 4520 bone
211 4458 545 4518 tricaret:honestiores
554 4457 635 4513 viros
646 4455 702 4512 sibi
712 4455 888 4514 familiarius
898 4455 952 4512 ad·
1005 4457 1120 4514 tilabat.
1146 4458 1206 4513 Hoc
1229 4459 1258 4512 et
1285 4455 1432 4529 scriptura
1458 4459 1595 4528 testatur,
1622 4455 1727 4513 dicens
1754 4454 1838 4528 quod

110 4550 278 4625 jungebat,
287 4554 316 4607 et
337 4548 459 4606 elericos
482 4544 613 4604 melioris
638 4544 737 4615 fame,
751 4560 822 4602 eum
842 4544 953 4618 quibus
1006 4547 1083 4604 risus
1122 4544 1269 4617 dentium,
1304 4549 1334 4602 et
1368 4560 1511 4601 occursus
1549 4544 1646 4615 ieciei,
1661 4543 1838 4617 qualitatem

112 4641 265 4700 domivel
278 4639 349 4698 ioris
358 4638 496 4696 divinum
508 4635 715 4708 officium,aut
727 4633 826 4699 simul,
845 4637 897 4691 aut
909 4633 953 4691 vi·
1005 4633 1153 4692 interioris
1175 4633 1306 4690 hominis
1342 4632 1541 4690 demonstrat.
1568 4633 1744 4688 Gustaverat
1772 4631 1839 4703 jam

111 4733 203 4789 ritim
217 4729 383 4788 exercebat.
395 4725 684 4786 VeneratDominica
697 4724 771 4793 dies,
785 4728 814 4781 et
835 4723 883 4781 ille
902 4740 954 4781 ne·
1007 4723 1152 4798 quoniam
1165 4721 1261 4778 dulcis
1289 4725 1334 4778 est
1361 4720 1515 4790 Dominus,
1527 4724 1556 4776 et
1581 4719 1685 4792 sponsi
1710 4719 1839 4778 ooelestis

113 4817 561 4892 cessehabebetadquoddam
582 4813 725 4889 placitum
745 4813 803 4886 (79)
822 4829 859 4870 ex
885 4827 956 4870 con·
1007 4812 1154 4898 quoniam
1169 4809 1269 4868 suauis
1282 4809 1458 4884 amplexus3
1486 4815 1515 4866 et
1540 4808 1651 4867 ideirco
1679 4808 1840 4884 pulchram

112 4913 207 4969 dictu
218 4909 331 4981 venire,
342 4923 404 4982 quo
417 4906 528 4964 scilicet
540 4903 657 4962 nobiles
671 4902 797 4976 quidam
812 4903 866 4960 viri
882 4918 955 4960 con·
1009 4901 1118 4959 animae
1137 4899 1269 4973 speeiem
1294 4913 1357 4955 non
1384 4898 1554 4972 patiebatur
1579 4898 1612 4955 in
1636 4897 1732 4956 oculis
1759 4899 1840 4972 ejus-

112 4999 241 5057 venturi
252 5003 346 5057 erant.
359 4999 440 5065 Quos
453 5011 492 5053 ne
515 4993 630 5052 tardius
656 4991 781 5048 veniens
803 4991 954 5050 demorari
1009 4991 1080 5048 dem
1094 4988 1199 5064 sponsi
1225 4987 1419 5046 delectatione
1448 4987 1545 5045 earnis
1565 4986 1740 5046 illecebrari.
1762 4987 1842 5046 Sole-

157 5166 220 5230 (79)
230 5161 276 5217 Ad
284 5159 435 5233 quoddam
444 5157 602 5228 placitum.
618 5152 712 5210 idest
732 5150 891 5224 judicium,
906 5155 959 5210 aut
1009 5148 1165 5208 Vindocin.
1177 5147 1374 5222 epist.24,lib.
1385 5147 1415 5216 ιι,
1428 5147 1512 5221 quod
1518 5146 1626 5220 synod.
1640 5145 1748 5202 arelat.
1760 5160 1799 5211 ιιι,
1815 5161 1841 5200 c.

114 5228 532 5302 conventumjudiciicausa.
550 5224 956 5299 Synod.Tur0n.ru,can.35:
1013 5225 1056 5293 iti,
1077 5243 1091 5272 c
1113 5220 1302 5277 causationes
1337 5218 1627 5292 disceptationesque
1657 5229 1803 5280 exercere,
1829 5235 1842 5265 ι

114 5325 132 5356 «ι
145 5297 519 5376 Proquolibetplacitovel
529 5295 670 5370 judicioa
681 5293 815 5368 qualibet
825 5309 959 5366 persona
1011 5291 1095 5350 dixit.
1110 5290 1215 5374 Nostri,
1229 5291 1318 5361 plaid
1332 5295 1362 5346 et
1370 5291 1504 5370 plaidea
1731 5355 1737 5367 .

113 5389 254 5432 munere
281 5373 408 5444 exigere.
446 5391 459 5421 s
484 5372 518 5426 Et
537 5368 589 5424 lib.
612 5383 652 5436 ru,
680 5365 818 5439 capitul,
843 5381 868 5421 c.
899 5367 957 5420 84:
1047 5364 1284 5436 (domesticare.
1299 5362 1421 5428 Martae,
1436 5375 1507 5431 equi
1533 5356 1614 5429 apud
1640 5359 1793 5439 florenum
1816 5359 1845 5413 et

114 5470 131 5498 «ι
148 5445 221 5502 Unu
260 5445 366 5517 uisque
393 5441 537 5499 comitum
559 5438 708 5566 placitum
728 5452 818 5492 suum
836 5434 958 5506 habeat,
1013 5435 1225 5494 aliosveteres.
1247 5433 1317 5489 inde
1332 5433 1495 5494 manicare,
1515 5443 1594 5499 equo
1620 5429 1696 5498 vehi,
1713 5433 1846 5502 equitem

114 5512 496 5589 etjustitrasiaoiat.»Unde
505 5515 559 5583 etp
571 5507 776 5582 acitare,apud
786 5505 958 5564 soffredum
1013 5519 1112 5578 agere,
1128 5504 1273 5578 equitare.

301 5607 424 5660 Parnon.
445 5597 578 5660 cxxDll.
1633 5591 1664 5645 tt
