4120 6154
240 71 292 132 323
755 61 783 124 s,
800 57 930 123 ODONlS
945 55 1095 124 caetris
1109 51 1367 124 ctuuiaonusm
1387 55 1421 116 ll.
1899 60 1952 126 aaa

238 191 324 262 fugit,
339 189 391 264 qui
401 189 475 251 dum
486 185 571 260 pravi
584 184 734 252 interitum
749 183 904 258 conspicit,
919 182 983 242 vias
996 197 1066 255 pra*
1087 183 1105 236 t
1124 177 1314 241 afflictionem
1323 177 1583 250 carnis,rclctiarn
1595 195 1649 252 per
1657 179 1837 253 martyrium
1850 181 1949 254 mutis,

238 280 336 338 vitatis
354 277 502 350 relinquit.
523 275 604 332 Unde
620 274 719 336 adbuc
734 274 887 333 subditur:
1122 269 1176 326 sed
1191 269 1360 342 locumque
1371 267 1504 327 debeatis
1519 267 1642 326 conflari
1653 269 1782 330 noscitis.
1794 270 1949 346 Sequitur:
2055 306 2056 315 ι

274 371 357 432 Veis,
367 371 411 426 23,
421 366 552 438 stt-inqu
566 365 634 434 (57),
648 365 774 436 stringet
783 378 873 432 saper
887 377 953 423 cam
960 376 1067 420 marrus
1157 360 1273 416 Versa.
1282 359 1407 414 Ferrum
1421 359 1457 416 de
1470 364 1552 414 terra
1568 359 1741 418 tollitur.—-
1755 357 1856 420 Solent
1865 359 1952 420 herc-

237 473 317 517 suas,
334 489 368 498 -
380 459 484 518 Manus
499 453 612 531 quippe
627 453 770 522 stringere
784 451 905 511 servite
921 467 982 506 suae
997 466 1067 524 cpa-
1121 448 1168 511 tici
1183 448 1220 506 dc
1240 447 1360 520 justitiae
1380 464 1442 506 sure
1464 451 1567 504 contra
1591 465 1648 506 nos
1672 447 1799 514 alatione
1820 448 1949 520 gloriari,

236 561 270 603 ra
284 543 459 611 rectitudine
472 541 659 602 confirmare.
679 541 759 602 Unde
778 541 867 598 enam
883 539 991 596 Paulus
1006 540 1064 598 ait:
1121 541 1210 610 alque
1239 553 1333 610 Opes&
1357 552 1424 600 ⁸1¹³.
1438 537 1644 594 Osiesstflfiffllis
1667 537 1821 602 inflafifflfl
1834 539 1949 611 immi·

238 659 251 686 ι
260 631 727 702 tremissasmenus,etdisscluta
740 646 838 701 genua
850 629 951 698 crigite
961 629 1064 700 (Habe.
1120 642 1236 700 uosque
1249 627 1369 700 iniquos
1380 630 1412 682 ut
1422 626 1564 698 diximus,
1578 631 1629 684 aut
1644 643 1718 696 csso,
1731 633 1783 688 aut
1797 627 1889 688 fuisse
1900 629 1950 688 ori·

237 741 285 799 111,
303 723 356 794 re),
372 746 386 773 »
410 725 487 782 pum
505 720 605 796 itaque
621 718 753 779 alienum
774 718 924 778 interitum
949 717 1065 790 conspi-
1120 715 1281 775 minantur.
1299 716 1353 772 Pcr
1377 716 1580 777 humillimam
1596 732 1667 788 crgo
1681 716 1902 776 contessionem
1924 723 1951 776 at

236 813 319 870 ciunt
331 816 485 868 revocatur
498 809 537 870 ad
551 825 612 878 cor,
626 813 658 864 ut
667 807 827 876 recogitent
836 823 936 872 suum,
946 811 974 862 et
987 805 1066 862 uncle
1123 821 1259 862 veracem
1274 804 1478 862 defensionem
1494 810 1660 862 contraeas
1672 805 1715 867 vir
1725 810 1847 866 sanctus
1858 805 1952 882 toqui·

237 900 314 957 alius
340 899 379 958 ad
400 901 548 957 tormenta
569 897 696 964 ducitur,
709 912 726 952 a
746 901 892 954 tormento
908 894 983 952 alius
996 893 1065 948 indo
1120 897 1167 949 tur
1182 895 1287 952 dicens
1298 913 1304 950 ι
1317 896 1444 954 Ferrum
1458 896 1495 952 cle
1509 901 1592 952 terro
1605 897 1734 956 tollitur.
1755 896 1834 960 acsi
1851 903 1951 970 aperio

235 991 388 1048 liberatur.
410 989 539 1060 armauit
560 1003 631 1058 crgo
652 1001 742 1055 super
762 1001 828 1042 cnm
849 1000 956 1043 cianus
983 999 1064 1053 suas,
1119 983 1217 1040 dicat:
1231 986 1331 1042 Fortes
1344 983 1433 1053 igitur
1442 984 1494 1056 qui
1509 985 1690 1045 acutissimis
1702 985 1876 1056 linguarum
1890 986 1952 1056 gla-

236 1079 308 1154 quia
321 1077 468 1158 conspicit
482 1077 512 1137 ia
525 1075 623 1134 aliana
637 1074 821 1148 poenaquod
833 1071 1065 1144 timeat,ctdum
1120 1071 1176 1128 diis
1193 1071 1222 1128 in
1237 1072 1295 1128 hac
1310 1071 1577 1128 acicdelendcudre
1591 1073 1662 1133 fidei
1675 1073 1787 1134 terrum
1802 1075 1889 1144 liunt,
1901 1075 1951 1132 eli«
2056 1090 2057 1099 ¹

236 1167 459 1245 delinquentem
489 1165 531 1222 sic
555 1180 733 1240 percussum
762 1162 891 1236 respicit,
921 1161 1066 1220 dissoluta
1119 1161 1244 1233 quando
1259 1161 1375 1220 terrain
1388 1160 1499 1218 infimis
1512 1161 1816 1228 actionibuslueruut,
1828 1167 1951 1226 Peccan-

235 1272 328 1330 opera
341 1271 396 1312 sua
407 1253 527 1328 justitiae
549 1253 651 1324 vigore
671 1251 857 1320 constringit.
880 1251 950 1308 ilinc
973 1250 1064 1324 scrip·
1120 1249 1140 1306 ti
1153 1251 1265 1324 quippe
1274 1250 1387 1306 bomini
1401 1249 1513 1309 dictum
1525 1255 1583 1309 est:
1595 1255 1699 1310 «Terra
1709 1268 1753 1322 es,
1762 1251 1828 1312 etin
1842 1257 1950 1314 terram

235 1349 300 1402 tum
313 1348 374 1404 est:
392 1367 406 1393 «
422 1342 578 1403 Laetabitur
589 1342 687 1414 justus
701 1357 770 1400 cuin
785 1339 889 1399 viderit
903 1339 1064 1398 vindictam
1119 1339 1176 1396 ibis
1192 1341 1275 1412 (Gerr.
1289 1357 1330 1410 ru,
1345 1341 1402 1411 20).
1425 1362 1434 1392 ι
1457 1341 1510 1398 sad
1526 1345 1603 1400 terra
1617 1340 1729 1402 terrum
1745 1340 1866 1412 tollitur,
1882 1359 1950 1403 oum

236 1434 329 1506 (Psoi.
347 1449 412 1499 nvn,
432 1431 485 1498 ll),
502 1454 515 1481 »
531 1430 697 1502 etreliqua.
716 1429 869 1501 Sequitur:
884 1429 922 1484 Et
933 1429 1065 1486 sibilabit
1120 1429 1202 1484 fortis
1226 1433 1433 1502 propugnator
1461 1429 1597 1490 Ecclesia
1617 1447 1636 1488 a
1655 1435 1742 1501 terra,
1757 1446 1852 1504 quam
1867 1431 1950 1505 prim
2058 1425 2059 1450 ³

235 1539 325 1594 saper
338 1524 436 1590 ittam,
450 1523 568 1578 intuens
584 1521 681 1576 locum
693 1523 767 1590 ojus.
784 1551 818 1558 —
834 1517 911 1584 Quid
924 1517 955 1574 ιιι
967 1517 1063 1584 sibilo,
1080 1545 1100 1598 B
1119 1518 1222 1588 tenuit,
1243 1519 1360 1576 actione
1387 1523 1553 1592 separatur.
1572 1523 1635 1581 lton
1658 1535 1730 1591 crgo
1756 1519 1846 1578 debet
1869 1521 1901 1580 in
1914 1537 1949 1578 ao

234 1611 292 1668 nisi
316 1610 439 1668 intentio
455 1607 661 1668 admirationis
677 1607 875 1680 exprimitur?
898 1607 926 1663 Si
949 1622 1019 1662 vero
1033 1607 1064 1662 in
1119 1606 1231 1679 despici
1250 1605 1399 1680 quidquid
1419 1605 1483 1674 luit,
1499 1607 1552 1680 qui
1569 1608 1634 1682 jam
1649 1607 1763 1681 accepit
1787 1623 1851 1668 esse
1866 1609 1950 1682 quod

234 1697 320 1756 sibilo
333 1697 458 1758 fortasse
473 1696 532 1755 alia
546 1694 723 1766 significatio
743 1695 895 1768 quaritur,
919 1694 1064 1750 moriente
1119 1712 1180 1753 non
1195 1695 1258 1754 tmt
1274 1696 1428 1769 Sequitur:
1449 1697 1489 1754 Et
1506 1697 1583 1766 lupis
1605 1698 1720 1757 solutus
1742 1699 1843 1758 coloro
1858 1701 1891 1759 tn
1911 1715 1948 1758 ιιι

234 1794 390 1863 peccatore
411 1787 442 1844 hi
462 1785 515 1860 qui
535 1785 687 1844 interitum
709 1785 773 1856 ejus
798 1784 956 1856 aspiciunt,
979 1801 1014 1840 os
1033 1783 1064 1844 in
1119 1786 1255 1842 uertitur.
1285 1816 1320 1825 -
1341 1789 1422 1842 'runc
1443 1784 1521 1858 lapis
1540 1786 1638 1844 calore
1660 1785 1785 1854 solutus,
1806 1804 1878 1854 cum
1899 1804 1949 1844 cor

236 1877 321 1934 sibilo
347 1873 506 1948 stringunt,
519 1874 592 1932 dum
614 1873 653 1930 ad
676 1890 712 1932 ca
729 1890 798 1948 quae
822 1877 1065 1946 contempserant
1106 1874 1329 1948 ¹durumatquc
1344 1891 1362 1932 a
1375 1874 1949 1947 diviniamorisignetrigidom,ecdem

234 1965 328 2024 verba
343 1965 488 2042 spiritalia
502 1969 726 2036 convertuntur,
751 1968 781 2022 ut
805 1965 870 2036 jam
895 1965 1014 2022 credere
1036 1968 1064 2020 ct
1117 1964 1211 2024 <livini
1225 1964 1337 2024 amoris
1352 1963 1445 2036 [igne]
1457 1964 1598 2035 tangitur,
1614 1970 1644 2024 et
1656 1965 1688 2024 in
1698 1964 1814 2026 larvore
1828 1966 1949 2038 spiritus

234 2056 398 2131 praedicare
411 2055 564 2128 incipiant,
580 2070 649 2126 quae
665 2054 747 2127 prius
766 2054 841 2110 dum
855 2055 992 2130 iniquum
1007 2053 1062 2110 tlo-
1117 2054 1258 2128 liquatur,
1271 2060 1303 2112 ut
1315 2054 1356 2112 ad
1377 2059 1553 2128 sequentem
1574 2054 1665 2116 vitam
1677 2055 1859 2118 desiderium
1874 2061 1948 2118 astu

234 2159 298 2199 rere
313 2147 466 2199 cernerent
480 2157 542 2198 uon
556 2139 729 2199 credebant.
753 2139 824 2198 ilinc
840 2140 982 2201 Salomon
1002 2140 1061 2202 ait:
1118 2143 1231 2208 ardeat,
1248 2160 1342 2216 quam
1352 2144 1435 2218 prius
1450 2144 1577 2208 audieus
1601 2143 1781 2206 insensibilis
1795 2145 1947 2212 mansitat,

213 2229 950 2314 U«llulctatoPestilente,sapientiorcritparvulus
962 2231 1061 2302 (Pecu.
1118 2249 1154 2288 ax
1169 2249 1230 2305 quc
1248 2233 1355 2290 ardore
1371 2232 1480 2295 scilicet
1494 2237 1522 2294 et
1535 2232 1683 2295 emollitur
1698 2233 1738 2292 ad
1757 2249 1904 2302 amorem,
1919 2237 1948 2292 el

233 2340 296 2394 m,
315 2322 366 2400 ιι),
382 2346 396 2371 »
411 2321 462 2376 Vir
477 2319 565 2391 igitur
587 2324 708 2379 sanctus
724 2323 886 2392 postquam
906 2323 1062 2392 potentum
1118 2327 1260 2395 operatur
1286 2323 1325 2380 ad
1352 2324 1568 2395 operationem,
1594 2327 1627 2382 ut
1647 2323 1723 2382 aiom
1745 2324 1829 2396 prius
1853 2324 1948 2382 durus

233 2426 337 2483 paenas
351 2409 404 2482 qui
418 2407 599 2466 extolluntur
613 2407 644 2468 iu
653 2406 761 2470 saeculo
772 2405 951 2462 sufficienter
964 2406 1061 2480 explo-
1117 2411 1213 2470 iuerat
1235 2411 1266 2468 in
1280 2427 1383 2468 amore
1399 2411 1510 2482 seculi,
1524 2412 1565 2472 ita
1580 2429 1612 2470 se
1630 2412 1737 2472 loram
1751 2413 1948 2486 postmodum

233 2498 284 2568 vit,
295 2513 416 2558 rursum
430 2496 470 2552 ad
481 2495 689 2558 hereticorum
706 2495 890 2569 superbiam,
905 2496 958 2568 qui
969 2496 1062 2552 extol·
1117 2505 1253 2558 exerceat
1265 2501 1296 2556 in
1307 2517 1410 2561 amoro
1424 2502 1487 2560 Dei:
1502 2502 1623 2575 etquod
1639 2507 1708 2562 ante
1723 2502 1828 2562 audire
1842 2517 1947 2563 renue·
2053 2487 2054 2526 ³

233 2585 335 2644 luntur
349 2585 381 2644 in
405 2585 525 2658 eloquio
540 2583 630 2646 verba
644 2584 798 2642 convertit.
814 2588 889 2642 Nam
911 2585 1061 2659 sequitur:
1118 2589 1177 2658 bal,
1194 2595 1223 2646 et
1236 2589 1357 2652 credere
1371 2595 1401 2650 et
1412 2589 1577 2663 praedicare
1590 2590 1895 2664 incipiat,'Sequitur:
2051 2592 2054 2605 '

524 2673 638 2729 CAPUT
657 2672 768 2728 xlviii.
1152 2678 1281 2738 Versa
1311 2681 1435 2748 Tempus
1459 2680 1947 2752 westmonasteriensem

268 2767 353 2830 Vens,
372 2765 673 2834 auctoramentum
688 2778 832 2822 canorum
845 2767 1062 2836 sacracrario·
1115 2784 1183 2832 ram
1209 2768 1299 2836 finan
1327 2769 1389 2838 ipsc
1416 2770 1596 2827 ccruiderat.
1622 2799 1656 2812 -·-
1684 2771 1815 2842 Tempus
1845 2767 1949 2842 posuit
2055 2781 2057 2795 ·

233 2855 323 2927 cipio,
340 2860 367 2912 et
381 2869 456 2912 auro
473 2851 555 2912 lorus
570 2858 611 2908 est
626 2853 657 2908 ia
670 2868 728 2926 qno
745 2853 905 2923 conflatur.
918 2884 953 2893 -
968 2855 999 2910 ln
1013 2870 1095 2948 arc
1117 2857 1257 2926 tenebris,
1287 2857 1398 2930 iniquis
1424 2858 1562 2919 videlicet
1586 2857 1712 2922 modurn
1739 2857 1824 2931 quod
1850 2857 1948 2932 iniqui

233 2947 322 3014 ganto
335 2939 624 3014 eloquiuminauro
635 2940 700 2996 vitoe
717 2939 764 2998 vel
777 2940 929 3014 sapientiae
940 2940 1061 3000 claritas
1115 2962 1179 3006 essa
1194 2947 1339 3006 desistant
1350 2947 1430 3004 unde
1445 2947 1561 3010 eisdem
1575 2946 1813 3020 coapostolum
1821 2946 1946 3007 dicitur:

232 3033 383 3104 designari
397 3031 480 3089 solet.
496 3031 530 3088 Et
543 3029 616 3110 quia
631 3029 761 3088 haerebci
779 3030 820 3092 sic
835 3031 873 3086 de
888 3031 997 3104 eloquii
1015 3032 1061 3092 sui
1115 3035 1207 3094 Eratis
1221 3035 1385 3109 aliquando
1413 3036 1553 3105 tenebra,
1568 3052 1651 3097 nunc
1665 3040 1767 3100 autam
1777 3035 1830 3098 iux
1842 3036 1875 3095 in
1890 3039 1947 3100 llo-

231 3121 326 3178 nitorc
354 3119 539 3194 superbiunt,
568 3121 600 3174 ut
623 3117 704 3174 nulla
732 3135 888 3174 sacrorum
915 3120 1061 3180 librorum
1115 3124 1346 3196 misellinis,
1371 3126 1424 3198 la).
1439 3144 1454 3180 ι
1469 3127 1550 3186 Sicut
1563 3124 1628 3186 aliis
1647 3141 1769 3199 quoquo
1789 3123 1948 3198 discipulis

232 3210 406 3268 auctoritate
431 3207 608 3265 solidentur:
638 3206 691 3286 qui
714 3206 782 3264 libri
810 3207 849 3266 ad
873 3208 1060 3282 loquendum
1113 3213 1211 3273 isdem
1226 3214 1583 3288 doctoregrcgiaadixit:
1600 3217 1692 3274 «Nox
1706 3213 1947 3288 mansetudine

231 3297 320 3360 nobie
334 3296 421 3372 quasi
435 3295 577 3379 quaedam
601 3295 715 3366 argenti
738 3311 820 3352 vena
841 3299 920 3366 sunt,
936 3295 1008 3370 quia
1022 3296 1060 3354 do
1114 3309 1214 3365 summ
1229 3304 1491 3378 appropinquavit.
1507 3304 1693 3376 abjiciamus
1708 3319 1780 3380 erqo
1793 3321 1888 3378 opera
1903 3310 1947 3365 to-

232 3385 306 3460 ipsis
321 3385 480 3446 locutionis
494 3389 603 3442 nostrae
619 3385 765 3456 originem
782 3385 937 3456 nummus,
952 3403 1005 3442 eos
1021 3385 1061 3444 ad
1113 3392 1287 3461 nebrarum,
1300 3397 1329 3450 et
1353 3392 1517 3455 induamus
1532 3409 1589 3456 nos
1604 3409 1691 3456 arma
1711 3393 1798 3464 lucis,
1815 3393 1894 3453 siout
1914 3392 1947 3454 in
2057 3419 2058 3422 ¹

233 3491 326 3532 sacrae
337 3473 521 3533 auctoritatis
532 3473 660 3547 paginas
669 3478 799 3542 revocat,
813 3478 845 3530 ut
860 3474 884 3530 si
898 3489 965 3532 vere
978 3473 1061 3548 loqui
1112 3481 1160 3538 die
1179 3481 1303 3542 honeste
1318 3481 1513 3546 annuemus
1526 3483 1619 3554 (Rom.
1635 3498 1701 3551 atti,
1719 3481 1772 3554 ta).
1789 3504 1802 3534 ι
1819 3481 1943 3540 Univer-

233 3563 414 3636 desiderant,
431 3563 501 3622 indo
516 3577 633 3620 sumere
647 3562 778 3620 debcant
791 3563 865 3638 quid
887 3563 1059 3636 loquantur,
1113 3587 1216 3628 sorum
1230 3571 1353 3636 nomine
1366 3571 1475 3630 electos
1489 3577 1518 3632 et
1537 3572 1683 3646 reprobos
1698 3571 1793 3632 voluit
1805 3587 1947 3644 compre-

231 3658 260 3710 et
274 3653 331 3712 ait:
346 3653 446 3712 Habet
461 3657 619 3726 arpentum
635 3667 779 3710 cenarum
799 3667 925 3710 suoram
942 3654 1058 3724 emaci·
1112 3659 1214 3720 bandi
1227 3665 1301 3720 Nam
1323 3661 1532 3720 benefaciens
1547 3666 1576 3720 et
1592 3662 1735 3724 ordinans
1755 3665 1845 3732 Deus,
1862 3660 1947 3721 mma

227 3745 291 3816 pic.
305 3748 347 3810 Ac
362 3743 386 3800 si
401 3749 504 3817 aperte
522 3742 623 3800 dicat:
639 3741 716 3810 quid
728 3742 766 3802 ad
781 3757 858 3800 verre
874 3741 1068 3816 pradicatio·
1112 3765 1183 3806 vero
1198 3765 1261 3806 non
1275 3749 1397 3812 faciens.
1412 3749 1464 3806 sed
1489 3750 1528 3806 ab
1553 3750 1665 3825 iniquis
1681 3751 1759 3814 lacta
1774 3767 1813 3811 ne
1833 3748 1947 3808 ἰιιοιιιι-

229 3835 277 3903 nie
295 3834 387 3900 verba
400 3851 431 3891 se
453 3837 614 3908 praeparat,
627 3848 748 3892 necesse
765 3837 874 3890 esseut
895 3849 1058 3894 causarum
1112 3841 1181 3897 nate
1196 3839 1346 3908 eveniant,
1359 3838 1426 3912 ip'so
1437 3839 1611 3912 disponens,
1639 3839 1809 3904 considerat
1828 3839 1947 3902 ιιιιιοι·

230 3923 361 3996 origines
378 3940 397 3982 a
417 3923 510 3982 sacris
530 3921 650 3996 paginis
674 3925 782 3980 sumat.
813 3924 886 3978 Vera
908 3921 1058 3996 siquidem
1112 3944 1215 3986 sorum
1244 3929 1392 3998 tinemut
1413 3928 1559 4002 patienter
1586 3929 1693 3990 tolcam
1713 3929 1828 3994 omnia,
1852 3934 1946 4002 atque

229 4013 364 4076 fidelium
386 4012 542 4088 sapientia,
558 4011 605 4073 cui
627 4011 805 4073 universalis
824 4011 956 4072 Ecclesia
974 4011 1058 4078 locus
1111 4018 1242 4080 intuetur
1256 4018 1419 4080 meatorum
1435 4019 1607 4091 terminum,
1623 4019 1754 4092 quadan
1768 4018 1852 4082 mdo
1874 4033 1944 4079 mm

230 4110 283 4176 cst,
307 4103 532 4163 tribulationem
552 4103 639 4162 vobis
666 4102 916 4180 persequentibus
936 4102 1056 4176 patitur,
1112 4112 1210 4168 tantur
1240 4109 1280 4166 ad
1305 4108 1432 4166 bouum.
1463 4113 1596 4170 lntuetor
1622 4109 1714 4170 otiam
1741 4107 1946 4182 reproborum

230 4193 285 4252 sed
299 4209 319 4252 a
332 4193 446 4253 cunctis
465 4195 659 4268 peccatorum
683 4190 822 4251 sordibus
843 4190 1059 4262 persecutionis
1111 4196 1214 4266 finem,
1230 4197 1314 4270 quod
1339 4214 1356 4254 e
1374 4197 1560 4272 malaopera
1584 4198 1712 4270 menum
1734 4197 1890 4260 tranantur
1902 4195 1946 4256 ad

229 4286 335 4340 vestre
359 4281 428 4354 igne
451 4284 608 4356 purgatur.
635 4279 717 4340 Unde
743 4279 887 4354 scripturn
911 4284 969 4338 est:
994 4285 1058 4338 «ln
1112 4286 1304 4360 supplicium.
1322 4288 1476 4360 Sequitur:

228 4371 298 4444 igue
314 4369 460 4444 probatur
480 4385 588 4428 aurum
607 4373 636 4430 et
649 4373 816 4440 argentum,
832 4369 971 4430 homines
986 4386 1058 4432 roro
1147 4377 1234 4436 Vsus.
1247 4380 1274 4434 ι.
1299 4377 1442 4447 Lapidem
1467 4393 1583 4450 casque
1602 4378 1742 4449 epitomis
1755 4382 1785 4436 et
1800 4377 1946 4438 ιιιιοιιιιι

227 4459 423 4534 receptabiles
439 4461 471 4516 in
486 4460 605 4516 camino
620 4458 835 4516 bumiliationis
850 4459 987 4532 (Ecctin,
1000 4461 1056 4533 5).»
1111 4468 1214 4526 morin
1246 4466 1354 4524 dividit
1377 4473 1538 4526 comesa
1572 4469 1688 4540 popolo
1718 4467 1943 4538 stemmate.

230 4553 295 4620 Quo
307 4551 339 4612 in
349 4549 417 4611 loco
431 4549 489 4610 hoc
503 4564 625 4623 quoquo
638 4551 736 4622 potest
750 4547 961 4606 convenienter
972 4549 1056 4606 intol-
1109 4586 1143 4595 -
1172 4554 1247 4620 aiud
1259 4554 1424 4612 duriusilla
1438 4554 1566 4628 pometa
1586 4555 1783 4618 iudanoma
1797 4553 1873 4628 qaia
1888 4570 1945 4627 po-

228 4640 291 4714 llui,
306 4640 391 4704 atde
411 4655 466 4703 sua
480 4637 570 4700 stou
589 4637 720 4697 bercbol
740 4635 882 4710 passione
898 4637 1057 4697 videantur
1109 4646 1209 4717 pistus,
1233 4644 1287 4716 qui
1311 4649 1466 4702 aumorom
1488 4645 1557 4702 ata
1580 4645 1681 4704 videm
1707 4659 1762 4718 per
1775 4643 1867 4704 finam
1886 4659 1946 4702 no-

228 4731 386 4804 increpari.
398 4734 474 4792 Nam
496 4745 577 4804 scope
605 4743 660 4802 pro
674 4729 745 4788 lesu
759 4727 865 4786 Christi
881 4727 999 4786 Domini
1020 4744 1056 4788 ao
1108 4734 1173 4802 luit,
1188 4749 1275 4808 quem
1290 4736 1534 4809 perpropbetam
1558 4735 1705 4808 predixit,
1721 4734 1779 4794 nid
1801 4733 1879 4809 lapis
1893 4751 1947 4794 oa·

228 4819 434 4894 Redemptoris
447 4818 673 4878 uosbinomine
687 4816 782 4876 multa
796 4816 959 4890 minutor,
980 4833 1057 4875 sese
1108 4822 1208 4894 lisinis
1223 4821 1301 4889 iuit‘l
1316 4823 1389 4896 qiua
1406 4827 1435 4880 ct
1449 4823 1623 4884 crudelitate
1647 4825 1745 4884 durus
1767 4823 1833 4894 luit,
1846 4826 1879 4882 et
1897 4823 1946 4882 in-

228 4906 1053 4984 quaeiedempassionibueejusberimartyressperant:
1107 4911 1248 4970 fidelitate
1275 4911 1449 4972 nebulosus.
1481 4915 1537 4980 Qui
1562 4914 1621 4972 alio
1635 4929 1759 4990 quicque
1778 4911 1944 4980 anomale.

228 4997 341 5072 quibus
358 4997 453 5058 sancti
467 4996 523 5056 riri
543 5011 616 5056 voce
628 5011 710 5056 nunc
725 4995 851 5054 diciturr
873 4997 958 5054 nam
973 4997 1055 5056 beas
1108 4999 1219 5058 umbra
1231 5001 1336 5060 mortis
1347 5001 1463 5060 dicitur.
1479 5003 1591 5062 Umbra
1605 5005 1719 5076 quippe
1729 5002 1786 5060 alis
1798 5000 1946 5074 exprimi-

228 5093 285 5155 cet,
295 5089 327 5146 ιιι
340 5101 399 5160 poc
412 5087 572 5157 multatur.
583 5088 659 5146 Nam
675 5086 763 5158 juxta
773 5085 831 5144 boo
845 5085 1004 5158 quodiam
1026 5089 1056 5144 ot
1108 5091 1165 5158 tur,
1179 5089 1281 5163 qualia
1303 5091 1368 5162 ejus
1382 5091 1424 5148 rai
1440 5091 1477 5148 de
1495 5108 1557 5166 qua
1576 5092 1702 5155 cautu
1716 5091 1828 5150 fuerint
1844 5089 1945 5151 uma·

227 5182 296 5238 ante
317 5191 374 5236 noc
392 5175 506 5237 dicim
529 5179 596 5234 est:
619 5175 793 5248 ιῦιιιιιιιιι
811 5179 895 5232 extra
916 5175 1054 5234 Ecclesia
1108 5183 1219 5238 menta.
1235 5178 1306 5245 Quis
1321 5185 1423 5240 auum
1445 5181 1549 5240 mortis
1566 5179 1775 5249 nominamini
1796 5177 1945 5240 diabmus

228 5268 372 5330 unitatem
394 5265 514 5341 patitur,
531 5281 637 5339 poenas
655 5265 718 5339 pati
739 5269 845 5338 potest,
857 5267 971 5336 martyr
990 5263 1055 5322 lieri
1105 5269 1249 5329 vocaturi
1264 5271 1304 5328 De
1318 5286 1380 5344 quc
1392 5287 1446 5344 per
1457 5269 1947 5344 quamdammauutsmaemn-

226 5370 288 5416 Μ
299 5363 405 5430 Ρθιθῦῑι
420 5379 434 5408 ”
444 5357 526 5431 (luia,
539 5371 615 5414 altri)
626 5357 708 5413 lom
722 5361 765 5414 est
778 5357 810 5414 ιιι
822 5369 881 5427 quo
894 5355 1053 5424 conflatur.
1107 5359 1256 5418 cntionem
1271 5359 1391 5418 dicitur:
1405 5383 1419 5412 «
1431 5365 1545 5420 Nomen
1555 5361 1598 5420 illi
1611 5378 1694 5420 mors
1703 5363 1808 5433 (apoc.
1825 5377 1867 5429 ri,
1879 5363 1946 5426 8).-

227 5445 305 5510 uuio
317 5445 418 5519 itaque
437 5446 477 5506 ad
495 5447 560 5506 haec
571 5445 700 5504 heroici
714 5443 833 5500 dicitis?
853 5443 983 5502 conflari
1001 5459 1056 5516 per
1108 5447 1256 5519 Cadusillc
1270 5449 1402 5521 populus
1415 5451 1734 5524 mansissetque
1748 5448 1945 5522 'niquitatem

263 5535 321 5608 (tt)
329 5537 415 5596 beust
427 5535 486 5596 boo
498 5535 624 5596 verbum
637 5535 669 5594 iu
683 5531 793 5592 Bibliis.
1107 5535 1185 5595 illitu
1196 5551 1335 5610 sequens,
1350 5538 1417 5610 ejus
1429 5538 1461 5598 in
1473 5556 1508 5597 se
1516 5539 1682 5612 inopinam
1692 5539 1848 5612 expressit.
1858 5537 1945 5604 uma
