4106 6148
237 173 290 227 ert
948 155 1070 216 Eatttltt
1087 158 1188 220 PAPAE
1208 164 1229 218 tl
1892 165 1951 222 οπο

237 287 499 358 deracionatum
512 284 778 344 ecdeuamsancti
791 283 895 355 angeli
907 283 945 340 de
956 284 1060 348 anm,
1077 283 1101 344 t
1116 286 1292 356 parochiam
1307 286 1510 354 etdioeoesim,
1522 287 1562 344 ita
1571 291 1681 354 minen,
1696 288 1727 344 ut
1737 285 1794 342 sub
1808 287 1863 344 tan
1880 289 1951 342 tuae·

236 375 654 454 quamvestcrpradecessor
668 372 981 432 venorabilisantistes
992 385 1062 426 cum
1116 391 1176 447 que
1189 377 1336 445 Ecclesiae,
1351 377 1432 434 salva
1445 377 1589 447 dignitate
1609 376 1704 449 ipsius
1724 380 1873 434 maneant
1902 391 1953 447 po

237 467 361 526 consilia
376 465 519 540 principis
533 464 732 523 benefactoris
744 463 787 521 tui
802 463 871 520 huic
882 459 1062 520 monasterio
1118 469 1230 524 testate.
1249 467 1356 540 Siquis
1372 471 1472 524 autem
1487 471 1591 524 eontra
1605 466 1820 537 btrirrsncstrcr
1848 470 1954 522 arieto-

237 557 328 626 dedit,
343 560 372 613 et
386 554 531 612 canonica
546 553 719 612 auctoritate
732 551 927 614 confirmarit,
941 551 1064 621 insuper
1117 555 1210 612 citatis
1223 555 1413 628 privilegium
1429 555 1471 612 irc
1487 555 1653 622 tentaverit,
1674 559 1703 612 et
1729 552 1953 627 quoquomodo

237 645 436 706 anathematis
450 644 569 702 vissfltllo
589 643 754 710 innodavit,
782 641 822 700 bd
846 638 1063 698 m0ussterium
1117 645 1149 702 in
1160 651 1242 718 parte
1254 645 1299 702 rel
1310 645 1341 702 in
1355 647 1561 714 tototrangere
1574 645 1658 702 nisus
1672 643 1768 712 luent,
1780 643 1819 702 sit
1829 658 1953 700 excom

235 732 588 812 plaefltltlm,8pt'aesollll
602 733 677 790 hora
690 732 837 790 restituas.
854 734 888 788 Et
915 742 1062 786 convoca·
1117 735 1496 808 munientusneoppomet
1513 734 1630 790 vivifico
1656 733 1804 803 sanguine
1831 731 1952 790 Domini

236 827 273 886 tis
282 824 429 884 universi!
444 822 581 881 Ecolffliffi
595 821 761 890 Ordinibus,
787 820 881 878 uiliter
905 817 1062 884 wssfirffla.
1116 823 1213 882 nosri
1225 827 1296 882 lesu
1307 824 1421 892 Christi,
1437 830 1468 880 et
1481 827 1594 882 sanotae
1608 823 1659 880 lici
1673 821 1810 882 Ecclesiae
1825 821 1917 878 aditu
1926 827 1954 878 et

235 922 269 974 ut
282 916 313 973 in
326 917 506 989 perpetuum
524 911 616 969 ibisit
639 911 867 980 monasterium,
893 912 921 966 ot
945 921 1064 978 semper
1115 913 1313 970 conuentione
1328 917 1495 986 separatus.
1523 912 1702 970 observator
1728 915 1833 968 autem
1857 911 1953 982 buius

234 1003 340 1062 dietih
353 1001 489 1060 GliSiOdlss
504 1005 532 1058 ei
545 1000 680 1058 dominio
697 1000 790 1058 Sancti
802 997 1063 1056 Benedictiveslrae
1117 1006 1227 1060 nosipae
1243 1001 1457 1058 admonitionis
1472 1007 1501 1058 et
1512 1000 1657 1072 jussionis
1673 999 1784 1060 habeat
1805 998 1951 1056 benedic.

235 1092 373 1162 eviratis,
388 1096 419 1148 et
442 1095 469 1147 ta
492 1089 535 1146 ibi
549 1091 668 1162 tuisque
680 1087 902 1146 successoribus
929 1084 961 1140 in
982 1081 1064 1140 nullo
1118 1093 1230 1152 tionem
1241 1090 1455 1165 omnipotentis
1471 1091 1532 1160 pei,
1547 1090 1766 1162 beatorumque
1793 1087 1951 1162 apostolo.

235 1179 406 1238 molestiam
414 1178 629 1250 ingerentibus,
640 1177 698 1234 ⁰5⁸1
711 1181 861 1251 quantum
871 1191 890 1232 θ
901 1172 1065 1246 ΡΓῑΰίῖθθθεμ
1118 1197 1186 1240 rum
1199 1185 1227 1238 et
1238 1185 1387 1250 nostram,
1402 1180 1567 1253 quieorum
1577 1179 1732 1251 tangimur
1743 1178 1950 1236 vicariatione.

236 1284 303 1326 sore
316 1274 368 1326 tuo
382 1267 532 1324 sanatum
545 1270 602 1324 est.
619 1265 729 1324 sivero
743 1264 813 1322 huic
826 1267 935 1320 nostrae
958 1260 1064 1316 exhor·
1155 1273 1304 1344 scriptum
1336 1286 1390 1344 per
1423 1286 1550 1328 matrerm
1580 1269 1741 1340 Benedicti,
1777 1266 1951 1326 cancellarii

235 1356 339 1416 auom
352 1361 381 1414 et
394 1355 587 1430 preceptioni
614 1353 791 1412 inobediens
820 1351 919 1420 lucris,
946 1350 985 1406 sis
1012 1346 1065 1404 lici
1119 1366 1229 1418 ,3001ae
1246 1363 1387 1418 pomam„
1402 1357 1538 1418 Ecolgsiffl
1561 1357 1593 1416 in
1609 1374 1712 1416 meme
1736 1357 1825 1426 1010,
1854 1355 1951 1414 mdia

233 1445 450 1520 omnipotentis
476 1449 505 1504 et
531 1444 690 1502 beatorum
714 1441 920 1515 apostolorum
947 1437 1023 1496 Petri
1036 1439 1065 1494 et
1118 1454 1198 1509 gone
1211 1455 1304 1510 sm,

234 1535 320 1593 Pauli
331 1539 361 1592 el
373 1534 513 1592 omnium
527 1531 617 1590 simul
631 1537 814 1598 sanctorum,
825 1534 918 1602 atque
942 1541 1064 1584 venera-
1516 1538 1551 1596 ιι,

232 1623 340 1682 bflium
354 1626 471 1697 septem
486 1620 702 1680 universalium
717 1618 914 1676 conciliorum
939 1613 1064 1674 auctori·¹
1082 1636 1206 1704 Bm,
1221 1661 1317 1704 mm
1333 1661 1413 1702 ,M
1426 1661 1445 1701 ι,
1461 1657 1692 1702 mmm„
1713 1659 1824 1700 mm,
1845 1657 1949 1698 m„

233 1717 293 1770 tata
303 1727 424 1770 menon
436 1714 466 1768 et
475 1710 601 1784 Spiritus
616 1709 710 1766 sancti
732 1707 847 1779 iudicio
867 1705 952 1764 omni
965 1721 1062 1762 secer-
1278 1751 1313 1793 ΑΒ
1329 1749 1460 1792 mnu„
1474 1749 1610 1791 m
1628 1749 1783 1790 ,m

231 1800 328 1858 dotali
339 1801 487 1858 bonorem
501 1802 531 1855 et
541 1795 801 1866 nomineslienus,
816 1799 847 1854 at
862 1793 949 1852 omni
962 1792 1062 1852 officio
1429 1824 1532 1896 (mo
1545 1826 1624 1893 tm.)

231 1884 1062 2052 fflffiffiqffi{gfflffiffloffi
1220 1929 1564 2006 incarceratione.
1580 1935 1654 1988 cm.
1669 1929 1759 1999 acor.
1772 1931 1839 2002 cir]

230 2083 314 2140 gem
337 2068 421 2126 nuno
443 2067 536 2126 mod<³
549 2065 943 2124 gbffieeapeommunpones
957 2063 1003 2120 ,ep
1017 2078 1063 2120 ga.
1150 2045 1296 2102 lilaurus
1310 2039 1480 2140 episcopus,
1498 2055 1601 2095 servus
1617 2053 1773 2140 serrorum
1788 2037 1850 2094 llci.
1880 2127 1889 2138 .

233 2157 408 2216 ,imm
427 2157 649 2231 mmmm,
666 2156 761 2212 sedin
786 2158 965 2229 perpetuum
991 2168 1062 2210 ana,
1153 2131 1296 2189 ttonvenit
1318 2129 1482 2204 apostolico
1516 2127 1723 2184 moderamine
1749 2127 1948 2204 poscentibus

233 2246 452 2318 mmmmm,
464 2261 577 2321 ,orpus
592 2249 621 2302 οι
633 2244 810 2315 sanguinem
826 2243 945 2300 Domini
964 2241 1061 2300 ,igino
1115 2219 1257 2280 benivola
1271 2217 1482 2292 compassione
1498 2232 1681 2284 succurrere,
1698 2221 1727 2272 et
1754 2215 1947 2290 poscentium

231 2340 351 2395 ,mmm
366 2335 472 2394 moffis
486 2333 619 2410 “mulo
630 2334 788 2408 percipias·
1116 2327 1208 2368 saorra
1221 2308 1371 2365 devotioni
1385 2305 1531 2378 impartiri
1546 2320 1705 2362 assensum
1720 2323 1727 2360 :
1745 2319 1781 2361 ex
1790 2303 1852 2361 hoc
1866 2305 1947 2360 enirn

1115 2399 1189 2456 lueri
1203 2397 1395 2474 potissimum
1407 2397 1540 2472 primurn
1555 2396 1638 2472 apud
1659 2395 1846 2452 conditorem
1874 2412 1948 2469 prce

585 2444 709 2502 DUM
1115 2488 1236 2564 ponitur
1252 2489 1356 2556 Deum,
1371 2485 1517 2560 quoniam
1531 2483 1712 2542 venerabilia
1725 2483 1792 2542 loca
1817 2483 1858 2540 ati
1888 2501 1948 2542 me

278 2599 283 2608 ·
460 2653 461 2658 ἵ
638 2533 660 2588 ³⁸
745 2623 750 2632 .
1114 2577 1218 2634 liorem
1234 2575 1344 2634 luerint
1356 2579 1467 2632 statum
1482 2575 1545 2632 sine
1558 2573 1652 2631 dubio
1667 2573 1825 2650 producta.
1848 2579 1948 2648 Atque

322 2635 498 2682 ”mmm
517 2635 616 2680 ”mm
634 2637 712 2680 ΡΜ
732 2637 753 2680 ¹¹
770 2637 823 2680 ⁹⁸⁰
840 2633 972 2678 *mm
1115 2667 1192 2737 ideo,
1209 2663 1281 2740 quia
1291 2665 1372 2736 justo
1385 2667 1414 2721 et
1424 2661 1638 2720 rationabiliter
1663 2666 1766 2719 nostro
1795 2662 1949 2736 apostola-

543 2721 749 2770 ”mcffiffl'
1116 2755 1157 2813 tui
1179 2753 1332 2812 lrumiliter
1356 2751 1530 2828 postulastis
1554 2757 1704 2825 quatenus
1732 2755 1871 2808 sanctam
1897 2753 1948 2808 ltsi

554 2800 741 2922 (mmm)
1116 2844 1276 2902 Ecclesiam
1289 2841 1464 2899 adriensem
1477 2839 1559 2899 beati
1572 2841 1648 2899 Petri
1673 2839 1802 2918 apostoli
1826 2841 1949 2898 llomini

329 2903 547 2982 [Lappenbesssr
563 2907 803 2980 Hamburfflfflle
819 2905 967 2980 mundi
1114 2951 1167 3008 per
1183 2933 1336 3008 praesentis
1352 2931 1445 2988 nostri
1458 2930 1607 3006 privilegii
1618 2930 1826 2988 auctoritatem
1841 2947 1948 2988 conce

268 3021 395 3078 biterras
408 3017 577 3092 episcopus,
594 3034 698 3076 servus
715 3034 871 3076 servorum
886 3015 947 3084 Dei,
977 2987 1097 3074 reve-'C
1114 3023 1253 3080 rlerczuus
1270 3026 1297 3078 et
1312 3019 1560 3078 confirmaremus
1574 3036 1680 3077 omnes
1694 3019 1907 3094 possessiones
1921 3025 1948 3077 el

232 3107 404 3168 tentissime
419 3111 447 3164 et
461 3107 823 3180 sanctissimorlnsnuroo,
838 3113 947 3166 sanctes
972 3103 1061 3164 Ham·
1114 3113 1308 3186 proprietates
1323 3109 1459 3184 ejusdem
1474 3109 1612 3168 Ecclesiae
1640 3107 1801 3177 ildriensis,
1832 3109 1865 3165 id
1891 3115 1947 3176 est,

232 3196 444 3270 maburgcnsis
473 3196 610 3254 Ecclesia
627 3197 853 3272 archiepiscopo
878 3201 906 3255 et
920 3195 1061 3254 confratri
1113 3203 1253 3273 insulam,
1265 3216 1332 3272 quae
1348 3203 1472 3256 vocatur
1484 3197 1627 3266 Adriane,
1644 3213 1782 3255 unacum
1794 3201 1860 3254 tota
1872 3198 1948 3255 silva

232 3292 345 3360 nostro,
368 3291 526 3360 paternam
555 3279 744 3346 dilectionem
773 3291 801 3344 et
824 3291 1002 3362 perpetuam
1029 3286 1059 3342 in
1113 3287 1523 3366 suur·tportubus‚quodest
1537 3287 1825 3364 portusLaureti,et
1840 3293 1948 3362 portus
2042 3299 2043 3304 ’

233 3374 611 3436 Chrislobenedietionem·
1113 3381 1211 3454 Gauri,
1228 3378 1330 3436 omnia
1357 3378 1387 3434 in
1411 3377 1563 3450 integrum
1586 3377 1760 3454 persistente
1786 3393 1887 3452 usque
1917 3378 1948 3436 in

268 3453 411 3538 Gump'iae
423 3463 606 3521 desiderium
616 3463 777 3520 voluntatis
790 3467 818 3520 et
829 3457 990 3521 laudandae
1007 3463 1059 3520 de·
1112 3488 1206 3540 mare,
1223 3474 1280 3527 eta
1294 3471 1384 3542 portu
1394 3466 1514 3524 laureti
1527 3481 1623 3540 usque
1638 3465 1669 3522 in
1687 3463 1791 3522 (canale
1820 3468 1890 3531 Fen,
1920 3471 1948 3522 el

232 3552 497 3612 rationisintenlio
513 3549 684 3626 apostolicis
699 3553 737 3608 sit
750 3553 983 3626 semperstucliis
1005 3551 1059 3610 ad-
1113 3577 1209 3636 usque
1236 3559 1268 3616 in
1294 3557 1398 3614 canale
1418 3556 1506 3614 Falce
1534 3572 1595 3614 una
1624 3572 1692 3612 cum
1720 3553 1946 3626 venationibus,

229 3642 377 3716 juvanda,
394 3657 466 3699 cura
476 3646 521 3699 est
533 3641 738 3698 sollicitudinis
763 3641 936 3700 adhibenda
964 3648 997 3700 ut
1023 3657 1060 3701 ea
1112 3647 1340 3727 piscationibus,
1362 3645 1614 3720 aucupationibus
1639 3645 1700 3701 suis
1727 3645 1759 3700 in
1778 3644 1945 3716 integrum.

231 3731 444 3808 qualegaliter
455 3735 610 3810 geruntur,
624 3735 652 3788 et
666 3731 812 3806 equitatis
828 3731 932 3790 lormae
952 3750 1060 3791 conve·
1115 3739 1208 3798 Simul
1222 3753 1365 3795 massam.
1377 3736 1497 3804 Ouinio,
1523 3739 1552 3791 e't
1579 3733 1654 3791 silva
1670 3733 1814 3808 lapario,
1839 3737 1869 3791 et
1895 3737 1946 3792 la·

231 3821 327 3891 niunt,
340 3820 425 3878 nulla
438 3819 560 3878 valeant
575 3819 775 3892 refragatione
798 3823 977 3898 perturbari,
1007 3819 1059 3880 scd
1113 3827 1226 3898 thualo,
1240 3825 1381 3884 etoanale
1397 3823 1527 3894 Trionis,
1540 3840 1593 3881 seu
1607 3822 1712 3882 canole
1726 3823 1764 3879 de
1774 3823 1846 3880 nire
1858 3829 1889 3880 et
1899 3841 1947 3881 oa·

230 3909 438 3982 irrefragabilli
451 3909 529 3982 jure,
543 3912 603 3966 lieo
622 3913 752 3980 auctore,
781 3905 912 3968 debeant
938 3921 1058 3986 perma'-
1087 3931 1094 3938 ·
1113 3917 1181 3975 nale
1196 3916 1233 3974 de
1249 3915 1327 3984 Palo,
1344 3931 1397 3971 seu
1413 3912 1635 3985 conchagatula
1649 3912 1788 3988 usquein
1812 3913 1945 3986 piscaria

229 4016 311 4058 nere.
327 4003 361 4058 El
375 3999 415 4056 ob
426 3999 484 4056 hoo
496 3999 667 4074 apostolicis
682 3998 881 4074 promulgatis
897 4003 1057 4062 sanctioni·
1105 3991 1230 4080 'cythiu
1247 4009 1275 4062 et
1286 4001 1418 4073 corrigio
1426 4003 1584 4060 'susorum
1600 4005 1797 4074 Amrretotam
1809 4001 1945 4060 insulam

229 4091 424 4166 buspropria
437 4089 597 4164 unicuique
611 4090 977 4166 querererisuppctunt
988 4111 1058 4169 pos·
1111 4095 1187 4152 inter
1196 4093 1330 4152 athicem
1350 4095 1379 4148 et
1397 4093 1563 4158 Tartarum,
1584 4105 1652 4146 oum
1676 4089 1760 4157 silva,
1783 4093 1813 4146 ct
1840 4106 1945 4148 mane·

229 4179 356 4238 sidenda
369 4181 415 4238 tas
428 4179 519 4250 exigit
532 4177 715 4238 confirmari.
732 4183 765 4237 Et
784 4182 929 4254 quoniam
956 4189 1058 4258 postu·
1112 4185 1194 4256 glum
1210 4188 1300 4258 atque
1315 4195 1448 4238 massam
1464 4178 1583 4237 Gave'llo
1594 4177 1630 4235 'in
1645 4179 1805 4251 integrum,
1822 4183 1851 4236 et
1873 4179 1944 4237 villa

225 4268 297 4326 lasti
323 4273 355 4326 ut
380 4268 570 4343 privilegium
594 4272 651 4325 tuce
675 4267 842 4326 laceremus
860 4269 1004 4328 'Ecclesia
1028 4275 1057 4329 et
1107 4273 1253 4332 llartiana
1267 4272 1299 4327 in
1310 4271 1469 4340 integrum,
1487 4285 1540 4325 seu
1552 4267 1682 4326 fundum
1691 4267 1775 4325 lloda
1785 4284 1857 4325 cum
1866 4269 1943 4328 silva

226 4357 393 4433 apostolice
412 4358 534 4416 tuitione
558 4357 830 4432 roboravissemus,
859 4358 999 4418 eamdem
1023 4361 1054 4418 in
1110 4367 1138 4422 et
1153 4361 1228 4422 valle
1243 4359 1473 4434 sibipertinente
1488 4357 1833 4432 usquevalleErarinita
1848 4361 1943 4416 etta-

225 4446 386 4522 pristlnum
401 4461 524 4504 manere
539 4450 650 4504 statum
661 4447 864 4506 concedimus.
880 4452 913 4506 Et
933 4456 1054 4524 aposto·
1109 4452 1186 4524 vigle
1203 4458 1231 4508 et
1254 4449 1420 4508 Valentino.
1443 4447 1549 4522 Sisque
1576 4447 1713 4518 argelem
1735 4447 1887 4522 majorem
1913 4455 1942 4506 et

223 4537 283 4595 lico
294 4535 530 4610 jurefirmamus
542 4535 723 4610 libitumque
735 4541 846 4596 sancta
857 4541 1055 4598 flammabur·
1109 4543 1269 4614 Grignano‚
1282 4541 1345 4597 sive
1361 4537 1731 4606 contramassaPedrulio,
1744 4553 1797 4594 seu
1807 4536 1940 4596 lundam

221 4625 310 4700 gensi
325 4625 461 4684 Ecclesiae
475 4625 762 4700 successoribusque
776 4626 834 4684 tuis
849 4627 931 4686 illam
958 4623 1054 4702 digni·
1104 4631 1239 4690 Pontecli
1251 4646 1345 4704 usque
1356 4629 1386 4686 in
1397 4627 1616 4698 Vibo‘carario,
1627 4629 1656 4683 el
1670 4626 1799 4684 iunr'ium
1809 4629 1941 4686 Lamen-

223 4720 314 4774 tatem
329 4720 358 4774 et
371 4716 448 4774 fines
461 4715 613 4792 proprios,
630 4732 700 4774 cum
717 4716 837 4790 praediis
859 4713 1001 4778 omnibus
1024 4719 1053 4778 e't
1106 4720 1156 4792 dc,
1174 4719 1355 4795 etpraediota
1369 4716 1620 4775 massa'Pedrulio
1634 4716 1811 4792 persistente
1840 4733 1939 4794 usque

220 4805 372 4878 parochiis
387 4805 566 4864 etomnibus
580 4804 671 4862 rebus
686 4805 849 4864 mobilibus
863 4803 909 4864 rel
925 4803 1052 4868 inmobi-
1105 4812 1137 4870 in
1154 4808 1234 4869 Stillo
1247 4810 1285 4866 dc
1298 4807 1400 4866 Baldo.
1412 4807 1542 4882 lnsuper
1557 4803 1772 4862 confirmamus
1785 4809 1813 4862 el
1836 4823 1939 4864 corro-

220 4891 310 4957 libus,
325 4909 396 4952 cum
408 4893 568 4968 mancipiis
583 4895 738 4970 utriusque
753 4911 841 4954 sexus
852 4893 1009 4969 ‚possidere
1022 4905 1051 4958 et
1098 4899 1249 4960 boramus
1262 4899 1292 4956 in
1308 4895 1451 4971 praellicta
1463 4899 1566 4954 saneta
1573 4894 1707 4952 Ecclesia
1717 4895 1861 4953 eduense
1874 4899 1940 4972 ple-

221 4983 330 5054 tenere,
344 4999 438 5056 quam
452 4983 673 5057 piaememoriae
685 4983 854 5058 Gregorius,
879 4991 1049 5050 anuoesscr
1099 4989 1174 5048 'bem
1189 4992 1300 5046 sancta
1312 4985 1419 5058 uaria,
1442 5001 1510 5061 quas
1538 4987 1662 5042 vocatur
1688 4987 1784 5042 Corne
1811 4987 1938 5046 Gerana

219 5073 330 5140 noster,
345 5072 502 5143 ansgario,
518 5073 699 5130 antecessori
715 5077 868 5148 tuaquom
888 5075 1048 5154 archiepis·
1101 5075 1307 5156 persistentes
1321 5069 1424 5133 canale
1439 5075 1477 5132 de
1493 5073 1590 5131 Einale
1606 5074 1746 5148 usquein
1761 5076 1862 5132 Gauro
1878 5095 1886 5146 ;
1909 5081 1938 5134 et

218 5175 330 5235 copam
344 5161 377 5218 in
388 5165 440 5220 tua
452 5161 603 5219 ordinavit
613 5161 754 5236 Ecclesia,
778 5167 933 5238 concessit,
959 5171 1048 5228 stabi-
1102 5169 1223 5246 plebem
1241 5163 1461 5224 sanctarena
1476 5163 1508 5228 in
1522 5161 1649 5226 Steiria,
1664 5179 1758 5237 quam
1770 5161 1862 5221 diruit
1876 5164 1938 5222 llu-

215 5247 268 5310 lito
281 5250 392 5310 scilicet
403 5252 471 5324 jure
486 5255 515 5310 et
529 5250 644 5309 cunctis
667 5251 789 5324 finibus,
819 5272 897 5330 quas
922 5259 1047 5318 Lodovi-
1101 5275 1172 5318 men
1182 5253 1290 5326 Pelius,
1307 5259 1335 5313 et
1343 5253 1517 5330 persistente
1533 5267 1552 5310 a
1566 5255 1655 5328 rupta
1670 5251 1813 5310 Jovianca
1836 5271 1937 5329 usque

217 5341 349 5414 cuspius
363 5340 519 5402 memorie
533 5341 708 5416 imperator,
722 5346 751 5402 et
776 5343 954 5420 lodovicus,
980 5351 1045 5422 ejus
1099 5348 1131 5406 in
1146 5347 1229 5404 losse
1243 5343 1355 5419 opilea,
1371 5357 1468 5416 usque
1493 5340 1525 5398 in
1548 5339 1630 5397 rossa
1656 5340 1778 5399 corrulo
1801 5341 1834 5398 in
1860 5343 1936 5400 ints-

215 5426 304 5500 lilius,
319 5436 401 5488 tuam
412 5432 573 5489 voluerunt
587 5431 697 5488 habore
713 5433 883 5505 Ecclesiam,
900 5443 928 5494 et
951 5439 1044 5515 impe·
1100 5453 1187 5508 grum
1203 5441 1311 5508 :atquc
1339 5433 1459 5507 plebem
1480 5431 1574 5487 sancti
1599 5429 1714 5501 Georgii
1740 5430 1771 5486 in
1791 5433 1933 5496 Tamara,

215 5503 279 5572 r'iali
290 5511 473 5578 diffinierunt
483 5525 637 5594 potestate.
653 5519 852 5579 'Decernimus
879 5531 990 5596 autem,
1011 5533 1044 5588 ut
1099 5541 1243 5585 unacum
1255 5520 1932 5598 massa·Gopario‚·etlundorlmbiosousquc

214 5609 396 5678 potestatem
410 5609 524 5666 habeas
534 5611 694 5670 ordinandi
703 5610 861 5684 episcopos
870 5613 948 5672 inira
959 5620 1043 5677 tuam
1097 5615 1128 5677 in
1141 5615 1218 5676 valle
1229 5612 1424 5676 irarinetain
1433 5609 1714 5686 integrum'Sieque
1725 5608 1848 5684 plebem
1863 5627 1934 5672 san·
