4120 6154
127 181 176 236 aas
490 153 657 238 ‘errrore
676 179 858 239 nonnemo
878 181 905 237 s
927 181 1030 240 oneo.
1052 189 1085 243 ru
1104 190 1175 247 soe.
1200 223 1235 231 -
1259 193 1324 247 ere.
1345 191 1455 246 ιιιιιι.
1716 207 1721 214 ·
1784 183 1836 236 ese

128 302 338 377 subsequentis
350 303 451 360 saculi
461 319 514 377 per
528 304 624 360 lucem
639 305 791 378 sapientiae
801 305 955 362 existendo
970 310 993 360 Α
1047 310 1169 371 Vaestl.
1183 315 1256 372 Cum
1270 331 1410 384 ponerem
1426 315 1531 370 nubam
1546 308 1834 375 vestimentumque,

126 397 347 467 prevenerunt.
364 393 440 448 Bene
452 397 553 450 eutem
567 393 687 450 additur
699 395 799 456 simut.
823 393 896 467 quia
909 393 955 450 ni·
1009 405 1037 456 ct
1061 403 1189 474 cellolae
1212 404 1294 460 illud
1316 404 1403 474 quasi
1423 405 1535 472 peeoris
1558 403 1589 456 in.
1606 400 1685 470 focio
1699 395 1836 466 insontia

127 481 239 538 mirum
253 480 310 554 ipsi
323 480 415 549 electi,
433 481 531 553 angeli
546 482 637 540 etiam
651 499 722 540 cum
735 483 907 557 redemptis,
924 484 956 540 in
1010 489 1252 548 obvolverem-
1268 494 1343 550 blare
1359 490 1485 546 seviens
1501 489 1580 546 nube
1604 486 1745 554 induitur,
1765 481 1838 555 quia

126 571 186 627 fine
200 569 307 626 mundi
325 569 499 627 hominibus
511 570 680 643 largitatem
693 573 794 643 grana
818 588 955 646 supernas
1010 578 1168 636 crudelitas
1184 579 1425 653 persequentium
1438 577 1568 635 stultitiae
1593 591 1653 630 screa
1668 572 1838 628 velamento

128 657 304 729 glorificant,
322 657 412 714 simul
424 658 560 728 laudent,
573 661 646 734 quia
659 659 733 717 dum
757 677 813 717 nos
836 661 955 734 conspi-
1010 667 1141 724 vestitur.
1159 668 1333 740 interposita
1348 666 1428 722 enim
1439 659 1753 734 caligincinfidelitatis
1764 670 1837 720 suae,

127 747 208 804 ciunt
221 747 323 821 recipi,
337 765 426 804 suum
440 749 573 820 gaudent
594 766 755 807 numerum
770 751 888 824 repleri,
910 750 955 806 di·
1011 756 1200 829 perspicuam
1217 757 1347 812 veritatis
1363 755 1460 811 lucem
1474 753 1574 808 villere
1595 765 1656 805 non
1677 745 1795 808 sufficit,
1811 747 1839 798 et

127 839 225 892 centes
241 853 248 891 :
262 859 275 887 u
289 836 388 894 Gloria
402 837 433 893 in
445 838 570 895 excelsis
583 841 654 911 Deo,
670 862 684 890 ι
700 845 755 897 etc.
764 842 885 908 (Lucu,
902 839 955 910 ll).
1010 843 1042 900 id
1055 839 1137 918 quod
1151 849 1212 916 agit
1226 861 1278 919 per
1294 843 1474 900 crudelitatis
1488 840 1664 914 impulsum,
1688 851 1740 908 per
1756 832 1838 889 ceci-

126 923 215 981 aliter
225 927 376 982 matutino
389 932 474 983 ostro
488 926 639 996 dicuntur,
655 928 729 1001 quie
744 945 825 1002 saepe
845 931 884 984 ad
905 944 956 984 ax·
1010 934 1079 990 tatis
1092 951 1152 990 suas
1167 935 1306 991 meritum
1319 949 1379 990 non
1393 931 1537 1002 agnoscit.
1553 949 1568 982 o
1585 932 1658 984 Nem
1683 928 1705 979 si
1726 936 1839 991 cogno-

126 1011 290 1070 hortandos
303 1013 442 1071 homines
455 1015 540 1072 missi
555 1019 644 1084 sunt;
658 1021 696 1087 et,
707 1017 782 1072 dum
796 1021 956 1074 venturum
1009 1021 1132 1093 sissent,
1146 1046 1159 1073 »
1186 1021 1261 1078 sicut
1283 1021 1323 1078 ait
1346 1021 1517 1094 apostolus,
1532 1041 1545 1068 «
1561 1029 1718 1088 nunquam
1740 1009 1838 1066 Domi-

127 1117 216 1159 mane
245 1103 395 1175 nuntiant,
423 1104 462 1160 ab
485 1105 628 1162 humanis
647 1106 790 1162 cordibus
804 1105 957 1180 presentis
1011 1125 1085 1166 num
1113 1109 1213 1180 gloriae
1241 1109 1457 1165 crucifixissent
1480 1109 1510 1175 (l
1527 1108 1595 1162 Cor.
1612 1121 1644 1170 ιι,
1670 1103 1706 1163 8ι.
1732 1123 1745 1149 a
1772 1098 1839 1152 Haec

125 1189 193 1246 vita
227 1190 367 1248 tenebras
394 1191 509 1262 fugant.
539 1192 678 1266 Sequitur
699 1211 706 1249 :
727 1193 769 1250 Et
786 1194 957 1264 jubilarent
1011 1199 1220 1256 antemnubes
1234 1215 1295 1255 non
1311 1198 1408 1254 solum
1424 1194 1646 1254 soletiufideles
1661 1195 1743 1247 extre
1762 1185 1840 1260 posi·

126 1293 226 1337 annes
237 1281 298 1350 filii
309 1281 373 1338 Dei.
390 1313 425 1322 -
445 1280 585 1338 iubilatio
605 1283 718 1356 quippe
744 1282 862 1346 dicitur,
887 1297 957 1338 cum
1011 1292 1057 1344 tos
1070 1303 1216 1361 premere,
1229 1290 1281 1345 scd
1296 1288 1446 1361 quosdam
1462 1286 1550 1342 etiem
1564 1283 1695 1338 virentes
1714 1275 1840 1335 carnali·

126 1369 225 1426 cordis
239 1369 350 1440 latitia,
362 1371 422 1427 oris
435 1369 650 1442 efficacia,non
668 1372 813 1446 expletur.
824 1371 958 1428 Laudent
1012 1381 1054 1432 ter
1066 1377 1144 1433 intra
1159 1377 1319 1434 Ecclesiam
1336 1375 1501 1432 tenebrare.
1518 1374 1590 1428 Hinc
1602 1371 1681 1428 enim
1697 1366 1839 1438 seriptum

124 1457 227 1530 itaqua
241 1459 350 1530 angeli,
364 1459 415 1532 qui
425 1460 491 1532 jam
505 1465 595 1516 metm
616 1460 755 1518 claritatis
768 1461 956 1517 latitudinem
1011 1468 1075 1520 est:
1090 1487 1103 1514 o
1120 1465 1252 1539 Opposui
1267 1464 1391 1530 nubem,
1408 1479 1445 1519 ne
1461 1465 1591 1519 transeat
1606 1459 1700 1515 oratio
1715 1456 1839 1526 (Teren.

125 1547 153 1604 in
172 1547 353 1605 sublimibus
367 1549 487 1617 vident;
501 1549 629 1621 jubilent
647 1567 718 1606 vero
739 1550 888 1618 nominos,
904 1550 957 1622 qui
1010 1569 1051 1622 ιιι,
1068 1554 1122 1626 ιι).
1147 1577 1162 1604 o
1184 1554 1239 1620 Qui
1252 1553 1332 1608 enim
1347 1557 1464 1608 terrena
1483 1551 1604 1607 assidue
1631 1546 1749 1616 cogitet,
1770 1541 1841 1614 quia

125 1637 226 1694 adhuc
247 1637 437 1696 inferioribus
464 1638 524 1694 oris
550 1639 595 1695 sui
620 1639 777 1710 angustias
799 1639 955 1700 sustinent.
972 1657 992 1712 g
1010 1641 1084 1710 vult,
1097 1642 1161 1698 heac
1176 1642 1266 1698 ctiam
1280 1642 1387 1698 toleret
1401 1641 1431 1696 in
1447 1640 1580 1696 oratione
1596 1652 1666 1692 cum
1691 1648 1751 1690 non
1767 1629 1839 1686 νιιιι.

126 1726 208 1794 Duae,
221 1725 294 1800 quia
307 1731 387 1784 certo
399 1727 499 1784 lutura
513 1728 657 1785 Dominus
671 1735 806 1799 noverat,
821 1743 884 1785 non
894 1733 956 1784 tam
1011 1730 1121 1787 Pennis
1131 1731 1243 1803 quippe
1259 1730 1389 1786 infantiae
1405 1729 1498 1801 pedes
1513 1731 1541 1783 et
1556 1724 1677 1781 brachia
1697 1719 1841 1776 constrin-

125 1811 264 1870 iacienda
278 1814 411 1872 insinuat
424 1832 518 1888 quem
532 1817 612 1874 lacta
624 1822 735 1874 narrat.
758 1817 919 1890 Sequitur:
1012 1824 1132 1890 guntur.
1149 1821 1224 1885 Duie
1243 1835 1314 1890 ergo
1336 1823 1541 1892 persecutores
1570 1818 1680 1870 sanctae
1707 1805 1840 1864 Ecclesiae

162 1901 254 1960 Vnae.
282 1907 309 1960 8.
343 1903 414 1971 Quis
441 1905 587 1962 conclusit
613 1907 695 1962 ostias
719 1921 813 1973 more,
837 1905 958 1976 quoodo
1011 1909 1138 1982 puerilia
1153 1911 1282 1982 sapiunt,
1297 1909 1386 1980 justis
1401 1901 1770 1980 sempernocerovolnnt‚
1787 1895 1840 1952 sed

126 1993 300 2062 aornpeoot
323 1994 411 2063 quasi
436 1994 474 2050 cle
498 1995 590 2050 vulco
608 1995 798 2063 procedens?
820 2025 855 2034 -
882 1993 959 2059 Quid
1013 1997 1124 2066 divina,
1140 1998 1362 2072 dispensatione
1389 1996 1549 2066 constricti,
1568 1994 1639 2067 quie
1653 1990 1755 2046 volunt
1769 1986 1839 2042 bre-

17 2123 23 2136 .
126 2079 208 2137 enim
223 2080 384 2146 maranisi
398 2082 643 2154 persequentium
658 2081 761 2138 turbas
775 2081 959 2155 accipimus?
1014 2085 1081 2140 chia
1096 2101 1158 2141 non
1172 2087 1345 2150 extendunt,
1370 2090 1399 2141 at
1413 2085 1437 2140 si
1452 2087 1559 2140 cuneta
1574 2081 1654 2138 irrale
1668 2081 1840 2152 perpetrare

127 2167 231 2224 Vulva
246 2168 326 2226 enim
341 2169 475 2236 nomine,
491 2170 618 2238 occulta,
633 2175 662 2227 et
676 2169 836 2242 malitiosa,
850 2175 879 2227 et
894 2186 959 2227 car·
1013 2173 1114 2230 leviter
1128 2179 1283 2247 appetunt,
1298 2189 1493 2246 nequaquem
1511 2177 1607 2228 temen
1624 2168 1747 2240 implere
1770 2178 1841 2218 eun-

126 2255 243 2312 nalium
258 2257 398 2326 cogitatio
410 2257 594 2328 designatur.
618 2261 658 2314 De
683 2259 739 2314 hac
757 2259 959 2316 vulvacordis
1014 2267 1061 2319 cta
1089 2279 1156 2335 quse
1184 2267 1329 2336 appetunt
1355 2262 1576 2334 permittuntur.
1606 2257 1702 2313 alitor.
1725 2251 1841 2309 Nubere

126 2343 300 2416 iniquorum
321 2345 397 2402 elias
423 2345 532 2402 dicitur
555 2363 561 2401 :
587 2368 601 2396 u
623 2345 763 2420 Concepit
782 2346 958 2416 dolorem,›
1014 2359 1091 2408 Dcus
1107 2353 1312 2408 vestimentum
1332 2349 1442 2423 posuit,
1458 2349 1530 2404 darm
1555 2344 1703 2420 populum
1726 2340 1841 2398 Judaeo·

126 2435 182 2489 ete.
198 2432 293 2498 (Paul.
309 2449 358 2503 vu,
372 2433 424 2506 15).
441 2434 624 2507 Erumpebat
634 2435 715 2491 enim
727 2451 810 2492 mare
825 2437 914 2506 quasi
923 2436 960 2492 dc
1012 2457 1081 2496 rum
1110 2441 1150 2496 ab
1172 2455 1272 2496 errore
1296 2438 1428 2512 perfidiae
1450 2437 1566 2509 eripuit,
1592 2451 1647 2490 neo
1669 2438 1768 2488 tamen
1783 2427 1841 2483 illis

126 2521 405 2591 vulvamssedfflis
421 2538 490 2578 ⁰⁰¹1]
512 2523 662 2580 minarum
687 2523 878 2580 Soeculal'ium
901 2525 958 2580 flu·
1013 2529 1176 2586 claritatem
1191 2525 1530 2600 suiluminispatclecit,
1546 2523 1633 2598 qnasi
1657 2537 1693 2578 ex
1712 2516 1842 2576 tenebris

126 2614 192 2666 ctus
214 2609 244 2666 in
266 2615 375 2666 sanctae
390 2610 529 2668 Ecclesiae
550 2613 701 2670 interitum
716 2613 853 2670 sevirent
870 2631 876 2682 ;
892 2609 970 2675 sed.
1013 2635 1064 2675 eos
1078 2618 1209 2687 abstulit,
1223 2617 1275 2674 sed
1291 2617 1390 2674 adhuc
1405 2616 1486 2672 nube
1500 2615 1626 2670 vestivit..
1643 2613 1737 2678 Ducm
1751 2607 1842 2665 etiem

127 2704 251 2756 auctore
268 2701 326 2755 Deo
341 2700 425 2756 ostiis
441 2699 618 2758 conclusum
633 2707 688 2770 est,
709 2703 780 2775 quia
794 2708 899 2759 contra
915 2707 959 2758 tu·
1012 2709 1174 2764 verborum
1189 2723 1313 2764 suorum
1337 2707 1463 2777 caligine
1485 2704 1573 2777 quasi
1591 2700 1700 2775 pennis
1712 2697 1842 2755 infantia

125 2804 228 2846 mores
240 2789 484 2862 persequentium
500 2791 594 2846 sancti
608 2790 664 2846 viri
678 2791 809 2864 oppositi
832 2795 912 2858 sunt,
928 2795 961 2848 ut
1013 2795 1146 2862 involvit,
1176 2797 1249 2851 dum
1270 2812 1333 2852 non
1357 2800 1460 2868 aperte
1482 2793 1602 2866 spiritus
1619 2788 1840 2862 praedicatione,

125 2893 234 2936 eorum
250 2877 407 2934 miraculis
422 2883 512 2951 atque
527 2879 693 2934 reverentia
711 2879 762 2935 ira
776 2895 959 2953 persequen-
1014 2883 1066 2940 sed
1081 2885 1235 2956 preceptis
1248 2883 1348 2938 litterae
1373 2881 1517 2938 astrinxit.
1547 2880 1685 2935 lntirmus
1710 2888 1842 2946 namque

125 2965 201 3022 tium
218 2964 435 3036 frangerentur.
450 2965 539 3022 Aliter
556 2985 563 3022 :
578 2967 633 3022 Per
645 2981 728 3022 mare
742 2967 800 3022 hoc
815 2967 995 3054 saeculumc
1015 2969 1145 3042 populus
1160 2986 1229 3026 cum
1245 2975 1462 3043 praeceptorum
1481 2983 1599 3041 pennos
1615 2967 1721 3022 nolens
1745 2968 1844 3035 pertu-

125 3054 265 3128 accipere
279 3053 426 3110 debemus
443 3072 449 3109 :
465 3055 598 3111 secundo
612 3059 716 3111 contra
729 3054 787 3110 hoc
809 3071 892 3111 marc
907 3058 961 3110 Do·
1014 3058 1057 3124 lit,
1073 3057 1112 3114 ad
1122 3059 1285 3114 firmiorem
1301 3063 1411 3114 statum
1427 3073 1463 3112 ex
1476 3057 1542 3129 ipse
1553 3071 1609 3110 sira
1622 3053 1762 3124 ligatione
1777 3065 1843 3122 pcr-

126 3143 231 3200 minus
243 3144 320 3201 ostia
333 3143 484 3218 opposuit,
497 3143 569 3218 quie
584 3149 613 3200 ct
627 3145 709 3218 prius
723 3143 859 3201 humano
874 3159 961 3215 gene·
1016 3147 1104 3204 venit.
1130 3147 1201 3204 Dine
1227 3153 1272 3203 est
1292 3148 1372 3204 euim
1394 3146 1478 3219 quod
1502 3145 1543 3201 eis
1558 3144 1588 3199 in
1603 3143 1668 3212 lege
1685 3164 1698 3190 u
1719 3138 1844 3196 Dculum

125 3233 151 3289 ri
184 3237 337 3307 proecepta
364 3232 448 3303 legis,
475 3238 505 3290 et
528 3233 723 3306 postmodum
747 3249 833 3290 novae
858 3234 960 3304 gratiae
1016 3235 1172 3308 prooculo
1188 3236 1294 3306 (licoat.
1309 3235 1465 3306 xx1,2l)›
1491 3234 1607 3304 exigere
1625 3228 1846 3303 praecipitur,et

125 3323 352 3378 Testamentum
366 3320 458 3377 dedit.
471 3321 553 3376 Prius
568 3321 647 3377 enim
663 3324 739 3377 Deus
761 3321 801 3378 ab
820 3321 962 3396 operibus
1016 3321 1201 3395 quandoque
1217 3327 1317 3378 umen
1330 3321 1461 3378 revelata
1478 3321 1572 3391 gretia
1590 3316 1719 3393 perculsi
1743 3312 1846 3370 maxil-

126 3409 294 3484 iniquitatis
306 3407 459 3482 prohibuit
474 3407 602 3464 dicendo
619 3425 625 3463 :
643 3427 658 3462 a
674 3412 737 3465 Non
753 3409 881 3467 occides.
897 3411 962 3466 Non
1016 3410 1078 3467 lam
1093 3410 1183 3466 eliam
1195 3410 1339 3482 jubentur
1352 3411 1495 3486 praebere.
1513 3413 1688 3467 Monearren.
1713 3407 1788 3461 blare
1803 3406 1846 3458 tu-

127 3497 343 3566 moechabcris,
361 3519 375 3547 u
390 3502 449 3554 etc.
469 3499 576 3568 (Eood.
592 3514 642 3568 rx,
670 3497 711 3564 13,
743 3499 796 3570 ιι).
824 3499 961 3554 Postmo-
1016 3499 1203 3556 multuosum
1229 3500 1364 3557 videlicet
1384 3499 1614 3571 cogitationibus
1636 3511 1687 3552 cor
1707 3497 1845 3549 nostrum

127 3589 205 3644 dum
231 3587 319 3644 etiam
344 3603 363 3643 a
389 3587 569 3658 cogitatione
590 3587 694 3662 culpas
718 3587 902 3658 constrinxit,
918 3586 962 3644 di·
1017 3588 1098 3644 nube
1112 3589 1245 3661 vestitur,
1260 3590 1333 3663 quia
1351 3606 1389 3646 ne
1402 3590 1433 3645 in
1447 3593 1596 3646 terrenam
1618 3584 1749 3659 quietem
1772 3595 1846 3653 pure

128 3678 252 3736 cando:
274 3701 287 3726 «
306 3677 409 3734 Omnis
423 3678 476 3753 qui
489 3677 596 3735 viderit
609 3679 766 3736 mulierem
791 3679 831 3736 ad
850 3695 961 3736 concu-
1017 3676 1194 3750 conspiciat,
1210 3677 1424 3751 inquietudinis
1438 3694 1499 3734 suae
1515 3675 1690 3733 coul'usione
1712 3669 1847 3727 tenebra-

127 3765 310 3840 piscendum
325 3781 403 3834 cam,
421 3788 436 3815 »
451 3769 506 3822 etc.
522 3767 643 3837 (Mollia.
662 3783 690 3835 v,
704 3767 749 3838 ιδ)
765 3785 772 3835 ;
796 3771 825 3824 et
840 3784 847 3823 ι
864 3789 878 3816 u
896 3765 962 3822 Dili·
1017 3771 1074 3822 tur.
1091 3769 1152 3822 Hoc
1166 3783 1248 3823 marc
1264 3767 1398 3837 caligine,
1410 3768 1497 3840 quasi
1509 3766 1642 3835 insontia
1659 3761 1770 3833 potonis
1794 3758 1847 3814 ob-

127 3859 190 3928 gite
206 3855 343 3914 inimicos
358 3860 484 3922 vestros,
501 3878 516 3904 »ι
532 3859 588 3911 etc.
604 3856 691 3926 (leid.
713 3857 769 3928 ιι).
795 3856 850 3912 Ubi
872 3856 963 3912 etiam
1017 3854 1157 3926 volvitur,
1173 3855 1245 3927 quie
1259 3871 1277 3911 a
1291 3855 1531 3927 contemplandis
1546 3852 1725 3908 sublimibus
1747 3849 1847 3904 erihuc

128 3949 252 4020 tempus
277 3943 418 4011 ostendit,
447 3959 517 3999 cum
541 3943 579 3999 dc
597 3943 863 4016 vulveprocedere
878 3944 963 4000 dixit.
1018 3944 1142 4000 terrenis
1164 3944 1302 3999 sensibus
1329 3961 1389 3999 suae
1414 3943 1593 3998 infirmitatis
1625 3941 1744 4010 ligatur.
1774 3937 1847 3992 Hinc

127 4037 208 4100 Quia
223 4032 360 4090 videlicet
372 4036 441 4088 tunc
455 4033 591 4088 humano
607 4033 708 4101 generi
720 4033 877 4106 praeceptis
889 4032 964 4102 legis
1020 4032 1131 4087 Paulus
1148 4032 1190 4087 eit
1201 4049 1207 4087 :
1218 4033 1380 4088 «Videmus
1390 4048 1470 4087 nunc
1485 4047 1538 4104 per
1551 4029 1708 4102 speculum
1721 4028 1752 4082 in
1767 4026 1848 4094 enig-

128 4121 278 4189 obviavit,
294 4120 419 4194 quando
453 4120 536 4176 dhuc
549 4135 670 4176 sensnm
686 4137 748 4176 suae
763 4121 870 4192 origini
893 4121 964 4177 vici·
1020 4124 1111 4189 mete,
1127 4139 1142 4172 s
1158 4124 1212 4175 etc.
1239 4123 1267 4192 (l
1278 4123 1346 4176 Cor.
1363 4136 1403 4190 ιιι,
1422 4122 1475 4190 ιι).
1502 4142 1515 4168 «
1533 4122 1615 4174 Nunc
1634 4129 1786 4186 cognosco
1812 4129 1848 4168 ex

126 4227 209 4270 num
224 4210 313 4284 quasi
327 4209 367 4264 ab
379 4212 447 4265 ortu
460 4208 632 4281 proprioad
646 4207 810 4283 perlectum
822 4209 889 4266 viae
904 4225 966 4266 car·
1020 4212 1212 4281 parte,»etc.
1229 4209 1349 4278 (lulag
1366 4213 1395 4264 ct
1424 4225 1430 4261 ι
1457 4230 1469 4256 «
1486 4211 1559 4264 Cum
1581 4221 1677 4260 essem
1694 4199 1847 4276 parvidus,

128 4300 211 4358 nelis
225 4297 352 4356 exiebat.
372 4300 411 4354 Dc
427 4296 516 4354 vulva
538 4298 652 4370 quippe
678 4297 839 4370 procedere
866 4303 912 4354 est
933 4300 963 4354 ιιι
979 4341 1002 4394 D
1021 4297 1177 4370 sapiebam
1188 4301 1220 4352 ut
1234 4297 1386 4371 parvulus,
1400 4315 1414 4349 s
1430 4301 1485 4364 etc,
1503 4295 1613 4366 (leid).
1632 4295 1792 4366 Sequitur:

127 4389 231 4445 lucem
243 4385 398 4461 praesentis
411 4384 511 4456 gloriae
527 4385 685 4442 carnaliter
697 4401 852 4458 apparere.
866 4388 963 4442 Mona·
1017 4398 1020 4404 ’
1057 4387 1144 4441 Vens.
1162 4387 1202 4442 lo.
1225 4387 1416 4443 Circamdcdl
1438 4386 1520 4442 illud
1547 4385 1680 4441 terminis
1703 4383 1784 4438 mas.
1812 4409 1848 4420 -

129 4493 223 4532 urea.
239 4473 317 4541 Quid
332 4477 376 4530 est
386 4489 481 4542 mare,
493 4473 552 4530 nisi
568 4489 620 4529 cor
633 4478 771 4530 nostrum
790 4473 889 4530 furore
904 4479 964 4530 tur·
1020 4475 1163 4531 Terminis
1179 4475 1239 4530 suis
1256 4475 1399 4532 Dominus
1414 4491 1497 4532 merc
1511 4473 1686 4542 circumdet,
1702 4471 1774 4544 quia
1788 4469 1847 4524 iras

127 4565 251 4635 bidem,
279 4563 350 4620 rixis
377 4579 527 4630 amarum,
557 4562 685 4619 elatione
709 4562 857 4636 superbie
875 4564 964 4619 tumi-
1019 4563 1264 4638 persequentium
1279 4565 1461 4638 judiciorum
1485 4581 1608 4620 suorum
1623 4559 1847 4633 dispensatione

129 4654 219 4720 dum,
251 4651 356 4709 [raude
384 4651 504 4708 malitiae
533 4650 728 4707 obscurum?
767 4649 854 4716 Quod
882 4667 965 4708 mare
1019 4652 1183 4724 modificat,
1210 4659 1241 4710 ut
1266 4653 1363 4708 insani
1377 4653 1482 4708 tumidi
1502 4651 1584 4706 unde
1600 4649 1736 4710 fervoris,
1756 4644 1847 4716 pleno

129 4747 284 4816 quantum
306 4741 408 4798 saeviat
427 4739 552 4797 attendit
564 4740 701 4813 quisquis
720 4739 751 4795 in
777 4756 810 4796 se
834 4740 965 4798 occultas
1020 4743 1197 4812 frangentur
1212 4742 1307 4797 littore
1326 4739 1448 4796 occulta
1468 4736 1709 4810 dispensationis.
1736 4733 1845 4789 aliter:

130 4829 349 4902 cogitationum
380 4828 556 4885 tentationes
584 4828 730 4899 intelligit.
760 4828 854 4886 Vulva
885 4829 965 4886 enim
1019 4831 1163 4886 Terminis
1185 4830 1258 4886 illud
1286 4829 1431 4884 Dominus
1458 4824 1653 4882 circumdedit
1681 4823 1753 4889 suis,
1775 4820 1847 4894 quia

130 4936 234 4993 pravae
258 4917 446 4988 cogitationis
473 4915 675 4973 adolescentia
695 4921 749 4973 est.
773 4920 812 4974 De
835 4935 898 4991 que
913 4933 966 4991 per
1021 4923 1238 4991 praeceptorum
1252 4917 1344 4973 limite
1359 4916 1508 4989 populum
1521 4913 1628 4970 rudem
1644 4913 1683 4970 eb
1707 4912 1848 4968 immora-

130 5013 266 5082 ltoysem
280 5007 424 5064 Dominus
439 5005 511 5062 dicit
525 5023 531 5060 :
544 5027 558 5054 α
571 5007 681 5070 Sensus
693 5007 774 5062 enim
785 5011 813 5063 et
826 5008 966 5080 cogitatio
1020 5005 1056 5060 tis
1070 5005 1297 5077 [immoderatis]
1314 5005 1407 5061 animi
1420 5003 1647 5074 evagationibus
1669 5001 1768 5058 cinxit.
1791 5003 1847 5056 Mo·

130 5101 278 5156 bumana
292 5097 392 5154 cordis
405 5111 502 5170 prona
516 5099 561 5152 est
572 5095 602 5151 in
617 5095 731 5152 melum
745 5096 784 5152 ab
795 5096 966 5153 adolescen-
1001 5105 1003 5112 ·
1020 5110 1148 5150 sannen.
1163 5094 1306 5150 Terminis
1321 5095 1383 5150 suis
1393 5094 1538 5151 Dominus
1552 5092 1609 5149 boc
1625 5109 1706 5149 mere
1719 5092 1846 5146 circum-

132 5187 175 5242 tia
201 5183 256 5242 sua
281 5186 362 5257 (Gen.
392 5201 452 5252 vra,
478 5183 534 5255 ιι).
562 5205 575 5232 o
605 5183 809 5256 corruptionis
833 5198 965 5256 namque
1020 5182 1081 5250 dat,
1102 5184 1174 5256 quia
1197 5197 1249 5238 cor
1272 5189 1409 5240 nostrum
1436 5184 1535 5240 adhue
1563 5178 1760 5251 corruptionis
1784 5190 1845 5228 suaa

133 5274 253 5332 malum
269 5272 476 5346 unusquisque
491 5275 629 5327 nostrum
649 5270 689 5327 ab
713 5276 780 5327 ortu
804 5271 965 5328 desiderio·
1020 5271 1157 5328 molestia
1180 5275 1209 5327 et
1232 5288 1305 5328 cure
1329 5272 1533 5330 turbulentum
1557 5271 1770 5326 submensura
1786 5279 1845 5318 sua

132 5381 205 5421 rum
232 5361 399 5420 carnalium
421 5359 558 5432 sumpsit.
586 5359 731 5415 Dominus
757 5363 857 5416 autem
884 5361 965 5416 ostiis
1020 5359 1279 5434 contemplationis
1304 5361 1451 5428 humiliat,
1477 5365 1510 5416 ut
1533 5359 1601 5414 licet
1623 5354 1691 5426 plus
1712 5354 1844 5424 appetat,

133 5467 222 5510 neore
235 5451 397 5518 concludit,
412 5448 484 5520 quia
498 5447 600 5520 pravis
615 5447 748 5504 motibus
761 5446 890 5504 claustra
902 5464 963 5504 cor·
1019 5450 1097 5506 ultra
1112 5454 1211 5506 tamen
1227 5467 1320 5524 quam
1336 5451 1391 5506 sibi
1407 5447 1588 5508 conceditur,
1614 5455 1675 5498 non
1691 5441 1843 5498 ascendat.

133 5541 185 5598 dis
202 5539 347 5614 inspirata
360 5535 633 5606 tormidinojudioii
655 5541 683 5592 et
704 5536 806 5593 aeterni
826 5537 966 5594 tormenti
1020 5539 1130 5595 Aliter:
1146 5540 1265 5596 Furenti
1280 5539 1355 5596 mari
1369 5536 1510 5594 terminos
1533 5530 1670 5604 imponit,
1697 5531 1770 5604 quia
1794 5545 1845 5586 cor

134 5628 279 5690 immensi
291 5623 434 5701 temporis
444 5637 556 5698 pavore
567 5622 696 5696 subjicit.
709 5625 847 5698 Sequitur
860 5643 867 5680 ε
1019 5631 1156 5684 nostrum
1171 5627 1382 5685 tentationibus
1392 5620 1681 5690 tumidum,occultis
1694 5619 1844 5675 donorum
