4106 6148
123 87 177 146 oio
388 91 390 95 ¹
553 79 560 86 ·
737 84 782 141 or
801 80 986 156 antonus
1005 82 1034 141 s.
1054 81 1224 140 ιιιιιιιιιιι.
1786 87 1840 144 oro

125 209 164 268 ad
181 208 349 279 ridiculum,
371 207 439 282 quis
467 223 577 266 sanum
605 205 725 282 sapiens
745 205 986 278 tollerabilius,n
1003 205 1251 278 homuncionem,
1280 204 1418 263 omnium
1446 201 1679 276 reprehensione
1699 206 1840 280 dignissi-

125 298 220 355 immo
232 298 321 368 longe
336 296 486 354 salubrius
511 296 573 354 iore
598 312 659 352 non
687 297 818 364 censeat,
832 311 887 370 pro
901 295 957 352 iin-
1009 311 1105 366 mum,
1116 298 1178 353 toto
1188 293 1261 352 orbe
1275 292 1510 366 adjudicaturos.
1520 298 1578 354 Neo
1588 299 1626 366 te,
1636 295 1742 367 fateor,
1755 301 1841 365 pater

126 385 238 460 pericia
260 383 414 442 irrisiones
435 385 594 442 homiuum
620 384 776 454 sustinere,
793 399 887 458 quam
901 399 956 458 pro
1008 383 1199 454 venerabilis,
1209 383 1264 441 etsi
1276 381 1435 456 voluerint,
1451 385 1585 461 excipere
1599 385 1753 457 valebunt,
1765 387 1840 460 quin

127 474 269 549 superbia
289 473 484 547 semetipsum
498 473 748 548 condempnare?
771 474 958 547 Quapropter
1009 469 1105 528 uetus
1119 471 1211 544 liujus
1225 469 1428 528 insectationis
1441 477 1525 546 peste
1538 473 1713 546 involvaris,
1727 474 1840 548 quippe

126 563 179 620 diu
189 563 380 637 multumque
395 563 598 620 desideratum
613 577 691 636 opus
706 577 797 636 perge
809 563 820 598 ⁵
833 577 956 620 securus
1009 573 1080 616 cum
1094 563 1184 618 etms
1195 561 1283 634 juxta
1296 559 1494 618 assertionem
1508 561 1701 620 taliumialse
1712 562 1841 620 scribere

127 652 260 725 aggredi.
275 655 336 725 Ego
349 651 437 726 plane
452 651 505 709 tibi
517 667 574 726 pro
585 651 698 708 viribus
724 650 825 720 adero,
841 667 957 725 nequa·
1009 648 1191 722 compuleris
1206 653 1236 707 et
1249 649 1391 707 scribenti
1407 648 1544 708 falsitatis
1565 651 1724 710 materiam
1740 651 1843 709 minis-

126 757 220 815 quam
235 757 328 798 ausus
343 745 401 798 tuas
416 739 567 798 sanctitati
585 739 698 796 diutius
712 739 862 798 reluctari.
890 742 958 798 0m-
1008 738 1130 794 names.
1147 739 1213 805 Qua
1225 753 1262 796 ex
1273 753 1306 796 ra
1319 753 1420 812 operes
1432 739 1443 774 ⁸
1453 738 1585 813 pretium
1597 739 1694 810 video,
1710 756 1841 815 praesen-

126 830 177 887 aia
188 845 260 900 ergo
273 845 341 903 quae
354 829 475 898 dixeris,
495 829 571 887 vela
585 833 613 886 te
622 828 700 903 ipso,
713 832 747 887 ut
760 828 917 903 promittis,
929 834 958 887 et
1009 823 1054 883 u·
1069 825 1305 900 prefaciuncula
1332 825 1559 901 calumpniandi
1587 827 1669 886 viam
1683 829 1752 886 ostis
1773 829 1842 887 obs·

126 918 166 976 ab
180 917 227 975 his
241 919 295 992 qui
321 918 420 976 adhuc
433 917 651 975 virunttecum
674 917 751 987 visa,
774 917 822 974 rel
849 918 889 975 ab
910 917 957 975 his
1010 915 1494 990 bueranonmagnoedetensione
1508 919 1571 974 arte
1584 915 1843 990 refragando,sed

126 1006 179 1080 qui
192 1005 333 1063 viderunt
347 1005 400 1062 tibi
414 1004 624 1079 probabilibus
635 1005 772 1078 personis
791 1009 957 1080 comperta,
1009 1000 1162 1060 humiliter
1174 1004 1376 1078 suggerendo,
1396 1021 1458 1078 quo
1468 1004 1668 1076 meminerint,
1679 1005 1795 1080 primos
1806 1019 1842 1062 ao

125 1095 341 1169 qualicumque
356 1109 525 1168 prosequar
539 1093 616 1164 stilo,
630 1109 692 1152 non
706 1093 816 1151 adhoc
828 1094 956 1168 proprie
1009 1089 1188 1150 fortissimos
1201 1093 1309 1151 Christi
1323 1098 1485 1152 assertores
1497 1093 1617 1167 ydiotas
1631 1093 1764 1165 ¹⁰iuisse,
1779 1109 1842 1151 non

126 1184 330 1259 possibilitatis
356 1183 467 1241 fiducia
493 1185 600 1248 nitens,
628 1183 681 1241 sed
704 1187 766 1242 mm
794 1199 957 1257 operosum
1011 1180 1165 1254 sophistas
1181 1183 1222 1252 ¹¹;
1237 1197 1336 1257 neque
1355 1198 1404 1240 me
1419 1186 1578 1256 expectent
1591 1181 1754 1240 Mercuriali
1767 1182 1842 1256 lapi·

127 1273 219 1331 michi
231 1273 386 1345 negotium
399 1278 457 1330 ture
471 1273 572 1347 potius
588 1277 826 1348 cunctorumque
842 1279 958 1332 sancto·
1010 1268 1102 1328 ditata
1114 1273 1137 1308 ¹²
1151 1270 1296 1346 'tulliique
1311 1272 1334 1308 ¹⁸
1345 1271 1433 1346 copia
1444 1271 1476 1328 in
1491 1270 1574 1330 ouria
1588 1269 1840 1343 declamaturum,

127 1379 195 1420 rum
206 1362 332 1421 fratrum
347 1361 958 1421 meritisetorationicommittens.Aderit
1011 1357 1067 1414 sod
1080 1357 1112 1414 in
1124 1357 1233 1416 cellula
1258 1359 1433 1418 monasterii
1455 1363 1723 1430 rerumgestarum
1735 1359 1843 1416 verita-

127 1452 229 1522 etiam,
242 1452 318 1510 sicut
333 1467 452 1527 sempor
462 1451 493 1508 in
508 1451 661 1520 omnibus,
676 1451 717 1508 ita
728 1455 757 1508 et
769 1451 801 1508 iii
815 1452 957 1526 hecquo·
1010 1449 1082 1514 tem,
1098 1446 1199 1504 sobrio
1215 1463 1251 1504 ac
1264 1447 1397 1504 veridico
1413 1447 1454 1522 pii
1468 1447 1562 1522 patris
1573 1463 1625 1505 ore
1639 1447 1841 1522 depromtam,

127 1556 187 1614 que
201 1545 285 1614 parte
299 1539 399 1598 clarus
413 1545 516 1599 noster
529 1539 603 1597 iorte
615 1538 803 1609 Maximinus,
816 1537 912 1606 facile,
924 1541 989 1630 utB
1009 1549 1087 1608 puro
1095 1535 1284 1611 simplicique
1299 1553 1443 1595 seamone
1457 1537 1617 1596 dicturum
1635 1539 1747 1596 Deinde
1758 1553 1841 1608 voro,

126 1627 257 1692 confido,
268 1628 351 1702 apud
367 1629 515 1687 christum
525 1627 900 1691 dominumobtenturus⁶,
912 1629 955 1694 ut,
1009 1623 1066 1680 etsi
1076 1625 1183 1682 merito
1197 1624 1255 1682 illis
1280 1625 1434 1700 despectui
1450 1625 1554 1684 habita
1573 1625 1661 1685 tuerit
1674 1627 1771 1685 vilitas
1785 1627 1844 1684 ista

127 1717 203 1774 sicut
216 1715 264 1774 illo
279 1733 298 1774 e
313 1719 373 1774 [teo
388 1721 473 1791 patre
496 1717 527 1774 in
543 1717 652 1791 Spiritu
667 1720 772 1774 sancto
793 1714 890 1773 iactus
913 1719 957 1773 est
1009 1709 1204 1778 elaborantis,
1214 1712 1323 1770 honori
1337 1716 1440 1770 tamon
1454 1728 1559 1787 quoeso
1569 1713 1717 1772 habeatur
1729 1729 1843 1789 praro-

126 1804 269 1862 omnibus
291 1804 374 1862 salus
400 1809 429 1862 st
453 1804 579 1877 justitia,
607 1803 649 1861 ita
672 1818 796 1877 quoque
815 1805 843 1860 et
864 1801 982 1860 michi·
1010 1799 1270 1873 gativajubentis3
1286 1816 1342 1859 nec
1364 1801 1465 1860 statim
1478 1802 1613 1872 credant,
1630 1805 1748 1876 patrem
1773 1817 1843 1860 nos·

126 1892 237 1964 elingui
252 1891 398 1950 efficiatur
408 1892 523 1964 lingue.
540 1893 627 1960 Quod
641 1892 666 1948 si
676 1891 860 1964 dignabitur,
873 1891 957 1949 haud
1009 1891 1101 1959 trum,
1116 1888 1216 1946 virum
1239 1889 1342 1964 utique
1370 1895 1473 1948 saneta
1487 1891 1548 1948 vita
1568 1895 1597 1949 et
1616 1889 1843 1950 couversatione

126 1983 265 2053 dubium,
290 1982 439 2057 liquidam
454 1982 607 2040 vanuum
631 1981 722 2039 etiam
737 1997 755 2039 a
769 1985 854 2038 muto
875 1980 958 2038 lucu·
1010 1978 1221 2052 conspicuum,
1250 1979 1327 2037 talsa
1353 1979 1453 2037 dicere
1472 1995 1567 2054 quam
1582 1979 1667 2037 silere
1688 1981 1842 2040 maluisse.

125 2071 220 2128 lenter
233 2086 409 2145 expressum
422 2073 433 2107 ⁷
445 2069 494 2128 iri.
513 2073 573 2128 Nec
587 2069 773 2128 reticendum
792 2072 845 2139 est,
873 2069 957 2144 quod
1010 2067 1062 2124 His
1071 2067 1113 2126 ita
1127 2067 1300 2142 prelibatis,
1317 2069 1431 2127 Wilxere
1446 2071 1469 2106 ¹⁸
1481 2073 1576 2144 pater,
1591 2070 1675 2144 quod
1689 2071 1843 2142 agendum

127 2176 198 2217 cum
213 2159 299 2218 iacile
310 2159 473 2234 confidam,
489 2163 549 2217 lieo
562 2160 679 2234 piisque
694 2158 838 2218 omnibus
857 2173 956 2216 succe·
1009 2157 1148 2216 imminet
1160 2157 1310 2230 ineamus,
1321 2163 1444 2218 exorata
1453 2159 1536 2234 prius
1546 2159 1720 2232 dignatione
1728 2160 1842 2234 divine,

126 2247 263 2306 dentium
279 2253 451 2323 temporum
478 2249 537 2306 hoc
551 2247 734 2322 opusculum
746 2251 865 2319 gratum
882 2247 955 2318 tore,
1009 2251 1159 2321 quatenus
1172 2248 1239 2322 ipsa
1262 2253 1425 2320 annuente,
1439 2265 1507 2324 quoa
1529 2249 1581 2308 illa
1595 2249 1766 2324 sanctisque
1780 2267 1844 2308 om-

125 2341 342 2395 vereortamen
352 2338 546 2412 presentium
558 2337 676 2411 aliquos
688 2337 786 2394 eidem
795 2335 956 2408 derogatu·
1009 2335 1100 2394 nibus
1110 2336 1204 2408 digna
1218 2336 1286 2408 sint,
1302 2342 1332 2396 ot
1343 2343 1375 2397 tu
1389 2354 1441 2397 ore
1456 2338 1573 2398 edicere
1595 2344 1624 2397 et
1652 2353 1709 2411 ego
1729 2341 1842 2414 scripto

126 2426 459 2502 rosmaqueinsulsum,
472 2426 678 2501 falsiloquum,
689 2425 801 2484 nullirn
811 2425 957 2483 momenti
1009 2425 1150 2500 persequi
1163 2425 1327 2485 valeamus.

815 2547 942 2590 rxrumr
960 2547 1104 2590 curario
1124 2534 1158 2588 ¹⁵.

906 2626 1053 2641 —

160 2687 177 2741 8
198 2685 231 2742 ¹⁸.
245 2687 321 2754 (330)
345 2683 543 2759 Temporibus
572 2682 687 2740 Amulii
708 2685 729 2720 ¹⁷
751 2683 952 2757 imperatoris,
972 2681 1146 2742 Gdominus
1160 2697 1247 2739 meus
1261 2683 1425 2757 imperator
1438 2683 1565 2756 largitus
1580 2685 1642 2742 sit?
1658 2708 1673 2736 o
1691 2684 1744 2743 tila
1769 2699 1842 2742 vero

125 2787 195 2829 cum
205 2773 270 2844 jam
284 2772 315 2830 in
329 2772 388 2829 hoc
402 2771 470 2830 loco
484 2772 646 2844 religionis,
664 2786 719 2845 pro
733 2770 821 2829 dolor
837 2771 844 2828 i
858 2775 953 2829 status
1009 2784 1080 2826 cum
1093 2785 1125 2826 se
1138 2770 1255 2828 nescire
1269 2771 1411 2829 fateretur
1426 2790 1432 2828 :
1450 2795 1464 2824 «
1482 2775 1618 2843 Servum,
1634 2772 1752 2847 inquid,
1768 2788 1843 2847 prae-

124 2860 199 2917 haut
219 2859 346 2917 minima
373 2876 410 2917 ex
432 2864 515 2934 parte
542 2859 694 2916 laberetur
712 2861 741 2916 et
768 2858 954 2916 monachicae
1008 2858 1164 2916 divitatem
1178 2859 1210 2916 in
1232 2859 1414 2918 beneficium
1435 2862 1527 2919 michi
1550 2861 1695 2932 indulsit;
1709 2866 1739 2919 et
1752 2861 1777 2918 si
1797 2862 1843 2919 vis
1964 2861 1970 2868 '

122 2947 318 3022 professionis
339 2947 422 3020 rigor
436 2947 581 3022 paulatim
595 2936 690 3006 lax'ari
704 2963 740 3004 aa
759 2947 884 3006 dissolvi
899 2963 956 3004 ooe·
1010 2947 1097 3015 scira,
1125 2946 1192 3022 ipse
1215 2953 1260 3006 est
1287 2949 1465 3009 Maximinus
1488 2966 1558 3007 cum
1580 2949 1705 3008 abbatia
1731 2967 1787 3008 sua
1803 2952 1840 3018 ¹¹,

123 3036 228 3111 pissct,
243 3036 386 3094 defuncto
408 3036 581 3095 monasterii
608 3035 719 3094 abbate
738 3035 954 3104 llerlxenberto,
1009 3051 1102 3110 quoin
1114 3035 1206 3095 etiam
1221 3036 1308 3095 tibiai
1325 3040 1349 3074 ¹²
1366 3038 1495 3096 volueris
1515 3038 1644 3097 badam.
1661 3038 1775 3106 Quibus
1790 3053 1843 3096 au·

123 3127 335 3201 monachipro
350 3126 492 3184 electione
511 3126 629 3185 abbatis
651 3125 798 3201 palatium
822 3143 857 3184 ex
871 3142 955 3184 more
1008 3124 1090 3197 ditis,
1105 3139 1188 3183 sanai
1219 3125 1328 3184 mentis
1351 3126 1459 3184 mulier
1477 3127 1575 3184 virum
1598 3143 1693 3202 prope
1714 3126 1840 3185 modum

124 3219 308 3290 competunt.
344 3215 459 3284 Quibus
489 3231 559 3273 cum
594 3215 724 3288 peccatis
764 3215 955 3288 exigentibus
1007 3213 1161 3287 insanum,
1176 3203 1372 3289 quantumin
1387 3215 1494 3282 sciscit,
1513 3231 1569 3291 pro
1593 3217 1751 3275 temeraria
1775 3233 1842 3289 gar·

123 3303 228 3362 electio
242 3319 304 3362 non
317 3305 537 3378 permitteretur
550 3305 584 3374 ¹⁸,
598 3303 790 3378 sequestratis
803 3303 955 3378 aliquibus
1008 3302 1126 3361 rulitate
1139 3303 1341 3369 vehementer,
1357 3305 1529 3379 objurgare,
1545 3321 1638 3381 seque
1663 3307 1737 3364 tanti
1751 3305 1842 3365 boue·

123 3392 298 3450 monasterii
317 3391 578 3467 possessiunculis,
593 3408 662 3468 quer
683 3391 731 3450 rix
744 3396 840 3450 artam
851 3407 955 3450 mona·
1007 3391 1068 3450 ficii
1081 3393 1324 3465 indignissimam
1338 3395 1527 3469 proclamare
1539 3397 1583 3467 ¹³3
1600 3411 1670 3454 eum
1679 3396 1758 3454 inter
1776 3397 1841 3454 brac

124 3481 188 3539 eliis
211 3481 459 3539 sustentationem
490 3481 659 3556 potuissent
676 3480 821 3557 prebere,
833 3481 955 3538 cuidam
1007 3481 1082 3539 haut
1095 3483 1259 3557 moretuil,
1289 3489 1318 3542 et
1331 3501 1400 3542 ecee
1414 3485 1557 3559 injuriam
1581 3485 1679 3544 dilecti
1696 3486 1843 3544 lleiMaxi·

123 3570 321 3643 Megingaudo
353 3571 436 3645 (273),
465 3571 551 3642 regni
573 3571 665 3644 hujus
689 3570 769 3640 duci,
802 3570 855 3645 qui
883 3575 955 3628 tunc
1007 3569 1083 3626 mini
1109 3572 1133 3606 ’t
1157 3571 1250 3643 digna
1282 3573 1416 3630 vindicta
1453 3573 1658 3648 subsequitur,
1688 3573 1778 3648 aique
1805 3590 1841 3631 os

124 3657 199 3716 torta
225 3656 329 3715 aderat
358 3659 392 3728 ¹⁹,
422 3657 546 3717 abbatia
575 3659 615 3716 ab
641 3657 822 3732 imperatore
841 3657 955 3716 donata
1007 3658 1222 3734 blasphemum
1238 3661 1311 3719 ultio
1325 3662 1428 3719 divina
1453 3663 1606 3736 corripuit.
1621 3667 1696 3720 Nam
1720 3663 1768 3720 ille
1783 3662 1841 3720 fra·

123 3749 178 3802 est.
194 3745 260 3811 Qua
273 3749 413 3818 suscepta
438 3759 509 3802 cum
529 3747 615 3804 latus
627 3745 667 3803 ad
680 3743 804 3818 propria
824 3759 955 3802 remeas·
1008 3747 1076 3818 gilis
1088 3761 1125 3804 ac
1150 3747 1284 3805 caducus
1310 3749 1458 3817 terricola,
1481 3750 1534 3823 qui
1548 3749 1632 3806 inani
1641 3750 1788 3822 jactantia
1805 3765 1840 3807 ac

124 3837 178 3903 set,
198 3831 325 3890 hilarem
339 3849 371 3890 se
402 3847 438 3890 ec
459 3833 630 3906 jucundum
654 3849 710 3907 pro
724 3835 847 3906 accepto
861 3831 954 3890 bene·
1007 3833 1124 3891 tumido
1149 3835 1252 3892 animo
1283 3851 1315 3893 se
1341 3853 1433 3912 super
1446 3837 1513 3894 ooeli
1527 3837 1685 3894 consulem
1704 3836 1839 3896 Maximi·

123 3921 192 3979 ticio
206 3924 369 3996 pertotum
383 3920 465 3978 diem
479 3923 504 3959 ²⁰
516 3922 660 3980 omnibus
684 3919 840 3990 exhibens,
866 3920 956 3980 adve—
1007 3939 1083 3981 num
1108 3923 1301 3995 extendisset,
1326 3925 1425 3984 subito
1447 3925 1526 3984 inira
1540 3925 1738 4000 semetipsum
1758 3930 1839 3984 totus

123 4007 989 4095 nientenoctecumcoujugeciibioulumadiitcumque1)
1008 4011 1202 4083 contrabitur,
1234 4016 1264 4070 ct
1290 4012 1382 4086 paulo
1411 4017 1481 4071 ante
1506 4013 1639 4072 hominis
1665 4013 1773 4084 torma,
1807 4014 1838 4072 iu

121 4099 281 4159 latitlioro
302 4099 413 4174 pariter
435 4099 667 4170 discubiiissent,
681 4089 834 4171 ‘digressis
856 4102 954 4160 omni·
1009 4115 1139 4174 speram
1153 4100 1320 4174 quamdam
1343 4101 1390 4160 vel
1417 4103 1544 4175 globum
1571 4118 1649 4177 pene
1676 4101 1838 4160 intormem

122 4189 192 4259 bus,
212 4188 309 4248 solam
332 4187 490 4247 mulierem
504 4193 617 4248 secreto
631 4189 663 4246 in
676 4189 742 4248 liasc
764 4190 857 4250 rerba
879 4190 953 4249 allo-
1008 4189 1207 4248 convolvitur.

123 4279 243 4354 quitur:
258 4278 398 4352 «Sciens,
426 4278 533 4354 inquit,
557 4283 707 4354 quantum
735 4280 827 4342 michi
841 4295 953 4338 munus
1043 4281 1198 4337 ⁹²³.t*imc
1220 4279 1447 4354 Megingaudus,
1474 4285 1536 4340 tam
1560 4281 1668 4340 acriter
1685 4281 1799 4340 diutim
1812 4283 1837 4319 ¹⁸

813 4397 928 4452 VARIAE
947 4395 1149 4454 tentiones.

160 4493 284 4567 ‘pergo
308 4493 336 4550 2.
359 4495 387 4550 3.
424 4489 698 4550 ‘obtentaturusz
712 4509 790 4552 coir.
818 4492 995 4552 obtenturus
1012 4497 1038 4550 t.
1076 4493 1268 4568 ⁷expresum
1281 4493 1309 4550 3.
1348 4494 1359 4528 ⁸
1372 4495 1563 4567 portando,
1602 4495 1706 4552 tuaest
1724 4496 1751 4550 2.
1768 4499 1838 4576 post

125 4563 196 4622 add.
215 4569 240 4622 t.
279 4562 427 4620 ¹⁰ideotas
439 4567 465 4621 3.
505 4565 526 4600 ¹¹
542 4579 723 4624 caesareo.
738 4579 846 4624 manus
862 4569 887 4622 t.
926 4563 1109 4638 ¹’lepuiitata
1135 4569 1160 4622 t.
1200 4565 1223 4600 ¹⁸
1236 4562 1361 4637 tullique
1371 4566 1459 4639 copio
1474 4581 1553 4624 corr.
1569 4564 1705 4639 tulliique
1716 4570 1836 4640 capiat.

125 4634 249 4708 tulliquo
260 4649 338 4692 corr.
351 4633 484 4708 tulliique
495 4636 523 4714 2.
562 4636 586 4672 ¹⁸
599 4634 728 4693 wichere
741 4639 770 4692 2.
783 4651 862 4695 corr.
874 4634 985 4692 wikere
1001 4639 1027 4691 t.
1066 4637 1089 4671 ¹⁵
1101 4637 1144 4693 ite
1160 4639 1187 4694 3.
1203 4635 1256 4692 udi
1266 4637 1419 4707 sequitur:
1436 4637 1541 4710 incipit
1553 4635 1628 4692 liber
1639 4635 1790 4693 secundus
1799 4635 1838 4693 de

124 4705 276 4762 miraculis
290 4705 385 4764 sancti
399 4704 549 4764 Maximini
562 4705 779 4782 archiepiscopi
791 4705 990 4765 Trevirorum.
1005 4736 1041 4747 -
1054 4705 1218 4763 Exordium
1237 4706 1329 4778 hujus
1341 4707 1481 4780 opusculi
1507 4706 1549 4763 illi
1563 4706 1709 4763 miraculo
1727 4706 1838 4778 insigni

125 4780 288 4834 statueram
302 4775 452 4834 dedicare.
468 4777 517 4834 lta
530 4778 595 4848 sere
609 4780 736 4836 etiami.
752 4777 853 4836 ceteri
874 4777 959 4835 codd.
985 4781 1013 4834 et
1040 4775 1086 4835 ed.
1104 4776 1158 4835 too
1180 4777 1244 4835 toro
1258 4777 1361 4834 manci
1373 4783 1454 4834 sunt.
1494 4779 1517 4814 ¹⁸
1532 4792 1557 4835 e.
1574 4781 1617 4837 tt.
1630 4778 1701 4835 edit.
1717 4809 1752 4818 -
1764 4777 1836 4834 edd.

124 4849 249 4906 rubram
266 4847 470 4904 :Gravissima
481 4847 614 4920 periculo
634 4863 665 4906 se
693 4865 730 4906 ex
753 4851 850 4906 onunt
864 4849 916 4922 qui
942 4845 1126 4905 abbatialem
1154 4847 1245 4921 hujus
1261 4848 1437 4905 monasterii
1453 4847 1626 4906 electionem
1640 4863 1758 4908 cassare
1771 4864 1837 4906 mo-

124 4919 256 4988 liuntur;
272 4919 287 4976 3
304 4935 310 4974 :
327 4920 424 4985 Quam
433 4917 497 4973 dire
510 4917 588 4974 ulcio
600 4918 703 4977 divina
744 4918 949 5002 egingaudum
975 4918 1061 4988 regni
1082 4919 1174 4990 huius
1202 4918 1312 4976 ducem
1330 4918 1410 4976 hanc
1433 4919 1588 4977 abbatiam
1600 4923 1750 4976 tenentem
1764 4923 1794 4977 et
1805 4919 1837 4977 in

124 4993 263 5046 sanctum
275 4987 467 5070 Maximinum
475 4988 542 5046 blas
565 4989 738 5068 liemantem
753 4989 897 5066 corripuit
934 4991 954 5026 ¹²
974 4987 1177 5047 uncinias.
1204 4989 1345 5096 arnulphi
1370 4993 1399 5047 2.
1415 4995 1442 5048 3.
1482 4991 1505 5026 ¹⁸
1518 4990 1724 5048 admitteretur
1736 4995 1763 5047 3.
1814 4992 1836 5025 ¹⁹

125 5059 540 5119 aderantoorr.aderatt.a
573 5064 637 5116 erat
651 5065 678 5117 3.
716 5063 741 5097 ¹⁰
753 5062 834 5120 deest
846 5065 873 5118 3.
913 5061 935 5096 ¹¹
948 5059 1080 5132 posted.
1099 5059 1218 5129 t,deest
1232 5065 1258 5116 2.
1311 5060 1362 5117 ¹si
1386 5077 1415 5118 v.
1441 5060 1534 5118 tibit.
1572 5061 1773 5134 ⁸³cepitp.2‚
1812 5061 1836 5094 ¹⁸

122 5137 190 5214 port
202 5131 273 5214 add.
292 5135 317 5188 t.
356 5133 414 5214 ²³²:
430 5129 480 5188 ad.
496 5131 623 5212 rubrata
638 5129 784 5214 :predicti
810 5129 999 5214 Megingaudi
1009 5129 1182 5200 conglobati
1196 5129 1311 5188 curatio
1325 5130 1486 5214 benivolaq
1502 5136 1518 5214 ³.
1536 5129 1771 5213 :Megingaudus
1786 5143 1837 5200 pe-

123 5207 249 5260 nitentia
262 5202 371 5260 duotus
385 5205 493 5260 virtute
508 5203 658 5258 Maximini
686 5206 811 5275 pristine
837 5201 972 5258 redditur
994 5201 1100 5258 torma.
1140 5203 1164 5236 ²⁶
1179 5203 1223 5258 tta
1238 5201 1323 5258 codd.
1338 5219 1448 5270 omnes,
1458 5203 1600 5258 diuinitus
1616 5201 1660 5256 cil.
1678 5230 1710 5238 -
1724 5202 1752 5260 2,
1768 5199 1833 5260 nde,

124 5279 262 5344 uexatus,
277 5274 358 5348 quod
372 5275 404 5330 ia
420 5274 446 5327 t.
462 5285 578 5346 quoque
593 5273 739 5342 scriptum
752 5274 803 5330 sed
813 5279 881 5342 post
896 5273 1086 5329 detetumest.

927 5371 1038 5428 NOTAE.

160 5461 235 5544 (273)
262 5459 300 5516 ci.
329 5458 442 5540 Regino
469 5473 497 5514 a.
533 5460 594 5516 332.
612 5457 714 5514 Lamei
740 5460 813 5514 Acta
826 5457 886 5515 Pal.
904 5461 935 5515 V.
951 5475 982 5533 p.
999 5463 1061 5517 itt.
1085 5457 1130 5516 td
1153 5475 1224 5517 eum
1250 5461 1377 5516 Brower.
1392 5459 1469 5512 Anii.
1483 5469 1514 5527 p.
1537 5456 1590 5511 teo
1604 5453 1790 5527 epitaphium
1805 5453 1835 5509 in

126 5531 252 5590 ecclesia
268 5533 296 5589 S.
312 5529 420 5586 Albani
437 5531 566 5600 Mogomt
582 5533 735 5602 repertum
748 5529 847 5586 refert.

325 5627 447 5684 Parnoi.
467 5625 601 5684 cxxxiii.
1516 5628 1548 5682 at
