4160 6162
270 161 322 213 ila
800 149 828 204 S.
845 147 975 203 obolus
989 147 1134 204 leuatis
1154 151 1406 208 tlLUNiACENSiS
1419 153 1451 206 ll.
1934 149 1997 202 iii

265 277 314 335 vel
325 276 408 334 ialsae
419 273 483 346 spei
493 269 616 340 fiducia,
632 269 680 327 vel
693 268 768 327 lacte
781 269 898 326 miserae
913 267 1095 341 desperatio·
1111 273 1134 325 d
1152 271 1243 328 videri
1255 272 1369 346 aliquid
1385 270 1603 340 voluut,densis
1618 267 1834 340 cogitationum
1849 267 1994 324 tumulti·

265 368 314 424 nis
330 361 478 422 enutrivi?
497 363 629 430 tingetur
643 358 734 416 etiam
746 359 837 432 culpo
855 357 1008 415 latoribus
1022 373 1095 413 enu-
1150 361 1253 431 busin
1264 361 1752 434 cordecomprimunturilumque
1762 356 1993 414 desideriorum

266 454 419 512 trimiliae
430 448 573 507 Salomon
585 447 644 505 ait:
661 447 741 504 «Fili
761 447 814 516 mi,
826 447 850 503 si
874 451 901 504 te
924 446 1096 504 lactaverint
1149 451 1253 507 turbas
1264 451 1341 508 intra
1358 468 1389 508 se
1407 451 1545 519 excitant,
1557 453 1735 522 prostratam
1758 452 1889 502 urentem
1905 447 1993 520 pede

264 543 448 617 peccatores,
459 555 498 595 ne
509 537 685 611 acquiescas
696 539 798 606 (Pron.
808 553 827 607 r,
840 537 895 604 iti).
908 557 923 587 n
935 535 1095 593 Sciendum
1149 539 1274 596 miseriae
1290 538 1536 613 frequentationis
1552 537 1679 593 calcant.
1696 541 1730 592 et
1760 539 1864 591 eontra
1886 536 1990 592 sancti

262 643 385 702 quoque
395 626 479 701 qnod
491 630 551 683 tres
561 623 613 682 ilili
623 630 724 682 motus
733 624 933 698 peccantium,
943 623 1030 694 juxta
1037 622 1095 679 dis·
1148 626 1288 702 viri,quia
1297 627 1369 684 nibil
1378 628 1469 699 hujus
1479 626 1584 684 mundi
1598 629 1754 698 appetunt,
1767 623 1857 680 nullis
1876 625 1990 698 procui

262 734 367 775 cessus
382 716 428 772 sui
451 714 589 773 ordinem
613 713 730 771 facilius
754 713 953 784 corriguntur,
969 715 1095 785 quartus
1148 712 1986 786 dubioincordeeogitationumtumultibuspremuntur.

260 823 334 864 vero
348 806 404 862 iste
418 803 569 861 difficilius
580 803 768 860 emendatur.
781 801 863 858 Unde
876 805 905 857 et
915 800 1095 874 Redemptor
1149 803 1327 862 solitudines
1337 820 1409 875 ergo
1419 802 1565 860 aedificare
1574 806 1645 859 esta
1656 801 1875 858 seeretocordis
1889 806 1986 858 terre-

261 899 364 954 noster
377 893 511 968 puellam
529 892 559 948 iu
582 892 685 960 domo,
700 891 842 964 juvenem
866 894 948 946 extra
963 894 1092 963 portam,
1147 909 1256 950 norum
1266 894 1483 951 desideriorum
1495 892 1640 948 tumultus
1652 891 1847 964 expellereet
1862 907 1923 948 una
1939 892 1985 946 in-

263 987 408 1042 bazarum
426 982 464 1038 de
478 980 627 1054 sepulcro,
642 983 783 1053 quartum
799 995 869 1036 vero
884 993 946 1036 non
970 977 1093 1035 suscitat
1147 983 1276 1040 tentione
1291 987 1407 1040 eterne
1423 982 1536 1056 patriae,
1551 981 1582 1037 iu
1596 979 1854 1038 amor-emindmus
1869 980 1984 1053 quietis

261 1077 426 1130 mortuum.
445 1069 547 1126 Aliter:
573 1069 672 1138 Quare
693 1084 753 1126 uou
787 1069 818 1124 iu
843 1068 934 1125 euleu
957 1071 1093 1124 mortuus
1147 1071 1353 1130 anhelareltn
1363 1087 1425 1129 non
1437 1076 1630 1128 cunctosase
1643 1069 1859 1142 cogitationum
1871 1070 1985 1128 tumul-

261 1164 351 1218 sum?
365 1159 398 1216 ld
412 1163 465 1228 est,
477 1174 547 1214 eum
563 1156 708 1231 serpentis
723 1155 875 1228 suggestio
889 1171 938 1212 me
953 1153 1092 1228 concipe·
1146 1165 1194 1218 tus
1203 1160 1359 1235 expulerat
1372 1160 1425 1234 qni
1440 1160 1559 1217 [licebat
1572 1159 1586 1214 t
1602 1183 1615 1208 a
1633 1159 1730 1216 Unam
1750 1158 1819 1232 petii
1842 1175 1860 1214 a
1882 1160 1982 1216 Domi-

260 1254 315 1320 ret,
340 1255 411 1308 tunc
446 1247 562 1304 utinam
601 1263 669 1320 quae
709 1261 758 1302 me
796 1261 877 1304 mors
906 1248 1089 1318 sequeretur,
1146 1265 1197 1320 no,
1210 1249 1289 1306 bane
1302 1249 1455 1322 requiram
1468 1253 1500 1306 ut
1519 1247 1684 1305 inhabitem
1698 1246 1728 1302 iu
1753 1246 1846 1303 domo
1862 1247 1982 1304 liomini

261 1339 463 1411 agnovissem,
478 1352 625 1410 neusque
639 1335 679 1393 ad
693 1335 924 1392 delectationem
938 1332 1090 1406 suggestio
1147 1337 1242 1409 (Psoi.
1271 1354 1354 1408 xxvi,
1376 1338 1405 1410 l)
1419 1360 1433 1388 »
1464 1340 1517 1393 Et:
1548 1359 1562 1385 ι(
1584 1339 1656 1393 Ecce
1683 1335 1821 1406 elongavi
1849 1334 1981 1407 iugiem,

259 1430 418 1500 raperet,et
432 1425 521 1482 morti
530 1425 641 1482 arctius
652 1424 766 1496 ligaret.
781 1423 932 1496 Sequitur:
944 1423 1089 1494 lieresuts
1146 1431 1176 1483 et
1195 1426 1294 1482 mansi
1314 1425 1346 1482 in
1372 1424 1530 1482 solitudine
1553 1425 1645 1498 (Psoi.
1662 1441 1717 1494 ur,
1748 1424 1815 1496 8).»
1844 1425 1878 1480 iit
1899 1426 1980 1481 iere-

259 1531 297 1574 eoe
312 1521 407 1583 uteo,
423 1515 598 1572 nomitatim
611 1513 720 1582 petii?
742 1511 943 1568 desidiosi:
970 1510 1087 1568 Utinam
1146 1515 1223 1574 mitt-3
1235 1515 1294 1572 aii:
1324 1538 1339 1565 u
1354 1518 1379 1570 Α
1401 1515 1477 1572 faeie
1504 1529 1614 1572 manus
1637 1519 1696 1571 tuoe
1718 1513 1799 1570 solus
1821 1512 1980 1584 sedebam,

259 1605 300 1662 ad
312 1602 487 1660 exteriorem
503 1600 851 1668 delectationemeniens,
867 1615 929 1674 quo
951 1597 1089 1657 interiore
1108 1620 1128 1674 ρ
1146 1605 1292 1680 quoniam
1306 1604 1540 1662 comminatione
1553 1602 1670 1677 replesti
1688 1619 1735 1660 nne
1750 1603 1821 1674 (αρν.
1837 1620 1888 1673 xv,
1905 1603 1980 1676 lsi„

258 1694 372 1751 lumine
384 1691 535 1766 privabar,
550 1691 752 1764 agnovissem,
762 1695 790 1748 et
806 1689 1024 1763 salteminipsa
1037 1691 1090 1745 de·
1144 1695 1302 1768 Sequitur:

258 1781 416 1840 lectatione
430 1780 652 1849 occumberem,
668 1795 706 1836 ne
725 1795 780 1854 per
802 1795 986 1838 eonsensum
1006 1795 1089 1836 mors
1181 1786 1266 1840 Vens.
1284 1783 1326 1839 la.
1342 1783 1417 1840 Germ
1430 1781 1621 1853 principibus
1631 1782 1684 1854 qui
1690 1781 1843 1852 possident
1854 1797 1977 1844 oacrum,

259 1870 357 1930 acrius
368 1869 507 1944 puniretl
525 1868 682 1942 Sequitur:
713 1868 777 1926 Cur
790 1875 927 1939 encomia
941 1869 1065 1940 genibus
1080 1871 1090 1924 t
1145 1879 1172 1931 et
1183 1873 1300 1943 repunt
1312 1872 1414 1929 desnos
1425 1888 1496 1930 sicus
1509 1876 1644 1943 arnecto.
1710 1873 1792 1936 Quos
1808 1869 1881 1927 alios
1896 1869 1979 1944 priu-

259 1963 301 2016 Ac
316 1956 341 2016 si
356 1959 457 2016 dicat:
485 1957 604 2014 Utinam
619 1957 743 2014 minime
758 1973 807 2014 me
831 1972 997 2014 cousensus
1022 1956 1091 2013 sub
1145 1961 1236 2035 cipes,
1249 1959 1308 2017 nisi
1324 1964 1434 2016 sanctae
1456 1960 1591 2016 Ecclesiae
1606 1965 1735 2018 rectores
1750 1959 1865 2015 vocati
1893 1961 1979 2029 Quos

255 2049 341 2122 jectis
355 2049 458 2122 pravis
471 2047 611 2104 sensibus
626 2047 802 2121 excepisset,
818 2063 874 2103 nec
887 2046 953 2120 ipsa
967 2061 1091 2102 consen·
1144 2049 1345 2106 indesinenter
1360 2049 1388 2105 iu
1402 2048 1469 2106 loco
1488 2048 1718 2122 praecedentium
1745 2047 1978 2120 praedicatorum

258 2139 298 2198 tio
311 2155 360 2196 me
375 2137 535 2194 audaciam
551 2136 680 2194 deterius
695 2137 831 2210 raperet!
848 2135 1004 2210 Sequitur:
1028 2136 1091 2192 Cur
1144 2138 1247 2196 divina
1261 2137 1444 2211 dispensatio
1457 2137 1608 2208 subrogat.
1628 2141 1667 2192 lle
1688 2137 1799 2210 quibus
1814 2135 1910 2192 eidem
1925 2138 1979 2190 lic-

259 2231 388 2286 luetutus
401 2225 564 2284 uberibus?
591 2225 622 2282 ld
642 2229 696 2296 est,
712 2225 828 2282 utinam
855 2223 989 2282 blandiri
1015 2223 1090 2281 mihi
1144 2227 1242 2284 clesire
1258 2227 1413 2282 Psalnrista
1426 2226 1467 2283 ait
1480 2243 1486 2281 :
1499 2249 1513 2275 c
1530 2229 1583 2282 l’ro
1595 2224 1730 2298 patribus
1751 2225 1808 2280 tuis
1824 2224 1886 2280 nati
1906 2231 1978 2280 suut

257 2316 356 2374 saltim
371 2319 439 2389 post
457 2315 537 2372 mala
561 2319 731 2389 perpetrata
755 2313 928 2382 voluissem,
944 2327 982 2370 ne
1007 2317 1089 2370 tanto
1144 2313 1195 2370 tibi
1211 2315 1300 2380 tilii»
1324 2314 1487 2387 etreliqua
1516 2315 1610 2382 (Psoi.
1629 2329 1704 2380 xnv,
1726 2313 1777 2384 lt).
1798 2311 1873 2376 Quid
1901 2328 1974 2368 vero

256 2423 305 2464 me
325 2405 455 2479 nequius
476 2403 685 2475 astringerem,
701 2408 816 2476 quanto
838 2401 957 2459 mollius
979 2401 1011 2459 in
1038 2401 1089 2457 illa
1145 2418 1251 2459 nurum
1268 2401 1324 2458 uisi
1336 2402 1515 2474 sapientiam
1531 2401 1685 2475 appellati
1700 2404 1733 2458 lit
1751 2399 1825 2457 illud
1841 2401 1976 2457 Salomo-

256 2511 305 2551 mc
321 2493 473 2550 foverem!
492 2492 648 2565 Sequitur:
1145 2492 1214 2548 nis:
1236 2492 1435 2549 «Thesaurus
1462 2491 1670 2547 desiderabilis
1693 2491 1851 2564 requiescit
1872 2489 1901 2545 iu
1924 2507 1978 2546 ore

293 2585 377 2638 Vnus.
391 2580 431 2638 ts.
441 2580 617 2636 Nuueenim
628 2579 777 2636 dormiens
789 2580 916 2648 silerent,
932 2583 959 2635 et
978 2593 1088 2635 sommo
1146 2581 1288 2654 sapientis
1303 2583 1404 2648 (Pron.
1420 2597 1474 2647 vui,
1492 2582 1547 2653 20).
1563 2605 1576 2630 »ι
1593 2579 1668 2647 Quid
1685 2585 1784 2636 autem
1800 2596 1853 2653 per
1868 2579 1978 2635 domos

258 2667 713 2741 incorrectionem-Adhuc
726 2667 819 2724 homo
834 2667 864 2723 in
879 2665 1022 2740 paradiso
1036 2682 1088 2740 ρο-
1146 2669 1202 2726 nisi
1228 2670 1416 2726 conscientiis
1442 2669 1664 2739 designantur?
1685 2669 1766 2725 tlnde
1787 2675 1891 2726 sonato
1917 2669 1979 2725 eui-

259 2757 333 2813 situs
348 2756 454 2824 iuerat,
466 2760 498 2813 ut
512 2755 537 2812 si
558 2772 589 2812 se
613 2755 764 2812 conditori
774 2772 829 2812 suo
850 2755 1035 2826 astringeret,
1048 2754 1088 2812 ad
1146 2759 1218 2815 dam
1232 2759 1358 2816 dicitur:
1375 2782 1388 2808 u
1405 2758 1484 2814 Vudc
1497 2759 1527 2814 iu
1542 2757 1668 2815 ‹lomum
1690 2763 1772 2818 luam
1796 2759 1916 2828 (Mettio.
1934 2775 1977 2827 rx,

258 2845 408 2902 coeiestem
419 2843 597 2917 augelorum
608 2844 736 2919 patriam
751 2845 935 2920 quandoque
952 2844 1016 2901 sine
1027 2861 1090 2902 car·
1146 2852 1183 2910 6.)
1200 2872 1214 2898 n
1230 2847 1305 2914 Quid
1319 2865 1372 2922 per
1387 2851 1555 2918 argeutum,
1573 2847 1629 2902 uisi
1644 2845 1764 2920 eloquia
1783 2846 1883 2904 divina
1897 2847 1977 2918 ligu-

258 2934 306 2992 nis
315 2937 412 2992 morte
420 2934 566 3002 transiret,
578 2933 731 3007 inquavel
739 2950 874 3008 peccare,
885 2933 1016 2990 velmori
1028 2949 1089 2990 nou
1108 2970 1127 3024 G
1146 2937 1272 2993 rantur?
1289 2940 1327 2993 lie
1340 2937 1449 3010 quibus
1467 2953 1519 3008 per
1535 2935 1721 2992 l’salmistum
1736 2934 1860 2992 dicitur:
1878 2957 1891 2982 u
1910 2934 1977 2990 lilo-

258 3026 369 3096 possei·
393 3023 455 3079 H00
472 3021 580 3096 quietis
601 3021 750 3078 Silentium
774 3023 866 3078 nomo
889 3021 1003 3086 habuit,
1020 3037 1089 3078 etim
1145 3027 1217 3101 quia
1231 3027 1356 3093 lionrini,
1373 3026 1492 3099 eloquia
1508 3031 1600 3094 casta,
1615 3031 1772 3096 argentum
1784 3024 1976 3096 igneexami-

258 3117 362 3170 contra
375 3112 495 3168 hostem
510 3127 599 3168 suum
614 3109 743 3167 liberum
757 3109 918 3168 voluntatis
933 3109 1089 3166 arbitrium
1144 3123 1250 3174 netum
1268 3117 1360 3188 (Prae.
1384 3133 1426 3186 nr,
1448 3118 1484 3188 7).
1510 3139 1522 3164 l
1562 3115 1591 3171 Si
1624 3114 1703 3171 enim
1736 3119 1891 3188 parentem
1918 3113 1978 3186 pri·

258 3201 384 3274 accepit,
396 3201 446 3257 cui
456 3201 528 3273 quia
544 3216 601 3256 sua
615 3203 721 3273 sponte
732 3199 900 3266 succubuit,
915 3215 984 3255 mox
998 3198 1037 3255 de
1058 3215 1090 3255 se
1145 3223 1229 3264 nnnrn
1266 3206 1350 3262 nnlln
1378 3205 1491 3279 ponenti
1516 3205 1644 3278 putredo
1685 3207 1899 3277 corrumperet,
1926 3219 1977 3259 ne

257 3288 506 3363 quodcontrase
527 3291 726 3361 perstreperet
749 3287 871 3344 invenit.
889 3287 960 3343 ilinc
982 3287 1090 3344 Paulus
1144 3311 1300 3368 quaquam
1315 3294 1487 3351 exsofitios
1511 3294 1656 3364 gehennon
1685 3297 1849 3364 generaret.
1865 3291 1921 3350 Sed
1944 3292 1977 3348 bi

260 3379 314 3435 ait:
328 3399 341 3428 u
353 3376 445 3433 Video
461 3375 552 3433 aliam
574 3376 672 3447 legem
692 3376 723 3432 in
742 3376 887 3432 membris
905 3375 978 3432 meis
994 3377 1087 3449 (Rom.
1143 3383 1196 3457 qui
1210 3399 1290 3439 nune
1305 3398 1359 3456 per
1373 3381 1610 3454 redemptionem
1624 3379 1760 3438 salvandi
1773 3385 1851 3448 sunt,
1864 3378 1920 3436 soli
1934 3379 1976 3436 ab

257 3467 374 3537 uida).
386 3488 401 3518 u
415 3469 483 3540 ¹9⁸³
494 3465 575 3522 0¹¹1OE
586 3464 685 3522 011?ssss
696 3465 857 3538 ⁸118t3⁰⁵ii0‚
866 3465 954 3539 qussi
964 3465 1089 3538 quidam
1143 3471 1194 3528 iilo
1205 3471 1289 3529 electi
1303 3476 1505 3528 nascerentur.
1524 3470 1650 3527 Eosdem
1665 3485 1735 3541 ergo
1746 3469 1855 3526 electos
1868 3467 1978 3542 aspicit

258 3555 372 3612 elamor
395 3559 440 3611 est
462 3558 566 3611 contra
589 3552 721 3626 quietem
748 3553 868 3624 meotis,
892 3569 986 3626 quam
1020 3558 1090 3611 aute
1143 3559 1189 3616 vir
1203 3563 1334 3628 sanctus,
1351 3563 1440 3632 atque
1454 3557 1610 3632 quomodo
1623 3575 1692 3615 eum
1706 3557 1910 3631 eisquieseere
1922 3572 1974 3630 po·

258 3642 527 3714 transgressionem
538 3641 699 3698 bomonon
710 3641 810 3699 sensit.
826 3641 985 3716 Sequitur:
1145 3649 1256 3718 inisset,
1273 3647 1407 3704 intendit.
1425 3647 1582 3722 Sequitur:

293 3735 379 3792 Vnus.
396 3736 439 3790 li.
457 3733 531 3790 Cum
551 3732 671 3804 rupibus
692 3737 721 3789 et
742 3732 914 3789 consulibua
939 3738 1037 3792 terre.
1055 3764 1090 3774 -
1179 3741 1265 3795 Vsus.
1285 3741 1326 3794 to.
1339 3741 1401 3794 Aut
1413 3743 1489 3795 sieut
1504 3737 1672 3810 abortiuum
1688 3737 1893 3795 absconditum
1915 3753 1975 3794 nou

256 3825 351 3894 Reges
375 3837 437 3880 non
465 3821 615 3878 immerito
642 3819 820 3893 angelorum
840 3819 960 3895 spiritus
982 3821 1089 3896 accipi·
1144 3825 1340 3884 succesorem.
1368 3857 1404 3866 —
1431 3825 1606 3884 disertivam
1644 3823 1761 3894 dicitur,
1788 3825 1872 3899 quod
1905 3829 1976 3882 ante

256 3929 326 3969 mus
340 3911 393 3986 qui
406 3927 469 3984 quo
482 3910 597 3968 auctori
607 3909 744 3968 emulum
757 3909 932 3967 familiarius
944 3911 1088 3980 serviunt,
1144 3915 1268 3989 plenum
1291 3919 1410 3990 tempus
1435 3915 1538 3986 oritur,
1565 3914 1743 3972 exstinctum
1767 3914 1904 3988 protinus
1927 3929 1976 3972 oc-

256 4017 292 4058 eo
325 3999 461 4074 subjecta
487 3999 587 4074 potius
615 4004 731 4073 regunt.
754 3999 810 4067 Qui
845 3999 923 4057 bene
951 3999 1089 4057 eonsules
1143 4003 1280 4062 cultatur.
1308 4001 1464 4061 abortivos
1488 4003 1568 4062 enim
1593 4021 1662 4061 cum
1686 4002 1797 4077 quibus
1821 4003 1976 4078 quiescere

255 4095 411 4160 vocantur,
436 4089 509 4162 quia
532 4088 607 4146 dum
629 4089 703 4163 ipsis
725 4088 934 4148 nuntiantibus
953 4089 1088 4146 voluuta-
1142 4091 1976 4166 potuissetomuesvocat,quiabipsoprimordiomundi

255 4183 315 4236 tem
343 4177 510 4238 conditoris
532 4178 738 4249 agnoscimus,
752 4177 783 4234 in
803 4177 845 4235 eis
866 4177 970 4251 proctd
993 4177 1086 4235 :lubio
1143 4185 1211 4238 ante
1226 4181 1440 4255 redemptionis
1459 4186 1577 4255 tempus
1601 4181 1693 4238 exorti
1719 4185 1797 4252 sunt,
1820 4185 1849 4238 et
1872 4185 1975 4238 umen

255 4267 426 4324 consultum
441 4267 481 4322 ab
496 4267 635 4338 angustia
659 4271 768 4324 nostres
788 4267 986 4325 tribrdalionis
1006 4267 1087 4325 inve·
1142 4269 1212 4327 buic
1235 4270 1352 4328 mundo
1378 4269 1557 4328 mortificare
1584 4270 1762 4344 semetipsos
1783 4275 1974 4329 curaverunt.

253 4356 364 4412 nimus.
376 4356 451 4412 cum
466 4355 577 4428 quibus
587 4356 681 4412 homo
691 4355 843 4424 dormiret,
854 4357 928 4428 quia
942 4356 1086 4414 nimirum
1106 4323 1127 4378 Β
1143 4359 1585 4433 Quiconscriptoelegistabulos
1595 4376 1657 4418 non
1670 4360 1921 4436 babentes,quasi
1933 4361 1976 4418 ab

254 4443 385 4500 cumeis
408 4444 584 4516 quiesceret,
605 4443 629 4499 si
646 4443 979 4516 persuasorislinguam
1001 4445 1086 4520 sequi
1140 4453 1225 4505 utere
1238 4449 1347 4506 mortui
1362 4453 1441 4518 sunt,
1458 4449 1531 4522 quia
1556 4453 1714 4508 duetorem
1736 4467 1826 4508 suum
1844 4450 1976 4508 naturali

253 4531 407 4590 noluisset
424 4530 532 4588 Aliter:
557 4533 650 4616 lieges
669 4535 739 4586 sunt
758 4533 853 4588 suncti
873 4532 1085 4606 predicatores
1138 4535 1204 4608 lege
1219 4537 1389 4594 timuerunt.
1402 4539 1532 4612 Tempus
1559 4537 1660 4612 itaque
1683 4537 1768 4606 iilud,
1783 4537 1867 4612 quod
1887 4539 1976 4610 iuxta

254 4621 401 4690 Ecclesiae,
413 4619 466 4695 qui
479 4624 507 4677 et
519 4619 698 4677 commissos
710 4619 765 4676 sibi
781 4625 859 4677 recte
870 4619 1041 4695 disponere,
1056 4627 1085 4680 et
1139 4625 1245 4682 mundi
1254 4625 1370 4684 initium
1383 4631 1518 4684 mortuos
1528 4627 1598 4684 buic
1615 4624 1724 4684 saeculo
1739 4627 1841 4682 Patres
1854 4629 1976 4684 nostros

252 4729 307 4770 sua
321 4711 398 4768 bene
411 4725 513 4780 regere
526 4725 654 4784 corpora
668 4708 777 4767 sciunt.
790 4710 845 4776 Qui
868 4710 943 4768 dum
969 4710 1085 4770 deside
1139 4715 1271 4788 protulit,
1293 4715 1381 4788 quasi
1400 4715 1554 4772 abortivus
1577 4720 1679 4772 uterus
1696 4711 1758 4768 init.
1776 4711 1818 4776 lbi
1838 4727 1974 4790 namque

250 4803 364 4858 riorum
392 4801 424 4858 iu
448 4816 478 4857 se
502 4805 604 4856 motus
624 4804 801 4873 temperant,
825 4816 916 4874 super
942 4801 1082 4874 subiectis
1137 4803 1221 4876 Abel,
1246 4803 1346 4860 linocb
1359 4809 1388 4859 et
1409 4807 1480 4876 Noe,
1495 4802 1537 4860 ibi
1556 4791 1814 4862 Abrabamlsa'ac
1829 4805 1858 4857 et
1879 4803 1974 4862 Jacob

250 4888 482 4958 cogitationibus
510 4887 575 4959 lege
599 4886 713 4944 virtutis
746 4893 884 4960 regnant.
913 4889 968 4956 Qui
1005 4890 1082 4949 bene
1136 4891 1435 4963 lueruntouiaergo
1452 4908 1471 4950 a
1486 4887 1857 4963 mundiprimordioedita
1876 4892 1975 4950 multi-

250 4977 340 5033 etiam
369 4976 509 5034 consules
539 4982 623 5033 terrie
652 4979 807 5047 vocantur,
831 4978 903 5051 quia
929 4980 1081 5038 exstinctis
1137 4981 1630 5052 tudebonorumexmagnaparte
1651 4979 1761 5034 nostroe
1776 4977 1972 5037 notitieesub·

248 5065 456 5141 peccatoribus
490 5065 559 5122 vilre
593 5064 769 5131 consultum
791 5065 933 5139 praebent.
963 5069 1019 5134 Qui
1053 5073 1082 5126 et
1136 5065 1972 5142 tranitunabeutvumhocebsconditumvocaturltaque

246 5161 380 5214 temerius
396 5160 512 5212 mentes
528 5171 582 5229 per
603 5155 818 5212 exhortationis
835 5172 897 5212 suae
921 5157 1079 5215 consilium
1136 5155 1217 5212 enim
1236 5160 1278 5212 tot
1291 5155 1485 5212 solummodo
1498 5145 1971 5230 justosusquesdacceptamle-

246 5247 286 5305 ad
299 5245 429 5304 eoelestia
442 5243 628 5318 pertrabunt.
643 5245 754 5301 Coirsul
768 5245 850 5302 enim
860 5251 922 5303 erat
935 5247 987 5320 qui
1001 5247 1080 5305 dice·
1136 5245 1360 5316 gcmcxstitisse
1375 5243 1818 5319 credendumestquotlioyses
1833 5245 1972 5302 brevissi·

244 5335 315 5393 bat:
345 5359 358 5386 o
374 5337 412 5392 lle
425 5333 592 5404 virginibus
621 5337 722 5391 autem
745 5339 934 5409 praeceptum
961 5335 1079 5392 Domini
1134 5333 1911 5410 madescriptioneperstrinxit,quodnonsubstitisse
1926 5334 1972 5406 di-

147 5463 150 5470 ,
244 5439 308 5480 non
322 5423 432 5493 liabeo,
446 5421 606 5480 consilium
621 5427 723 5480 autem
735 5422 776 5479 do
788 5425 818 5494 (I
832 5425 900 5481 Gor.
918 5441 966 5495 vu,
983 5428 1040 5492 25).
1064 5449 1078 5476 »
1133 5423 1971 5498 citur,quiaenumeratispauciseorumfrequentianulio

246 5513 402 5584 Sequitur:
427 5511 484 5579 Qui
497 5511 646 5580 edificant
669 5511 726 5568 sibi
744 5513 929 5568 solitudines.
947 5543 981 5552 -
1007 5515 1076 5568 tim·
1134 5513 1217 5587 apud
1232 5529 1288 5569 nos
1312 5513 1464 5569 memoriae
1492 5513 1602 5588 scripto
1616 5513 1787 5572 retineatur.
1806 5511 1968 5586 Sequitur:

243 5617 297 5660 nes
305 5599 385 5658 enim
393 5599 445 5674 qui
453 5599 500 5658 vel
510 5598 609 5658 illicita
621 5602 776 5674 appetunt,
786 5599 832 5658 vel
846 5599 876 5658 in
889 5600 946 5657 hoc
961 5599 1076 5658 mundo
1141 5605 1192 5660 Vel
1206 5605 1258 5676 qui
1262 5605 1399 5675 concepti
1408 5620 1467 5662 nou
1482 5605 1620 5663 ciderunt
1630 5606 1736 5662 lucem.
1748 5633 1780 5643 —
1793 5602 1971 5678 ilinamque
