4120 6154
111 163 154 218 aaa
459 123 461 128 ’
495 156 645 212 serrone
664 153 847 212 sonantur
867 153 896 208 s.
917 153 1019 210 canc.
1040 157 1075 212 rs
1092 159 1165 217 soa.
1186 186 1221 200 -
1241 159 1304 216 cra.
1325 162 1427 219 nxvrn
1712 189 1715 194 ,
1760 163 1814 222 aas

111 282 207 338 tumen
221 278 315 348 ipsius
328 293 419 348 super
430 283 570 336 immanes
583 280 851 336 terrm-Possunt
864 275 932 332 celi
949 278 973 331 A
988 311 1022 320 -
1033 281 1065 337 ln
1083 297 1155 338 soca
1172 285 1249 338 Deus
1265 283 1440 342 mirabiliter
1457 289 1549 356 tonat,
1575 287 1648 361 qula
1670 288 1699 346 vi
1721 289 1815 348 corda

111 369 230 426 nomine
244 367 338 422 sancti
351 367 558 440 praedicatores
573 365 734 437 designari.
750 365 824 420 Hinc
852 365 934 422 enim
988 375 1090 427 nostra
1116 371 1457 444 incomprehensibiliter
1483 380 1628 447 penebat,
1644 391 1713 451 quae
1740 377 1815 436 dnm

115 456 251 529 scriplum
265 461 330 511 est:
347 477 361 506 κ
374 455 444 512 Coeli
458 459 599 512 sumant
626 455 752 525 glorium
765 454 814 512 bei
837 455 932 526 (Psoi.
987 457 1148 516 latentibus
1158 459 1290 517 motibus
1305 461 1452 533 premitiu
1463 463 1569 522 bmore
1580 471 1696 539 quanto
1709 467 1815 525 ardore

114 562 186 616 tvm,
197 547 255 610 tl.»
267 545 341 600 Sunt
355 559 487 616 namque
500 544 649 615 nonnulli,
665 543 738 618 quia
764 559 834 600 cum
858 543 935 599 mira
988 549 1161 622 aequandus
1174 549 1219 618 sit,
1235 549 1337 622 aliquo
1353 549 1445 606 modo
1454 551 1573 609 silenter
1586 553 1707 612 clamat
1715 555 1816 630 Sequi-

114 632 313 708 apostolorum
322 647 416 706 opera
430 633 646 707 audiunt,quis
655 634 711 690 bas
720 633 843 690 virtutes
853 647 934 688 nunc
988 642 1055 694 tur:
1073 639 1131 707 Qut
1142 641 1219 710 sarit
1232 653 1345 710 magna
1358 645 1387 696 ct
1401 640 1623 701 aromatitis.
1639 675 1675 686 -
1690 646 1725 704 ur
1734 645 1816 702 anim

111 725 141 782 in
155 721 356 780 materanos
371 721 482 794 vident,
489 723 674 780 subtractam
689 723 729 780 ab
745 721 875 780 Ecclesia
885 737 935 777 su·
989 727 1081 784 hemo
1094 728 1218 784 terrenis
1242 728 1349 784 usibm
1374 726 1503 796 deditus,
1527 729 1638 804 iniquis
1658 731 1816 790 desideriis

113 827 230 884 paruam
247 811 376 880 gratiam
391 811 593 884 suspicantur,
609 812 776 869 nescientes
794 811 878 884 quod
894 811 934 866 si·
988 831 1120 889 pressus,
1131 815 1230 873 subito
1244 816 1370 874 adunca
1380 815 1818 892 ailmaatatqueadooosuata

111 903 157 958 cut
170 898 240 956 dicit
252 899 413 972 Apostolus
428 917 435 956 ι
452 921 466 950 ιι
484 900 604 970 linguan
617 900 648 956 in
659 900 859 970 signumsunl
873 915 935 954 non
988 903 1137 976 irigascat,
1160 904 1356 961 exterioribus
1379 905 1458 961 curis
1483 907 1668 974 renuntians,
1693 907 1817 964 hicanis

111 989 257 1056 fidelibus,
268 988 323 1044 sed
349 989 522 1046 infidelibus
549 990 578 1061 (1
592 991 660 1046 Gor.
691 1005 748 1058 nv,
765 991 849 1060 ²²)·¹’
877 988 934 1046 Sed
989 993 1294 1068 contemplationibus
1307 994 1436 1051 anhelat.
1450 996 1521 1061 Quis
1533 996 1612 1052 banc
1621 997 1759 1053 virtutem
1769 1011 1817 1058 au·

109 1076 318 1135 elerstiscoeiis
338 1077 482 1134 Dominus
495 1077 636 1136 inferiora
655 1077 835 1144 considerat,
863 1077 935 1150 quia
988 1098 1090 1156 pnrnoe
1103 1085 1188 1140 vonis
1203 1083 1394 1140 considerare
1423 1082 1561 1155 sufficiat,
1588 1086 1658 1159 quis
1681 1083 1817 1142 consilto·

108 1173 136 1224 et
144 1167 252 1226 wlstis
263 1168 392 1224 summis
401 1167 648 1240 praedicatoribus
656 1169 838 1226 incessanter
845 1167 934 1223 efiam
988 1173 1086 1228 raudo
1096 1171 1355 1245 comprehendat?
1364 1174 1469 1242 llague
1484 1177 1553 1230 sunt
1566 1187 1634 1246 quas
1645 1187 1700 1246 per
1712 1189 1817 1231 rocam

107 1256 208 1314 iniiam
221 1261 336 1313 nostrae
348 1256 528 1314 infirmitatis
548 1263 641 1314 curat.
671 1261 705 1314 Et
724 1258 814 1332 quasi
831 1256 936 1313 subter
976 1275 1077 1316 -ssam
1091 1259 1235 1316 Dominus
1251 1259 1330 1330 iacit,
1343 1259 1397 1316 aed
1411 1260 1511 1316 miuus
1526 1277 1639 1332 magna
1657 1267 1767 1331 esunt,
1792 1262 1817 1319 ai

107 1347 308 1403 snbstnmeu
323 1346 512 1404 illibatam
536 1348 678 1403 terminos
704 1345 835 1419 respicit,
862 1345 934 1417 quia
989 1348 1169 1420 perscrutari
1190 1349 1366 1421 potuissent
1396 1349 1557 1422 sequitur:

106 1439 173 1508 post
183 1433 338 1490 sublimen
352 1433 445 1490 vitam
464 1434 698 1507 precedentium
721 1433 813 1490 otiam
826 1447 933 1507 pacca-
1025 1436 1201 1502 varanem·
1211 1437 1349 1506 precepit
1363 1437 1427 1492 auci
1439 1437 1643 1497 mdaecaadnt
1654 1438 1816 1495 intertum.
1890 1451 1894 1460 ·

106 1529 203 1579 torum
226 1538 327 1579 mores
350 1528 494 1596 actusque
523 1522 624 1592 gratie
651 1537 714 1578 suae
737 1521 932 1578 illustratione
989 1552 1024 1564 -
1038 1525 1114 1590 Quia
1123 1523 1282 1580 Psalmista
1296 1523 1360 1580 ait:
1376 1523 1529 1580 «Lauabis
1545 1539 1593 1581 ma
1606 1530 1637 1582 et
1664 1541 1754 1599 anper
1772 1525 1818 1582 ni·

106 1612 342 1686 comprehendit.
359 1611 416 1678 Qui
428 1613 485 1668 etsi
507 1611 652 1670 virtutum
677 1613 764 1682 signa
779 1627 859 1668 utana
878 1627 932 1684 per
954 1627 1057 1687 grem
1067 1611 1235 1668 danbmor
1248 1612 1343 1682 (Pani.
1357 1627 1383 1680 a,
1395 1612 1450 1682 illm
1462 1611 1539 1678 Quid
1549 1612 1608 1668 buc
1621 1611 1689 1672 boo
1702 1629 1757 1686 por
1772 1613 1818 1670 ni·

105 1700 198 1756 vitam
210 1699 345 1756 fidebam
361 1699 465 1756 crebro
478 1715 541 1756 non
555 1699 659 1770 exerit,
684 1700 723 1756 ab
751 1699 865 1755 eisdem
892 1703 934 1754 ta-
989 1716 1069 1768 vam,
1085 1700 1142 1756 nisi
1153 1715 1207 1774 per
1229 1700 1328 1756 lucem
1346 1700 1467 1772 justum
1494 1697 1627 1760 ammos
1653 1701 1819 1774 mcipimus

105 1805 175 1846 men
188 1787 544 1862 fidelibuspcrvirtutem
561 1803 691 1862 operum
716 1803 875 1861 nunquam
890 1803 933 1843 re·
989 1789 1083 1845 corda
1098 1794 1271 1846 sanctorum
1286 1789 1300 1844 t
1314 1791 1408 1862 Aque
1422 1793 1524 1846 autem
1538 1788 1820 1863 duominaupasio-

104 1879 193 1934 cedit.
208 1881 305 1934 Potest
319 1877 410 1936 etiem
422 1877 545 1947 intelligi
556 1879 660 1934 tumen
672 1878 757 1933 illius
771 1891 862 1946 suaper
878 1881 936 1933 ter·
989 1878 1074 1934 ribus
1084 1879 1302 1952 constipantur,
1314 1884 1347 1935 ut
1356 1879 1441 1934 nives
1459 1878 1554 1948 fianta
1582 1879 1636 1936 sad
1659 1893 1729 1936 oum
1744 1877 1818 1954 ipae

102 1969 201 2023 minos
217 1972 316 2028 terrac,
325 1964 412 2038 quod
418 1964 591 2036 praedicatio
604 1979 742 2036 supernae
753 1963 854 2034 gratiae
861 1964 937 2023 dum
990 1966 1075 2022 nives
1088 1967 1127 2022 ad
1142 1971 1252 2024 terram
1262 1968 1395 2038 veniunt,
1410 1967 1441 2023 in
1453 1983 1602 2040 aquarum
1611 1967 1820 2042 iterumliqua-

101 2061 211 2127 gentes
224 2055 262 2110 ad
276 2054 370 2112 fidem
384 2052 506 2122 colligit,
522 2052 805 2125 intrasernetipsarn
830 2051 938 2108 mundi
990 2071 1054 2111 ram
1070 2059 1235 2111 vertuntur.
1263 2060 1356 2128 Aquas
1376 2055 1467 2124 igitur
1495 2061 1564 2112 suut
1587 2055 1820 2129 prudioatonrm

103 2143 343 2200 limitesciausit.
357 2141 408 2198 Vei
421 2146 498 2198 certe
517 2141 636 2198 termini
662 2145 747 2197 torrae
769 2147 839 2198 sunt
863 2141 939 2198 fines
992 2147 1119 2214 mentes,
1141 2159 1223 2216 quaa,
1244 2143 1318 2200 dum
1340 2141 1380 2199 ud
1397 2143 1820 2218 mutamplsndasupanass

101 2232 267 2288 bominum
282 2233 486 2304 pennatorum,
501 2235 530 2285 et
543 2243 624 2302 sepe
639 2229 792 2300 contingit,
809 2229 939 2302 utplcri-
991 2233 1120 2303 erigunt,
1137 2232 1233 2289 ultimi
1248 2231 1399 2288 intellectu
1426 2232 1602 2304 subdantur,
1629 2249 1761 2308 numqua
1787 2235 1820 2290 in

102 2337 163 2395 que
180 2324 276 2376 Deum
288 2320 441 2387 deserant,
456 2325 486 2376 at
497 2319 565 2376 vitre
580 2335 641 2374 suoe
651 2329 789 2391 tempora
816 2319 849 2374 in
864 2318 940 2374 desi·
991 2337 1116 2378 samma
1126 2320 1365 2378 consideratione
1379 2321 1546 2394 rapiuntur,
1564 2321 1701 2378 virtutem
1715 2321 1823 2380 manr-

101 2409 195 2465 deriis
209 2406 385 2464 annalibus
400 2405 581 2480 emendam.
598 2406 657 2464 Sed
670 2409 773 2462 tamea
791 2421 862 2463 cum
887 2423 937 2463 su-
990 2410 1133 2468 mationis
1146 2410 1307 2484 accipiunt.
1322 2409 1381 2466 sad
1390 2411 1466 2483 quia
1480 2409 1580 2466 adbuc
1600 2410 1632 2467 in
1652 2411 1737 2468 terris
1760 2411 1822 2469 ira·

101 2515 200 2572 perna
214 2497 311 2569 gratia
325 2496 456 2570 respicit,
467 2497 497 2552 in
522 2497 663 2560 extremis
689 2496 753 2552 suis
782 2495 821 2553 ad
840 2497 938 2554 beram
991 2503 1077 2557 teron
1089 2499 1248 2556 dilectione
1260 2499 1435 2570 remeatur,
1450 2499 1628 2572 mmatipaas
1646 2499 1687 2557 ab
1698 2500 1761 2558 atta
1774 2500 1821 2557 in-

101 2586 242 2654 redeunt,
254 2585 394 2659 quaesiui
404 2585 519 2657 judicia
533 2587 644 2642 aeterna
655 2589 854 2656 cognoscunt,
866 2599 939 2644 arn-
992 2589 1109 2647 telleetu
1123 2587 1310 2660 modificant,
1335 2593 1364 2644 et
1387 2587 1514 2644 infirmis
1536 2589 1687 2654 buuaiiitaa
1710 2590 1822 2665 prodr·

102 2681 149 2732 cta
159 2689 278 2748 quaese
298 2690 438 2748 perverse
463 2674 560 2744 egisse
587 2674 791 2730 meminerunt
818 2673 938 2730 fletibus
991 2683 1105 2744 santes,
1129 2691 1213 2734 mora
1237 2678 1353 2734 nivium
1375 2677 1638 2736 undamentum
1661 2678 1823 2752 liquefacta

102 2765 360 2839 prensabatque
381 2764 446 2820 baec
461 2779 530 2820 vere
545 2780 576 2819 se
591 2763 709 2836 insequi
733 2764 820 2819 rectis
843 2763 939 2836 operi-
991 2766 1114 2836 triguut.
1131 2767 1214 2822 Nives
1234 2781 1305 2844 ergo
1330 2767 1372 2824 ad
1392 2773 1503 2823 terram
1523 2767 1562 2822 de
1582 2766 1752 2824 cmlastibua
1770 2781 1822 2823 va·

102 2855 160 2910 bus
171 2853 355 2923 ostendunt,
367 2853 477 2927 quibus
488 2853 693 2925 subsequente
703 2851 940 2925 justitiaproiac-
992 2855 1090 2920 mast,
1104 2869 1175 2910 cum
1186 2853 1331 2914 sublimia
1349 2853 1443 2910 eorda
1462 2857 1648 2922 sanctor-an,
1668 2869 1736 2926 qua
1757 2855 1823 2926 iam

103 2947 132 3000 to
148 2949 250 3001 totum
266 2943 433 3011 dimittitur,
448 2942 532 3012 qnod
548 2947 617 2998 ante
640 2941 842 3016 deliquerunt.
868 2941 976 3032 ilincc
994 2943 1092 3000 subdu
1099 2941 1353 3014 contemplatione
1359 2945 1536 3014 pumuntur,
1545 2957 1601 3014 pro
1613 2941 1823 3005 fraternaolna-

100 3035 194 3090 etisrn
205 3049 267 3107 per
278 3031 443 3106 prophetiae
454 3031 592 3105 spiritum
601 3036 689 3088 Anna
703 3031 774 3088 dicit
788 3051 794 3086 ι
811 3049 826 3084 s
842 3031 940 3086 tlomi-
995 3033 1080 3088 ritate
1096 3031 1135 3088 ad
1145 3030 1271 3086 humilia
1285 3029 1507 3103 predicationis
1520 3029 1611 3086 rerba
1623 3028 1821 3086 demnduat.

100 3137 160 3178 nus
173 3120 331 3194 judicabit
340 3121 417 3176 tinea
430 3125 516 3176 terroe
530 3119 560 3190 (Ι
570 3122 641 3190 Rep.
653 3135 683 3187 ιι,
700 3121 778 3192 tol.»
995 3121 1078 3178 Sicau
1089 3119 1170 3176 enim
1180 3119 1242 3187 nix,
1257 3135 1328 3176 cum
1340 3119 1429 3190 jacet,
1443 3119 1549 3191 operit,
1564 3131 1635 3174 eum
1647 3115 1825 3190 suntqua-

137 3216 228 3270 Vnas.
243 3213 274 3267 4.
289 3213 363 3268 Post
374 3226 441 3268 eum
451 3212 551 3282 ruant
561 3211 686 3266 condus.
698 3241 732 3252 —
745 3212 842 3276 Quem
857 3209 938 3266 enim
994 3215 1055 3276 tan,
1069 3209 1157 3280 rigat,
1171 3208 1212 3266 ita
1223 3212 1395 3264 sanctorum
1410 3207 1503 3263 virtm
1517 3211 1545 3262 et
1558 3205 1825 3280 puinfirnritatam

102 3302 257 3358 [lominus
269 3299 448 3356 illustrando
460 3299 626 3372 repleverit,
638 3299 706 3370 eju-s
724 3299 816 3356 vitam
834 3298 940 3371 procul
997 3315 1086 3356 suam
1096 3298 1179 3372 apud
1193 3301 1289 3354 ileum
1298 3296 1390 3354 citam
1399 3295 1564 3370 macuton'a
1578 3295 1715 3368 prouglt,
1728 3299 1758 3352 at
1771 3309 1826 3369 par

100 3392 199 3448 dubio
213 3391 248 3448 in
257 3389 425 3448 lamentum
442 3387 539 3455 vertit,
551 3391 641 3461 atque
654 3386 939 3456 illuminatcementi,
994 3387 1285 3446 condescensionem
1297 3401 1386 3442 mam
1397 3385 1487 3459 quasi
1508 3383 1670 3459 bqattaeta
1689 3389 1823 3442 mantem

100 3497 165 3554 quo
181 3479 286 3551 magis
300 3483 412 3536 eterna
424 3477 572 3552 supplicia
582 3477 864 3544 insinuat,eolranc
886 3476 942 3533 du·
994 3481 1119 3550 terram,
1133 3476 1294 3534 albustus
1319 3475 1404 3544 ierat,
1432 3475 1570 3534 tutundit.
1596 3474 1755 3548 §equitum
1783 3473 1824 3529 Bt

99 3573 164 3628 rius
176 3571 221 3628 dc
234 3573 387 3626 nannete
399 3567 532 3640 nequitie
548 3566 707 3637 gemitibus
713 3566 829 3637 latigat.
842 3566 943 3640 sequi-
994 3569 1089 3626 biom
1101 3566 1366 3638 plecte-aliems
1380 3569 1427 3622 est
1437 3566 1553 3639 quippe
1563 3564 1624 3622 rita
1637 3579 1782 3638 prusam,
1792 3560 1825 3618 in

101 3665 170 3718 tur:
192 3659 324 3718 Tenebat
341 3673 410 3716 oeae
423 3657 644 3729 mestitudinis
657 3671 765 3713 cataa-
776 3659 851 3712 Voce
860 3657 942 3713 enim
993 3673 1124 3732 quaaos
1136 3657 1191 3714 etsi
1200 3658 1265 3729 jam
1280 3671 1351 3730 spes
1365 3653 1406 3712 ad
1418 3669 1550 3728 superna
1561 3654 1659 3726 erigit,
1669 3653 1769 3710 mirac
1783 3657 1826 3710 ta·

101 3747 330 3822 magnitudinis
345 3749 422 3802 Deus
437 3749 530 3816 tonet,
546 3761 617 3802 aum
632 3761 663 3800 se
675 3743 764 3801 nobis
787 3743 865 3801 bene
879 3745 944 3816 jam
994 3745 1266 3804 manmortaiitatis
1276 3748 1386 3800 nosen
1401 3743 1529 3813 irigidlrs
1549 3747 1653 3816 torpor
1677 3741 1826 3812 astringit,

99 3855 157 3911 per
170 3839 312 3896 lamenta
325 3834 513 3908 praeparatis,
524 3849 619 3906 φιιιιιι
630 3833 670 3889 sit
681 3847 814 3904 magum
837 3833 870 3890 in
897 3851 944 3890 sa·
995 3835 1070 3908 qaia
1082 3835 1230 3907 scriptum
1240 3837 1288 3890 est
1302 3849 1335 3888 :a
1343 3835 1460 3903 corpus
1473 3831 1765 3904 quodeerrampitur
1774 3843 1828 3900 ag·

99 3927 211 4002 pernis
224 3924 370 3981 insinuat.
387 3922 479 3988 Quasi
490 3922 572 3978 enim
582 3921 622 3977 de
634 3921 710 3978 coeio
720 3921 870 3978 tonitruus
877 3938 945 3994 pro·
998 3919 1561 3995 gravatauimam,etdepr'naritterrena
1570 3917 1750 3976 inhabitabo
1757 3931 1826 3973 asn-

98 4019 197 4084 eedit,
211 4029 291 4070 cum
311 4027 368 4068 nos
386 4011 505 4067 molaria
527 4009 771 4083 negligentiaque
793 4015 945 4083 torpentes
999 4027 1070 4067 aum
1085 4010 1180 4067 muta
1196 4005 1829 4080 ougiuutsmlsap.1r,ltl.attunatsutam
1862 4012 1871 4030 ⁸

96 4105 269 4179 respectus
281 4103 382 4172 gratie
394 4113 505 4174 pavore
521 4098 622 4154 subito
643 4099 779 4171 percuti,
799 4104 889 4172 atquc
914 4099 945 4155 in
997 4100 1065 4156 lame
1072 4095 1455 4170 bismspluviasnuctorum
1466 4091 1828 4168 proculdubiopraadiaa-

97 4202 187 4254 terra
198 4190 293 4268 positi
307 4207 417 4248 sonum
430 4189 470 4246 de
487 4187 693 4262 superioribus
703 4187 855 4245 andimus.
871 4188 946 4255 Quia
998 4189 1106 4246 donea
1123 4190 1163 4244 iic
1175 4184 1289 4260 quibus
1299 4183 1433 4240 videlice
1445 4183 1746 4257 plurilaparsssyses
1755 4180 1829 4238 dici-

98 4291 233 4344 tur-rona
250 4279 416 4352 cogitantes
429 4277 684 4352 superniterroris
697 4293 808 4334 sonum
823 4281 944 4351 repente
996 4283 1049 4335 tur
1064 4297 1071 4334 ι
1086 4299 1101 4328 a
1118 4274 1380 4350 Rspeetetursicst
1392 4273 1493 4348 plana
1503 4272 1661 4346 clepsina
1672 4285 1787 4341 marm,
1796 4275 1829 4330 et
1953 4349 1955 4352 Ι

98 4369 365 4448 pertimescimus.
386 4361 524 4441 'sequitm
539 4384 546 4423 :
561 4365 603 4423 Et
615 4381 677 4423 uon
692 4365 863 4423 vcctctitur
874 4381 944 4424 cum
962 4329 1450 4422 ”mamistanensem
1471 4361 1650 4432 mailletii.
1663 4375 1756 4425 uxta,
1770 4359 1828 4433 nl.»

101 4464 217 4523 audita
231 4460 330 4532 suerit
344 4473 402 4515 voc
429 4461 504 4528 ejus
519 4467 554 4498 ‘—
581 4456 646 4512 Vox
671 4455 790 4512 Domini
812 4455 944 4524 auditur,
998 4455 1049 4510 Eae
1060 4451 1322 4526 mmm-phale
1330 4450 1830 4522 hienimugrmmtmtecesaa-

100 4569 177 4610 eum
192 4548 302 4623 mne
316 4547 384 4619 njus
398 4545 541 4619 aspiratio
554 4547 655 4602 mente
670 4543 861 4617 conspicitru,
876 4561 947 4601 cum
998 4543 1087 4610 bunt,
1097 4541 1175 4614 qaia
1186 4555 1270 4596 nune
1283 4555 1355 4603 cum
1368 4537 1537 4596 carnaliam
1548 4537 1642 4594 cerdis
1651 4537 1713 4594 rita
1725 4536 1830 4594 ordea·

101 4635 330 4698 insensibilitas
342 4633 468 4692 occidte
478 4633 627 4690 sorditatis
653 4631 813 4706 rumpitur,
839 4636 873 4688 et
893 4647 948 4692 cor
995 4631 1037 4689 ris
1052 4629 1259 4700 absconditur,
1282 4643 1407 4685 nemsse
1422 4631 1470 4684 est
1490 4630 1522 4683 ut
1544 4629 1718 4684 sanctonm
1738 4625 1830 4682 udaie

101 4729 145 4786 sd
161 4724 306 4785 studium
322 4722 434 4780 summi
449 4721 561 4780 amoris
574 4720 745 4789 excitatam,
758 4721 875 4778 virtutis
901 4721 947 4778 iu-
1000 4719 1267 4796 prsedicatioaibus
1280 4717 1432 4774 irroretur.
1451 4717 1532 4772 cum
1549 4731 1624 4772 uero
1635 4715 1738 4771 amni
1750 4713 1830 4787 iudi·

101 4818 189 4874 times
203 4815 344 4873 elamore
356 4815 539 4886 penetratur.
555 4810 613 4869 Sed
622 4811 712 4867 istam
725 4825 833 4870 vocem
843 4825 947 4885 snper·
996 4809 1039 4867 ai
1048 4813 1137 4866 natus
1151 4805 1369 4872 incandaverit,
1377 4803 1480 4860 ullius
1494 4803 1588 4862 rerba
1600 4803 1829 4877 praeciiearfiun

101 4904 266 4964 uenientis
278 4901 411 4976 spiritns,
420 4900 479 4975 qui
493 4916 525 4958 se
545 4899 577 4956 iu
594 4899 781 4957 aureeordis
804 4899 946 4969 bainnat,
996 4895 1399 4960 nwesmriatuncbabebit,
1408 4893 1485 4968 qm'a
1497 4893 1633 4951 semente
1652 4893 1765 4966 iadiaq
1788 4893 1830 4952 ad

101 5011 161 5052 noc
177 4994 256 5068 ipsa
267 5006 357 5048 mens
371 5006 440 5064 que
450 5005 505 5064 per
518 4989 596 5046 banc
606 4988 754 5046 illusmta
769 4987 876 5059 morat,
905 4988 948 5046 in-
998 5003 1055 5045 cor
1067 5003 1156 5047 suum
1166 4986 1302 5060 quisque
1311 4982 1477 5052 reducitur,
1500 4987 1535 5040 ut
1552 4987 1660 5041 sanem
1679 4985 1746 5057 iam
1757 4997 1830 5044 eum

102 5085 256 5154 vestigat.
273 5079 490 5138 Pensareenim
500 5095 564 5136 non
577 5077 655 5135 vulsa
667 5077 825 5134 maisibiiis
841 5078 946 5146 antus,
999 5092 1091 5148 agere
1104 5091 1167 5132 non
1182 5074 1269 5144 valet,
1284 5073 1402 5130 modat.
1414 5073 1557 5146 sequitu
1570 5089 1577 5127 :
1592 5073 1633 5129 Et
1655 5074 1746 5134 tuabi
1766 5073 1830 5142 for·

103 5173 226 5247 quibus
241 5168 302 5226 sibi
314 5169 466 5226 metilius
479 5169 596 5238 influm,
608 5167 722 5241 quibus
749 5183 767 5224 a
792 5183 823 5223 se
846 5165 947 5223 modis
1003 5165 1140 5223 mediata
1152 5179 1223 5221 aun.
1234 5195 1268 5204 —
1283 5163 1382 5222 nabar
1390 5162 1508 5236 quippe
1527 5161 1707 5219 tortitudinis
1720 5158 1771 5213 Dei
1783 5158 1832 5212 sat

101 5262 225 5327 caniat,
240 5257 354 5332 quibus
366 5257 494 5315 recedat
518 5257 601 5314 Unde
623 5255 702 5313 bene
727 5271 780 5328 per
802 5257 949 5311 loctunam
1002 5253 1174 5328 praedicatio
1183 5252 1359 5320 divinitatis,
1372 5267 1448 5315 aaut
1461 5250 1559 5308 imber
1569 5244 1751 5306 immissas
1765 5243 1831 5316 ajars

104 5351 225 5408 dicitur
240 5365 248 5404 :
262 5369 277 5400 a
294 5347 419 5420 spiritus
431 5345 485 5402 ubi
499 5345 563 5402 vault
578 5345 670 5418 spirat
686 5363 693 5414 ;
710 5348 739 5401 et
754 5359 860 5400 vocem
882 5344 950 5416 ejus
1001 5341 1177 5419 predicatio
1198 5341 1425 5400 incusationis.
1447 5343 1487 5396 be
1501 5353 1564 5412 qna
1581 5349 1635 5408 per
1646 5333 1773 5396 Paulum
1784 5333 1830 5391 di·

104 5441 214 5508 audis,
228 5437 286 5494 sed
308 5452 369 5493 non
388 5435 448 5491 scis
476 5433 557 5490 unde
582 5434 693 5506 veniat,
723 5438 752 5490 et
770 5449 832 5506 quo
857 5431 951 5489 cadat
1002 5433 1097 5492 citur:
1114 5454 1129 5481 ιι
1138 5430 1226 5496 Quod
1239 5430 1394 5487 infirmnm
1409 5431 1453 5484 est
1466 5426 1527 5492 liei,
1546 5421 1652 5478 iortius
1666 5425 1712 5480 en
1731 5422 1830 5480 bomi-

106 5533 213 5596 (Jean.
230 5543 274 5594 ru,
291 5529 327 5584 iil.
342 5549 355 5576 ιι
373 5523 512 5598 Sequitur
529 5541 535 5578 z
998 5522 1094 5580 uibus
1108 5522 1142 5593 ll
1152 5522 1223 5578 Gor.
1240 5537 1260 5590 l,
1288 5521 1344 5592 25).
1362 5540 1376 5566 u
1398 5519 1562 5572 Etruraum
1576 5527 1586 5566 t
1600 5533 1615 5562 «ι
1630 5511 1831 5570 &cincinnus
1895 5565 1899 5572 .

145 5623 243 5678 Vns.
258 5621 284 5674 5.
299 5617 424 5675 Toaotit
443 5615 651 5672 baneam
677 5628 733 5671 aaa
757 5612 949 5684 uratum.
998 5599 1748 5676 sacunfimitsaa,satstvttexvirauabai<lr
1758 5601 1829 5658 der.
