4106 6148
220 222 275 276 02³
918 211 1066 268 iareim
1084 209 1185 266 ΡΑΡΕ
1201 211 1226 266 11
1875 207 1927 263 ini

220 339 375 408 scriniarii,
390 340 419 394 et
432 353 450 394 a
465 337 598 394 secundo
622 336 714 394 latere
736 337 925 394 medietatem
948 333 1044 407 ipsius
1061 333 1273 391 [monasterii
1287 333 1415 408 pertinet
1432 332 1463 388 lu
1476 330 1621 390 territorio
1636 330 1784 404 Nepesino
1797 335 1827 386 et
1842 332 1930 387 cesa-

220 426 365 492 fluminis,
380 429 408 482 et
421 441 439 482 a
453 425 538 482 tertio
553 425 644 482 latere
665 425 853 498 aquimolum
879 423 1045 496 'l'eopbllati
1099 423 1181 480 mala
1192 421 1276 496 quod
1297 426 1344 478 est
1363 421 1491 478 fundum
1506 433 1599 493 quem
1622 421 1778 477 casanova
1792 423 1823 475 et
1837 421 1929 474 Bova·

220 515 343 590 quidem
359 516 432 586 (aar)
447 515 685 584 nomenculator,
707 520 735 572 et
753 514 941 588 aquimolum
957 528 1045 569 vene·
1099 515 1161 571 rico
1184 517 1274 585 atque
1304 511 1454 583 boltejano
1476 525 1538 567 una
1559 525 1629 565 cuin
1656 507 1748 566 serris
1762 511 1794 566 et
1812 507 1930 566 ancillis

220 603 504 662 rubilismonasterii
517 604 614 660 sancti
628 604 732 660 ciriaci
744 603 827 678 quod
839 602 1046 677 appellatur-in
1100 603 1256 675 utriusque
1282 615 1371 657 sexus
1396 599 1509 656 ibidem
1527 597 1730 655 residentibus
1751 597 1793 654 ab
1822 597 1931 654 eodeni

220 695 274 752 ilia
286 696 366 760 Lata,
383 698 412 751 et
425 709 444 750 e
457 698 566 766 quarto
579 692 671 750 latere
694 693 745 750 sia
765 692 886 766 publice
907 692 982 764 juris
998 691 1046 747 oui
1101 692 1180 749 dicto
1187 691 1359 761 jamvestro
1369 688 1552 746 monasterio
1564 686 1932 761 pertinentibus3necnon

220 783 360 840 existens.
370 786 482 855 Nempe
492 782 785 839 etmonasieriumin
794 782 943 852 integrum
955 796 1047 855 quem
1101 787 1130 840 et
1153 781 1370 838 confirmamus
1392 777 1478 834 vobis
1503 793 1539 834 ea
1560 791 1629 850 quer
1644 776 1932 849 perscripturarum

221 872 316 929 sancti
330 871 496 928 Terentiani
519 887 588 927 cum
609 871 751 928 omnibus
765 871 943 943 subscriptis
967 869 1049 927 cellis
1103 871 1193 928 series
1209 867 1344 940 ejusdem
1360 863 1534 923 monasterii
1548 865 1578 921 in
1593 865 1656 936 jam
1679 863 1759 920 dicto
1778 869 1935 920 monaste-

223 959 546 1030 suis,videlicetsancti
560 960 702 1034 Stephani
715 965 927 1033 atquesanctai
939 960 1047 1027 Maria,
1102 962 1146 1018 rio
1161 958 1306 1016 territorio
1329 957 1369 1014 ab
1393 956 1458 1012 Alto
1481 954 1638 1028 quondam
1653 954 1820 1010 achomato
1845 953 1934 1009 vobis

223 1051 285 1106 sive
300 1049 405 1106 cellam
421 1049 514 1106 sancti
540 1049 688 1106 Benedicti
698 1053 727 1106 et
738 1049 833 1105 sancti
849 1047 1000 1120 sylvestri,
1020 1049 1050 1102 ei
1103 1050 1238 1124 pertinet.
1249 1049 1420 1118 iterumque
1432 1043 1686 1102 etconflrmamus
1696 1042 1782 1100 vobis
1794 1043 1933 1100 casalem

223 1139 318 1196 sancti
334 1139 492 1204 Valentini,
507 1139 639 1196 solcum
654 1139 797 1195 omnibus
816 1139 879 1194 suis
903 1137 1047 1203 aediliciis,
1103 1141 1133 1197 iii
1148 1140 1298 1208 integrum
1317 1151 1411 1209 quain
1437 1134 1600 1190 Pacianum
1627 1147 1697 1187 cnm
1722 1131 1870 1188 omnibus
1894 1131 1934 1188 ed

222 1233 251 1286 et
272 1226 446 1299 adjacentiis
469 1227 595 1300 ejusque
618 1227 731 1300 ubique
754 1225 938 1299 pertinentiis
958 1224 1048 1280 situm
1103 1245 1171 1286 eum
1186 1223 1402 1300 pertinentibus
1415 1222 1514 1296 posito
1530 1220 1677 1278 territorio
1692 1221 1811 1278 Sutrino
1826 1219 1934 1276 simul-

223 1316 367 1374 territorio
393 1315 630 1388 Polimaroensis,
643 1316 718 1388 J'uris
732 1315 912 1372 venerabilis
926 1329 1049 1370 monas·
1103 1335 1162 1393 que
1184 1321 1213 1373 et
1224 1330 1330 1372 omnes
1353 1329 1401 1370 res
1423 1311 1640 1368 confirmamus
1654 1309 1823 1384 vobisque
1837 1312 1891 1366 ius
1907 1315 1935 1366 et

222 1403 286 1460 terii
296 1404 391 1460 sancti
406 1404 511 1461 Christi
523 1403 663 1476 martyris
678 1403 834 1470 Laurentii,
851 1403 933 1476 quod
944 1401 1051 1475 appel·
1103 1407 1213 1464 ditione
1226 1401 1389 1476 supradicti
1400 1398 1668 1458 vestrimonesterii
1679 1397 1934 1468 pertinentintoto

221 1493 301 1550 latur
311 1494 390 1550 Foris
400 1495 492 1558 ituro,
503 1493 596 1564 hujus
607 1493 683 1549 adeo
687 1533 740 1550 .....
751 1492 948 1548 servantcivl.
962 1495 1047 1547 Rom.
1103 1495 1248 1555 territorio
1262 1489 1615 1549 eollinens.atin100um
1626 1505 1717 1562 quem
1732 1487 1855 1545 Vallaei
1869 1489 1935 1545 m.

222 1587 390 1655 prestante.
405 1585 548 1639 Praeterea
562 1582 710 1638 confirmo
733 1581 820 1638 vobis
845 1585 1001 1637 Paternum
1017 1581 1047 1636 in
1103 1585 1213 1644 toriseii
1235 1588 1264 1640 et
1282 1583 1313 1638 iu
1328 1585 1431 1637 monte
1443 1593 1535 1652 quein
1549 1578 1588 1635 de
1607 1583 1694 1648 isca,
1708 1578 1769 1634 sive
1783 1577 1813 1633 iii
1826 1583 1934 1634 sancto

222 1672 372 1742 integrum
385 1687 455 1728 cuin
468 1672 622 1728 vocabulis
638 1671 865 1743 suis;ideuique
879 1675 908 1726 et
920 1673 1046 1727 ldassam
1067 1679 1245 1740 geassano,
1275 1675 1303 1727 et
1328 1671 1359 1726 in
1383 1672 1469 1726 Curta
1498 1671 1588 1740 atque
1611 1665 1643 1722 in
1670 1666 1839 1722 baccaricia
1864 1683 1933 1724 cum

222 1759 253 1816 iu
265 1759 415 1829 integrum
430 1775 521 1831 quem
537 1760 654 1830 ltlajaua
669 1775 739 1815 oum
755 1759 901 1814 universis
915 1759 988 1815 locis
1003 1757 1049 1814 vel
1104 1763 1198 1820 vineis
1212 1765 1240 1816 et
1251 1758 1333 1815 terris
1347 1755 1586 1825 sationabilibus,
1603 1755 1696 1828 sylvis
1711 1769 1782 1810 cum
1796 1759 1935 1826 pantano

224 1846 378 1902 vocabulis
405 1847 476 1914 suis,
502 1847 612 1903 seilicet
636 1853 728 1917 curte,
748 1848 907 1919 Tujanum,
927 1847 1049 1918 Polleja·
1104 1868 1160 1908 suo
1183 1853 1307 1920 majore,
1323 1862 1384 1903 una
1407 1861 1476 1902 cuin
1500 1843 1615 1901 colonis
1632 1847 1661 1900 et
1679 1842 1849 1900 colonabus
1859 1841 1934 1898 inibi

222 1951 307 2002 num,
324 1935 495 2006 Antiatium,
509 1937 839 2006 sutanum,0ceanum,
859 1937 1049 2006 betujanum,
1104 1937 1361 1999 commorantibus
1384 1936 1424 1991 ad
1445 1935 1548 2008 ipsum
1568 1933 1777 2006 supradictum
1797 1937 1932 1988 vestrum

222 2023 442 2093 Terentianum,
457 2025 667 2094 centumcelle,
677 2025 738 2082 sive
751 2024 863 2098 quibus
877 2024 943 2080 aliis
958 2041 1048 2081 uoca-
1104 2028 1319 2088 monasterium
1330 2023 1558 2099 pertinentibus,
1571 2021 1815 2095 supradictorum
1825 2021 1935 2078 immo·

223 2112 619 2186 01111111111111111111111111,0111Β
641 2113 747 2178 vineis,
763 2114 858 2178 terris,
874 2114 975 2186 Silvis,
998 2131 1050 2170 ⁰³·
1103 2121 1244 2178 biliorum
1269 2116 1404 2172 locorum
1427 2115 1503 2186 juris
1527 2115 1638 2169 sanetas
1658 2117 1768 2168 nostrie
1789 2114 1932 2168 Romame

223 2201 274 2268 sis,
290 2201 405 2258 colonis
422 2201 631 2260 eteolonebui
646 2202 801 2274 uniusque
824 2218 913 2258 sexus
935 2202 1049 2258 ibidem
1105 2207 1243 2266 ccclesia
1266 2210 1294 2261 et
1318 2202 1483 2277 supradicti
1511 2201 1695 2272 monasterii,
1723 2199 1770 2256 vel
1802 2199 1931 2256 anorum

222 2291 432 2362 residentibus,
449 2308 484 2348 αθ
494 2292 722 2364 pertinentibus,
736 2293 862 2366 campis.
874 2293 976 2366 pratis,
991 2293 1049 2366 syl-
1103 2298 1238 2373 priorum
1265 2295 1401 2350 locorum
1425 2292 1523 2363 quus,
1545 2291 1613 2362 jura
1637 2289 1818 2356 consistunt3
1841 2289 1930 2344 etiaui

223 2380 279 2442 vie,
294 2380 421 2448 salectis,
438 2380 597 2437 arboribus
611 2381 775 2453 pomiferis,
790 2381 834 2437 vel
861 2381 1050 2440 infructiferis
1104 2393 1131 2446 et
1151 2385 1368 2443 confirmamus
1391 2381 1477 2438 vobis
1503 2380 1639 2436 casalem
1654 2394 1750 2435 unum
1769 2379 1800 2434 in
1815 2378 1932 2447 integro

224 2473 252 2526 et
275 2469 387 2526 diversi
408 2471 542 2540 generis;
558 2470 666 2542 puteis,
691 2471 845 2543 pontibus,
867 2471 1050 2544 risis·atque
1104 2491 1171 2550 quie
1193 2471 1345 2529 Ruscitulo
1367 2485 1437 2526 oum
1456 2467 1599 2525 omnibus
1623 2467 1686 2524 suis
1713 2465 1892 2536 generaliter
1905 2471 1932 2521 et

224 2559 365 2632 perennis
378 2558 511 2614 aediliciis
524 2559 678 2630 parietinis
693 2577 699 2615 :
716 2559 830 2616 cultum
844 2559 1048 2616 velincnltum
1103 2567 1134 2622 in
1160 2565 1276 2630 integro
1302 2557 1488 2633 pertinentiis
1518 2557 1608 2612 situm
1635 2555 1782 2612 territorio
1785 2595 1854 2610 ......
1884 2555 1931 2609 sia

225 2663 294 2702 cuin
319 2645 462 2701 omnibus
484 2645 523 2702 ad
538 2662 589 2702 eas
614 2647 791 2716 generaliter
807 2653 836 2703 et
856 2647 885 2702 in
900 2647 1049 2716 integrum
1105 2650 1247 2710 Flaminia
1259 2648 1365 2704 miliar.
1380 2645 1422 2702 ab
1435 2645 1510 2702 urbe
1518 2648 1612 2700 lloina
1624 2643 1693 2718 plus
1706 2643 1809 2700 minus
1821 2647 1932 2715 quarto

226 2733 444 2808 pertinentibus
467 2735 557 2808 posit.
583 2736 729 2792 territorio
752 2739 873 2804 citano,
886 2737 991 2794 miliar.
1010 2739 1051 2795 ab
1104 2742 1221 2800 decimo
1247 2753 1317 2796 cuni
1341 2735 1483 2792 omnibus
1502 2734 1604 2790 lundis
1626 2733 1672 2788 vel
1697 2731 1854 2789 vocabulis
1869 2733 1931 2786 suis

225 2821 300 2878 urbe
327 2824 421 2879 Roma
442 2822 512 2895 pius
534 2823 635 2880 minus
656 2825 899 2897 quadragesimo,
910 2827 985 2898 juris
999 2844 1051 2883 su·
1104 2830 1242 2888 videlicet
1267 2825 1453 2896 sergianum,
1480 2823 1694 2886 staturianum,
1717 2821 1770 2895 qui
1796 2826 1823 2878 et
1855 2825 1933 2878 Nuce

225 2909 351 2983 predicti
372 2911 462 2967 vestri
483 2912 668 2968 monasterii.
693 2913 862 2986 Pariterque
883 2915 1051 2972 stabilimus
1105 2918 1218 2992 predia
1232 2921 1366 2984 iocatur,
1383 2927 1436 2969 seu
1449 2912 1607 2970 saburiam
1621 2915 1712 2984 atque
1732 2911 1931 2976 Pontianum

224 2997 312 3054 vobis
336 2998 460 3054 diversis
474 2999 613 3059 casalinis
626 3001 691 3056 sitis
712 3001 790 3058 intro
812 3001 918 3058 eadem
934 3003 1051 3060 civitate
1070 3021 1223 3092 coeonon
1239 3010 1266 3061 et
1281 3003 1446 3060 bavianum
1473 3001 1532 3058 sive
1558 3000 1669 3074 quibus
1694 2999 1760 3056 allis
1775 2999 1933 3056 vocabulis

226 3089 337 3146 oliano
351 3088 442 3144 eiiam
457 3093 486 3144 ei
501 3089 584 3145 iel'i'is
599 3090 740 3146 omnibus
755 3091 962 3148 immobilibus
977 3093 1052 3149 lotii!
1104 3102 1228 3154 vocatur
1252 3109 1323 3151 oum
1347 3091 1556 3162 (tusis‚⁸vin0is‚
1579 3089 1676 3156 ign-ig,
1700 3089 1789 3163 sylvis
1814 3095 1845 3146 et
1866 3107 1934 3146 cum
2040 3076 2041 3090 ¹

224 3192 293 3249 quse
315 3177 392 3248 iuris
407 3178 570 3251 supradicti
592 3179 682 3235 vestri
704 3181 876 3236 monasterii
892 3182 1048 3253 pertinent,
1104 3186 1247 3244 omnibus
1259 3183 1382 3249 linibus,
1396 3179 1531 3238 terminis
1552 3179 1757 3252 limitibusque
1781 3179 1847 3236 suis
1861 3179 1936 3234 inter

224 3269 285 3321 isin
300 3265 377 3322 inira
391 3265 458 3339 ipsa
484 3268 594 3324 ortana
615 3267 732 3324 civitate
746 3283 900 3341 quamque
920 3269 1010 3325 etiam
1022 3274 1052 3326 ct
1105 3276 1211 3334 affines
1227 3275 1267 3331 ab
1282 3289 1344 3330 urio
1357 3272 1448 3329 latere
1462 3273 1512 3328 sia
1527 3271 1649 3345 publice
1662 3271 1715 3344 qul
1727 3269 1812 3326 ducit
1820 3270 1853 3326 in
1870 3274 1936 3327 l'cs-

223 3353 260 3410 de
273 3353 346 3410 ioris
355 3355 483 3411 diversis
496 3355 569 3411 locis
581 3361 784 3430 nuncupatur,
798 3361 826 3413 et
841 3357 966 3415 Cartulre
980 3359 1050 3415 inde
1106 3371 1171 3422 sato
1181 3365 1218 3420 de
1227 3364 1346 3419 herede
1354 3362 1511 3435 quondam
1521 3363 1644 3418 ioannis
1657 3361 1733 3431 (263)
1743 3359 1934 3430 grammatici

221 3442 357 3500 veredice
381 3443 475 3500 iactae.
492 3447 526 3500 Et
548 3444 655 3500 iterum
669 3445 700 3500 in
723 3445 830 3502 eodem
846 3449 955 3503 Ortano
971 3448 1050 3504 terri·
1104 3460 1132 3511 et
1146 3459 1224 3510 reate
1238 3467 1292 3527 per
1305 3452 1405 3524 ipsum
1422 3454 1579 3508 Fossatum
1593 3449 1624 3505 in
1634 3449 1697 3505 rivo
1710 3448 1762 3521 qul
1776 3447 1934 3504 descendit

223 3531 297 3587 torio
320 3532 526 3588 confirmanus
552 3533 637 3588 vobis
652 3534 809 3590 ecclesiam
832 3537 926 3591 sancti
942 3537 1048 3592 Christi
1102 3544 1132 3599 in
1149 3547 1241 3598 conte
1263 3557 1354 3613 quem
1383 3539 1492 3596 Veneni
1497 3577 1549 3603 .....
1564 3543 1592 3594 et
1615 3537 1655 3594 ab
1681 3537 1740 3594 allo
1760 3536 1855 3594 latere
1880 3553 1935 3610 per

222 3619 362 3691 martyris
375 3619 527 3676 iuvenalis
548 3636 618 3675 cum
640 3622 781 3676 omuibus
796 3622 858 3677 suis
871 3622 902 3677 iii
926 3623 1049 3694 integris
1102 3633 1168 3704 ipsa
1183 3633 1386 3703 suprascripta
1412 3629 1462 3685 vla
1483 3628 1604 3701 publica
1622 3631 1700 3683 recte
1727 3627 1858 3683 ducente
1880 3643 1933 3700 per

220 3707 449 3782 petinentibus,
465 3709 550 3765 8101111
562 3709 603 3765 ab
624 3709 731 3766 eodem
758 3713 869 3768 Oriffllo
894 3713 1048 3785 episcopio
1102 3719 1273 3778 ltontecello
1288 3719 1339 3791 qui
1354 3717 1436 3773 ducit
1450 3717 1480 3772 in
1496 3716 1570 3784 rivo,
1586 3721 1615 3772 et
1626 3715 1735 3772 deinde
1749 3730 1804 3788 per
1819 3719 1931 3772 terram

220 3797 307 3854 vobis
322 3798 469 3870 pertinere
481 3798 607 3856 videtur.
626 3804 796 3874 iterumque
810 3801 938 3859 etiamst
958 3803 1049 3860 stabi·
1102 3807 1342 3866 sementariciam
1362 3808 1392 3863 in
1417 3807 1466 3862 vla
1493 3805 1531 3862 de
1553 3805 1666 3872 Solaro,
1689 3809 1718 3862 et
1741 3803 1851 3861 exinde
1879 3822 1933 3880 per

189 3897 191 3902 '
219 3887 310 3944 limus
326 3888 410 3944 vobis
425 3889 568 3946 omnibus
584 3889 791 3947 immobilibus
816 3891 899 3959 locis,
916 3909 984 3966 quie
999 3912 1049 3950 su-
1101 3899 1193 3954 limite
1206 3897 1237 3952 in
1254 3900 1353 3965 Puteo,
1369 3900 1397 3951 et
1410 3895 1448 3951 ab
1474 3895 1540 3968 ipso
1556 3897 1645 3951 Puteo
1659 3897 1759 3950 secute
1771 3893 1803 3950 in
1823 3911 1932 3968 supra-

220 3977 346 4049 pradioti
370 3979 544 4035 monasterii
568 3979 655 4036 vestri
680 3979 806 4052 pertinet
829 3981 906 4037 inira
931 3983 1047 4040 civitate
1101 3987 1181 4043 dicto
1208 3989 1297 4042 Ponte
1314 3988 1443 4040 Veneno.
1463 3984 1514 4040 Vel
1533 3984 1558 4040 si
1576 3983 1644 4057 quis
1659 3983 1724 4039 aliis
1738 3981 1846 4039 affines
1863 3989 1932 4040 sunt

220 4064 383 4129 Galilaeae,
399 4067 472 4123 etin
495 4068 560 4139 ejus
576 4067 689 4140 ubique
712 4069 857 4126 territorio
873 4071 935 4126 sive
957 4072 986 4126 in
1001 4072 1047 4128 liis
1102 4081 1153 4133 aut
1166 4075 1205 4132 ab
1219 4075 1333 4145 origine
1346 4075 1466 4130 luerunt
1473 4073 1549 4144 juris
1564 4073 1616 4146 qui
1630 4073 1780 4128 assistent.
1797 4075 1932 4146 lienique

218 4155 347 4213 fundum
371 4157 472 4224 trium,
487 4175 580 4232 quein
606 4163 768 4229 cazanum,
794 4161 998 4226 cisinianum,
1018 4167 1047 4222 et
1101 4181 1191 4239 porro
1206 4163 1462 4220 etconfirmamus
1476 4161 1563 4218 vobis
1578 4161 1710 4219 casalem
1725 4175 1822 4218 unum
1838 4163 1869 4218 in
1886 4164 1931 4218 iii-

220 4245 295 4301 (iesa
305 4247 460 4304 Narniens.
477 4249 690 4305 verumetiam
706 4254 733 4305 et
748 4265 847 4305 masse
862 4267 953 4323 quem
973 4255 1043 4308 Pre-
1101 4259 1218 4322 tegium
1229 4267 1320 4325 quem
1335 4251 1540 4316 villarustica,
1554 4249 1615 4306 sive
1629 4267 1691 4323 quo
1706 4251 1767 4306 alio
1779 4251 1931 4306 vocabule

219 4333 327 4390 ciliane
331 4376 385 4391 .....
411 4336 496 4393 vobis
525 4338 719 4394 concedimus
743 4355 812 4394 cum
841 4340 983 4396 omnibus
1005 4341 1045 4397 ad
1101 4347 1303 4417 nuncupatur,
1321 4358 1390 4398 eum
1413 4341 1558 4397 universis
1584 4339 1684 4396 lundis
1702 4340 1750 4396 rel
1773 4341 1931 4398 vocabulis

219 4437 286 4479 eam
310 4425 486 4493 generaliter
508 4431 537 4482 et
557 4426 588 4482 iii
611 4427 727 4496 integro
749 4427 965 4500 pertinentibus
989 4431 1045 4486 sita
1101 4431 1175 4502 suis,
1191 4447 1261 4487 cum
1283 4431 1372 4500 casis,
1388 4429 1493 4498 vineis,
1508 4445 1562 4484 seu
1586 4427 1670 4484 terris
1690 4433 1719 4484 ct
1733 4427 1835 4502 sylvis,
1849 4445 1933 4485 cam-

219 4511 365 4568 territorio
381 4513 537 4570 Sebinens.
550 4515 626 4585 J'uris
655 4521 765 4572 sanctae
789 4519 932 4573 Romanae
952 4519 1046 4575 Eccle-
1100 4522 1157 4596 pis,
1183 4521 1288 4594 pratis,
1316 4519 1446 4592 pascuis,
1472 4518 1597 4574 diversis
1626 4517 1796 4582 arboribus,
1828 4519 1931 4593 criptis

218 4600 279 4669 siai,
302 4605 331 4658 et
354 4601 432 4658 inter
453 4602 568 4670 affines,
582 4603 621 4660 ab
645 4619 706 4660 uno
728 4605 819 4662 latere
843 4609 938 4664 ltessa
953 4625 1044 4680 quem
1100 4611 1253 4678 arenariis,
1275 4609 1408 4665 fontibus
1427 4607 1541 4664 cultum
1566 4607 1612 4664 vel
1627 4607 1784 4678 incultum,
1800 4615 1830 4665 ct
1859 4625 1930 4665 cuin

219 4690 319 4746 Pausa
333 4695 390 4747 cta
405 4692 538 4748 secundo
552 4693 643 4750 latere
657 4694 721 4749 rivo
741 4694 778 4750 de
799 4695 937 4762 Utriculo‚
953 4713 1044 4769 quem
1100 4699 1241 4756 omnibus
1255 4698 1377 4762 finibus,
1389 4696 1524 4752 terminis
1538 4696 1682 4754 limitibus
1697 4698 1770 4764 suis,
1781 4702 1811 4754 et
1825 4699 1931 4755 omnia

221 4779 325 4834 liuline
336 4797 342 4846 ;
355 4785 383 4836 et
395 4795 413 4836 a
424 4781 508 4837 tertio
521 4781 611 4838 latere
626 4798 673 4838 res
689 4782 727 4839 de
738 4781 919 4840 monast'erio
935 4791 1044 4843 saneta
1099 4790 1138 4846 ad
1160 4805 1230 4844 eum
1258 4787 1433 4858 generaliter
1447 4791 1474 4842 et
1489 4787 1519 4842 iu
1532 4786 1682 4858 integrum
1698 4787 1930 4860 pertinentibus,

218 4867 330 4934 liariae;
343 4873 372 4923 et
385 4885 403 4925 a
417 4875 527 4942 quarto
540 4871 631 4928 latere
646 4889 693 4928 res
705 4872 742 4928 de
756 4874 939 4930 monasterio
951 4877 1045 4932 sancti
1100 4879 1199 4951 posito
1213 4875 1404 4932 territorio...
1422 4875 1530 4932 miliari
1543 4875 1583 4932 ab
1598 4876 1672 4932 urbe
1687 4879 1781 4932 lloma
1792 4877 1862 4949 plus
1877 4879 1930 4934 mi·

220 4955 398 5025 salvatoris3
414 4957 504 5016 etiem
529 4967 557 5016 et
578 4961 794 5018 confirmamus
817 4962 902 5018 vobis
916 4963 1044 5020 lundum
1099 4983 1165 5024 nus.
1182 4969 1323 5021 Praeterea
1350 4970 1379 5020 et
1405 4965 1574 5022 stabilimus
1596 4971 1686 5038 atque
1708 4967 1931 5024 confirmamus

218 5045 322 5118 Campi
347 5047 427 5102 llort.
452 5047 526 5104 ultra
541 5049 691 5116 libatum,
706 5051 815 5124 quiesi
836 5051 913 5108 inter
928 5052 1044 5110 civitate
1099 5054 1185 5110 robis
1200 5053 1406 5110 immobilibus
1419 5054 1492 5110 locis
1507 5054 1649 5110 omnibus
1669 5071 1737 5128 quar
1752 5055 1783 5111 in
1798 5057 1931 5114 Romam

218 5135 362 5192 Oitana..
393 5138 603 5194 Verumtamen
640 5145 669 5196 et
703 5140 919 5198 confirmamus
958 5143 1044 5198 vobis
1098 5149 1126 5200 et
1140 5143 1251 5216 ubique
1264 5143 1336 5198 ioris
1359 5145 1485 5199 Romam
1500 5143 1615 5216 prelati
1640 5144 1815 5201 monasterii
1840 5147 1930 5202 vestri

217 5239 324 5281 omnes
348 5239 398 5281 res
427 5241 496 5299 quas
531 5226 739 5298 jurisdictione
764 5230 929 5302 supradicti
958 5231 1044 5288 vestii
1097 5233 1231 5302 legaliter
1270 5233 1419 5306 pertinent
1459 5237 1491 5290 ut
1530 5233 1644 5290 cartula
1685 5233 1754 5292 inde
1797 5235 1931 5292 veridice

251 5385 327 5454 (2111)
338 5388 413 5466 liceo
423 5403 466 5468 un
480 5387 556 5444 altro
568 5390 792 5448 eoiiienciatore
805 5390 835 5446 di
849 5406 960 5448 nomen
975 5395 1044 5448 Teo-
1133 5395 1208 5460 (26³)
1225 5393 1253 5450 Si
1268 5392 1420 5464 aggiunga
1434 5393 1462 5450 ai
1483 5393 1658 5466 pocblsslmi
1672 5395 1864 5466 grammatici
1880 5395 1930 5452 del

215 5453 319 5536 illatio,
336 5456 366 5538 di
382 5474 429 5540 cui
444 5473 505 5514 non
521 5459 546 5515 ci
560 5459 600 5516 lia
613 5462 729 5534 parlato
750 5461 769 5516 il
787 5461 1014 5530 diligentissimo
1027 5480 1042 5518 e
1097 5463 1195 5518 secolo
1211 5481 1240 5527 x,
1253 5464 1290 5519 ile
1304 5463 1386 5536 quali
1400 5469 1417 5518 a
1431 5481 1449 5520 a
1464 5465 1515 5521 noi
1529 5473 1695 5540 perveuuio
1710 5467 1729 5522 il
1745 5483 1836 5522 nome
1851 5483 1858 5521 :
1875 5483 1929 5522 era

215 5523 454 5608 laboriosissimo
476 5545 604 5587 vescovo
628 5532 658 5588 di
683 5533 796 5602 cirene,
819 5532 874 5588 clia
902 5549 964 5588 non
987 5532 1043 5590 dee
1096 5534 1163 5589 vivo
1178 5534 1244 5590 nell'
1266 5551 1346 5591 anno
1360 5539 1423 5600 906,
1443 5536 1481 5592 ed
1495 5539 1511 5592 a
1525 5535 1676 5594 ricordato
1700 5537 1739 5594 da
1762 5539 1866 5608 Sergio
1892 5539 1928 5592 lli

215 5597 444 5679 esseurioordato
457 5599 535 5657 nella
545 5608 647 5658 nostra
662 5603 743 5658 liclia
753 5603 863 5675 quello.
878 5603 944 5659 chel
955 5604 996 5661 tal
1011 5603 1042 5660 lu
1095 5603 1144 5661 iiel
1157 5606 1264 5687 papiro
1288 5621 1364 5676 xxiv,
1380 5621 1396 5662 e
1419 5605 1449 5664 lo
1466 5611 1481 5663 e
1497 5609 1549 5682 piu
1563 5609 1595 5666 di
1611 5625 1652 5665 un
1666 5609 1766 5666 secolo
1780 5609 1864 5686 dopo
1879 5610 1930 5666 ne'

214 5666 294 5738 negli
310 5683 381 5726 anni
395 5672 447 5726 826
462 5685 477 5726 e
490 5675 542 5727 819
557 5673 684 5744 (Gellett'i
697 5690 727 5748 p.
747 5679 807 5743 115,
826 5675 897 5748 183).
1095 5676 1193 5752 papiri
1207 5693 1273 5734 xiii
1288 5693 1411 5736 cxiviu.
