4106 6148
185 1927 191 1936 .
273 1883 381 1955 preter
396 1881 499 1938 sedam
514 1880 713 1954 apostolicam
726 1877 932 1954 prohibemus,
947 1877 988 1934 ita
1001 1879 1034 1932 ut
1043 1874 1100 1932 nisi

270 155 321 222 gei
960 145 1111 214 idaim
1133 153 1232 217 PAPAE
1254 155 1278 217 ii
1889 167 1923 228 cr

269 281 378 359 potiori
392 281 422 338 et
435 289 491 338 nos
505 279 617 338 flducm
630 291 687 355 pro
699 280 891 355 impetranda
904 278 991 338 rente
1005 277 1098 335 deiic-
1116 285 1139 338 Α
1156 282 1258 341 thema
1268 283 1314 353 sit,
1328 287 1357 342 et
1370 283 1447 341 iram
1460 283 1511 340 liei
1524 283 1688 356 incurrens,
1702 299 1720 341 a
1732 289 1803 343 rubr
1825 287 1925 348 omnim
1982 250 1983 276 Χ

270 373 380 441 torum,
396 371 538 426 stenem
553 370 695 443 pietatem
711 371 858 428 eudemus
873 368 1053 442 implorare:
1070 369 1099 424 et
1154 373 1329 430 sanctorum
1343 373 1469 430 extorris
1482 373 1596 444 existat,
1610 381 1639 430 et
1652 371 1831 432 nihilominus
1842 379 1926 449 pratuli

269 457 515 519 ideoravercntia
538 461 589 516 tua
614 459 779 533 poenatavit
804 459 925 516 anobis
949 461 1098 530 quatenus
1153 461 1326 519 monasterii
1353 460 1484 534 dignitas
1501 460 1620 518 anobis
1640 461 1751 518 indulta
1764 465 1928 536 perpetualiter

267 545 457 624 jamdictum
472 545 642 605 uenerabile
670 548 890 605 monasterium
904 545 1022 602 bomini
1038 545 1100 602 sci·
1153 549 1295 608 inviolata
1310 555 1487 625 permaneat
1505 549 1671 624 apostoliea
1694 551 1849 608 auctoritate
1867 555 1928 611 robe

270 637 381 697 satoris
397 653 416 695 a
440 641 546 694 sancto
560 637 710 694 bonifacio
726 637 869 711 episcopo
894 637 1099 692 constructum
1152 645 1226 698 ratu.
1241 641 1295 707 Qui
1310 645 1412 698 autem
1427 643 1529 698 eustos
1545 645 1574 698 ct
1587 639 1758 698 observator
1770 641 1848 712 buius
1863 647 1927 700 uestri

269 729 301 785 in
315 726 381 784 loco
396 727 449 800 qui
460 730 586 782 vocatur
602 726 731 783 boconia
757 739 829 796 erga
853 725 950 798 ripam
964 721 1099 779 iiuminis
1153 729 1299 805 privilegii
1314 729 1402 803 [adde
1431 729 1581 803 exstiterit]
1605 729 1831 788 benedictionem
1849 735 1928 802 olgia.

271 811 415 886 sudans,
431 813 577 889 privilegii
594 813 853 887 sedisapostolicae
868 811 1036 868 munimine
1049 809 1100 866 de·
1153 821 1226 878 tiam
1240 837 1257 878 a
1269 821 1396 878 pomino
1408 825 1621 894 consequatur,

271 907 399 973 conetur,
426 908 455 960 ei
481 903 539 960 sub
551 901 757 975 jurisdictione
777 907 887 959 saneim
910 904 1020 957 nostrie
1039 899 1098 968 eui,
1190 906 1339 980 Scriptum
1363 919 1418 980 pel·
1446 919 1556 962 manus
1573 903 1678 962 Leonis
1698 903 1830 962 scriniarii
1850 911 1928 962 mortu

272 995 332 1052 beo
358 997 487 1062 auctore,
515 991 702 1048 deseruimus
728 992 875 1061 Ecclesia,
905 988 1099 1046 oonsdtutum
1153 997 1295 1053 Romane
1309 995 1444 1052 Ecclesiae
1459 995 1489 1052 in
1504 1009 1607 1052 mensa
1620 993 1762 1066 Octobris,
1775 995 1927 1051 indetoncu.

272 1079 515 1139 nuliiusaiterius
543 1080 680 1137 ticciesiae
702 1077 961 1152 jurisdictionibus
976 1075 1100 1132 submit·
1154 1087 1262 1142 Datum
1274 1099 1313 1141 vu
1327 1083 1391 1141 Kal,
1409 1083 1648 1157 Novembrisper
1671 1095 1790 1140 manum
1815 1084 1927 1156 stapham,
1985 1096 1986 1112 ¹

272 1175 350 1227 latui·
364 1183 371 1226 :
387 1169 424 1226 de
440 1181 501 1242 qua
515 1183 546 1225 l'e
560 1167 618 1242 piis
634 1168 788 1225 desideriis
803 1168 861 1225 iuis
884 1167 1026 1234 iuvenies,
1042 1165 1101 1220 hab
1154 1173 1314 1248 primicerii
1337 1189 1463 1230 summae
1491 1173 1663 1248 apostolicae
1691 1173 1776 1243 sedis,
1801 1187 1875 1238 anno,
1898 1175 1929 1228 [lei

272 1265 373 1318 nostm
393 1259 560 1333 apostoliea
586 1258 761 1315 auctoritate
787 1257 828 1328 id,
852 1257 935 1331 quod
952 1254 1100 1328 exposcis,
1154 1263 1292 1336 propitio,
1307 1263 1497 1338 pontificatus
1512 1263 1617 1320 domni
1631 1262 1754 1335 Agapeti
1767 1262 1861 1318 summi
1880 1277 1930 1334 pon.

272 1349 388 1408 effectui
404 1347 793 1422 mancipamusseounoum
806 1345 952 1421 privilegii
980 1343 1098 1414 senem,
1154 1353 1250 1422 tiliois,
1267 1358 1296 1410 ot
1322 1353 1498 1412 uerrerseus
1522 1367 1610 1428 pape
1630 1369 1660 1424 u,
1676 1352 1707 1409 tn
1720 1352 1929 1418 mensooctotm,

271 1440 355 1514 quod
365 1437 404 1496 ab
414 1441 602 1496 antecessore
612 1443 716 1494 nosue
725 1437 814 1494 bonas
827 1434 979 1492 memoria
989 1433 1101 1490 Marino
1153 1441 1256 1500 indier,
1272 1455 1298 1500 v,

272 1528 363 1602 huius
378 1527 465 1585 alme
481 1528 560 1584 sedis
575 1518 702 1600 praesule
716 1526 789 1583 inibi
804 1523 1018 1600 perpetualiter
1038 1521 1100 1578 iao·
1559 1529 1582 1586 11

272 1619 336 1676 tum
351 1617 438 1674 nobis
453 1616 609 1674 ostendere
624 1616 755 1687 sategisti
772 1631 778 1672 ε
795 1621 823 1672 et
834 1615 902 1670 ideo
912 1627 1035 1670 omnem
1050 1625 1101 1667 ou·
1155 1674 1273 1714 mmm
1301 1673 1379 1715 m
1404 1673 1425 1714 u
1440 1671 1573 1713 mmm
1587 1672 1625 1712 m
1650 1669 1802 1712 mm
1824 1667 1930 1712 mmm

269 1703 532 1779 juslibetecclesie
547 1705 733 1762 sacerdotem
761 1705 791 1760 in
808 1702 932 1777 praefato
951 1703 1101 1757 monaste·
1451 1743 1680 1784 mmmm

271 1795 317 1851 rto
330 1793 473 1851 ditionem
485 1792 651 1866 quamlibet
663 1791 786 1863 bebere,
802 1794 853 1847 cut
882 1788 1099 1856 melodialem,
1473 1833 1568 1906 (Anno
1587 1833 1651 1906 943)

273 1965 312 2027 ab
328 1967 437 2027 senato
451 1969 624 2026 monestere
637 1969 724 2026 ruerit
738 1968 890 2036 neurus,
906 1979 962 2022 neo
990 1959 1099 2021 miso·
1153 1946 1306 2002 Hortarer
1329 1948 1364 2000 ¹⁴²
1390 1942 1604 2025 mamercum
1635 1941 1677 2024 S·,
1693 1937 1932 2011 sopctomnoto

273 2070 341 2114 rum
370 2057 483 2115 ibidem
510 2057 729 2116 solemnitatem
755 2051 907 2130 quispiam
937 2057 1101 2129 presumat
1379 2011 1587 2070 cmm'bus
1601 2018 1751 2132 samum·

272 2147 397 2206 omnino
412 2147 560 2205 celebrare
574 2166 580 2217 ;
596 2153 629 2204 ut
643 2148 776 2221 proiecto
785 2148 870 2218 juxta
877 2145 918 2210 id,
929 2143 1012 2218 quod
1029 2142 1100 2198 sub·
1314 2120 1415 2194 [Apud
1429 2120 1557 2190 Glitium,
1573 2121 1655 2178 Hesi.
1670 2120 1750 2191 uos,
1764 2116 1814 2192 5³d

272 2238 394 2310 jectum,
408 2237 583 2311 apostolice
599 2239 663 2294 sedi
677 2235 816 2294 firmitate
831 2234 975 2309 privilegii
990 2232 1101 2290 consis⁴
1189 2235 1336 2286 aeternus
1352 2227 1524 2302 episcopus,
1544 2241 1651 2284 servus
1667 2237 1813 2284 serrorum
1825 2221 1874 2288 uei,
1885 2223 1932 2276 tn

272 2328 315 2398 tit,
330 2327 509 2383 inconcusse
538 2327 675 2384 dotatum
702 2328 889 2399 permaneat,
904 2323 1048 2395 iocisque,
1065 2337 1101 2377 ae
1154 2335 1252 2386 numo,
1269 2321 1476 2374 Beneventano
1491 2316 1630 2391 principi,
1647 2315 1771 2375 salutem
1789 2317 1815 2370 at
1833 2309 1931 2384 apostot-

271 2415 374 2484 rebus,
397 2419 458 2473 tam
473 2413 516 2472 eis
531 2431 609 2488 ques
623 2411 769 2472 moderno
785 2415 918 2486 tempore
941 2413 1028 2482 tenet,
1055 2405 1101 2467 vei
1154 2426 1221 2467 cam
1234 2405 1484 2465 benedictionem.

272 2503 415 2578 possidat,
440 2520 533 2578 quam
562 2521 639 2577 quas
664 2503 771 2560 futuris
785 2500 971 2575 temporibus
988 2500 1019 2555 in
1032 2499 1101 2571 jure
1190 2497 1389 2556 Officbnostri
1408 2496 1596 2554 consuetudo
1622 2492 1933 2571 deposcitrigiiantcs,cl

272 2594 447 2650 monasterii
461 2594 563 2650 divina
577 2596 672 2666 pietas
685 2592 809 2649 voluerit
819 2603 930 2662 angere
945 2603 982 2645 es
1001 2586 1099 2658 donis,
1153 2583 1234 2644 mem
1251 2583 1355 2660 judicii
1367 2589 1586 2660 exspectantes,
1603 2591 1636 2643 ul
1652 2586 1682 2643 in
1698 2579 1932 2656 metiusproficiaut

273 2687 302 2738 et
312 2681 514 2738 oblationibus
529 2681 713 2755 decimisque
728 2680 863 2737 fidelium
877 2679 993 2752 absque
1009 2677 1099 2733 uibus
1154 2677 1327 2746 admonere,
1343 2674 1526 2747 negligentes
1541 2675 1701 2748 corrigere,
1714 2675 1795 2747 juxte
1817 2669 1877 2727 iliud
1887 2681 1933 2739 apr

273 2785 410 2844 personae
421 2771 653 2828 contradictione
664 2767 802 2828 firmitate
812 2769 957 2844 perpetua
967 2765 1101 2842 perfrua-
1154 2761 1294 2822 atolicum
1320 2781 1326 2821 :
1353 2783 1367 2815 s
1392 2766 1501 2839 Argue,
1517 2761 1645 2822 obsecra
1669 2764 1823 2834 etinorcpa
1836 2759 1873 2828 til
1883 2757 1932 2812 ituu

273 2864 330 2917 tur.
345 2862 384 2916 ile
394 2863 500 2916 eoeoero
511 2876 583 2916 vero
597 2861 654 2916 hoc
665 2859 873 2926 deliberantes,
898 2855 1099 2923 decernimus,
1153 2853 1240 2923 libii·
1256 2873 1269 2904 u
1286 2851 1360 2910 ilino
1374 2853 1405 2910 in
1421 2847 1479 2909 aiio
1492 2852 1558 2910 loco
1573 2849 1721 2910 Dominus
1734 2867 1785 2926 per
1797 2847 1932 2924 propium

273 2951 306 3005 ut
318 2949 457 3019 congruis
470 2949 665 3022 temporibus,
682 2953 791 3006 nostre
807 2947 998 3004 sollicitudini
1011 2944 1101 3001 eccle·
1119 2929 1139 2985 C
1154 2943 1248 3000 dicit:
1265 2965 1279 2994 ι(
1297 2942 1325 2999 Si
1353 2957 1415 2998 non
1428 2942 1654 2999 annuntiaveris
1671 2941 1772 3013 iniquo
1791 2934 1933 3008 imqubtem

274 3036 400 3094 siasticce
415 3037 577 3108 intimetur,
593 3037 720 3111 qualiter
746 3037 849 3108 religio
872 3034 1039 3092 monastica
1054 3049 1099 3090 re·
1155 3035 1229 3105 ejus,
1260 3032 1439 3104 sanguinem
1477 3032 1542 3104 ejus
1570 3031 1607 3088 de
1638 3047 1731 3088 manu
1756 3034 1802 3086 tua
1822 3021 1933 3096 mqurau

273 3126 369 3197 gulari
377 3127 482 3184 habitu
497 3128 651 3198 dirigatur,
666 3127 888 3199 concordiaque
914 3123 1100 3183 convenienti
1156 3123 1270 3196 (liceri,
1287 3123 1333 3190 lit,
1364 3123 1414 3194 te).
1433 3142 1447 3172 u
1463 3125 1574 3178 Nostrae
1605 3121 1697 3191 igitur
1720 3113 1933 3175 monuissemus

272 3216 472 3272 ecclesiastico
499 3216 598 3273 studio
625 3217 824 3290 mancipetur,
853 3230 890 3272 ne
916 3214 1001 3286 iorto,
1017 3212 1100 3287 quod
1154 3211 1277 3268 ienuam
1305 3226 1324 3266 a
1352 3210 1459 3266 dilecto
1485 3207 1546 3266 filio
1569 3215 1675 3266 nostro
1703 3205 1834 3264 balduino
1859 3199 1933 3256 abluta

273 3304 360 3372 absit,
376 3305 432 3360 sub
449 3305 538 3376 buius
553 3305 699 3378 privilegii
714 3306 848 3369 obtentu,
874 3301 993 3359 unimus
1018 3318 1100 3374 gres·
1155 3297 1320 3372 audientes,
1347 3299 1427 3356 unde
1455 3295 1543 3355 valde
1570 3298 1737 3369 gaudentes
1762 3309 1862 3358 sumus,
1878 3281 1933 3360 quod

273 3407 386 3464 susque
401 3393 613 3448 reobtudinisa
626 3409 705 3448 uerae
724 3407 833 3448 norma
854 3391 976 3462 iustitia
998 3389 1100 3462 aliquo
1154 3406 1210 3446 nos
1224 3388 1469 3446 adeoeIesiarum
1493 3386 1707 3444 exaltationem
1720 3387 1860 3460 promptos
1875 3371 1933 3432 audi·

273 3478 603 3552 moderatorquaatur;
633 3484 662 3536 et
675 3493 773 3552 neque
793 3479 867 3549 regi,
895 3491 993 3551 neque
1021 3477 1100 3549 epis·
1154 3481 1264 3536 munus.
1294 3477 1351 3538 Sed
1366 3479 1439 3552 quia
1459 3491 1515 3535 nos
1530 3479 1709 3550 constringit
1721 3475 1845 3534 omnium
1868 3463 1934 3524 Eode-

274 3577 351 3638 copo
366 3565 496 3638 eudbbet,
521 3563 567 3622 vel
580 3563 691 3635 comiti,
711 3563 834 3622 velatis
850 3579 968 3636 magnae
985 3577 1102 3638 parvae-
1155 3569 1268 3626 siarum
1298 3567 1457 3643 pastoralis
1488 3583 1560 3625 curs
1589 3567 1714 3624 sollicite
1739 3561 1857 3638 uigilare,
1884 3555 1934 3612 sicut

273 3669 333 3728 que
347 3668 484 3726 persone
511 3651 626 3712 notrum
656 3649 693 3712 eit
718 3651 886 3728 quamlibet
906 3653 967 3709 vim
981 3651 1099 3722 inserte,
1154 3657 1243 3716 noes
1268 3661 1370 3716 noser
1408 3655 1570 3731 spiritualis
1597 3651 1934 3721 messurianum

275 3743 335 3800 sive
363 3743 497 3817 aliquam
523 3743 759 3801 conboversiam
787 3743 884 3800 iacere
907 3741 940 3798 in
968 3741 1060 3798 rebus
1073 3745 1102 3798 et
1154 3747 1341 3805 rectissimus
1364 3746 1616 3804 monasteriorum
1642 3749 1736 3818 Peter,
1764 3729 1934 3800 retulimus

273 3831 903 3908 familiisejusdem'saepafflcdvenerabilis
917 3831 1099 3889 monasterii.
1155 3833 1422 3906 dominationibus,
1449 3835 1480 3891 in
1508 3833 1590 3891 bono
1632 3834 1718 3909 quod
1741 3827 1877 3906 ceperatis
1894 3831 1934 3876 non

309 3923 488 3982 auctoritate
503 3927 607 3982 nostra
621 3923 712 3982 etiam
726 3921 945 3996 interdicimus,
971 3925 1003 3980 ut
1018 3919 1101 3979 nuile
1153 3923 1371 4000 permansisse.
1404 3921 1486 3982 Unda
1510 3921 1598 3980 valde
1613 3935 1783 3986 moeremus,
1800 3921 1826 3978 et
1837 3911 1935 3972 colente

273 4009 387 4074 iemiua
404 4011 480 4072 inibi
492 4013 610 4086 ingredi
624 4029 761 4088 unquam
776 4017 951 4088 presumat,
966 4028 1056 4070 nemo
1070 4011 1101 4069 in
1155 4031 1271 4084 sumus,
1287 4011 1371 4088 quod
1384 4011 1602 4070 monasterium
1615 4012 1647 4070 in
1668 4011 1779 4071 honore
1792 4008 1883 4066 sancta
1902 3997 1935 4054 se

275 4103 383 4159 eodem
397 4103 561 4161 venerabili
574 4104 769 4170 monasterio,
794 4103 842 4160 vel
864 4103 895 4160 in
910 4101 1022 4160 catoris
1037 4103 1102 4173 ejus
1155 4103 1235 4178 pluita
1249 4103 1325 4160 intra
1349 4106 1591 4161 beneventanam
1619 4099 1772 4160 civitatem
1786 4095 1902 4174 positum,
1917 4085 1935 4140 ⁸¹

275 4189 348 4246 locis
361 4190 504 4263 placitum
530 4192 650 4265 babeat,
679 4207 769 4248 namo
785 4207 894 4260 servos,
910 4190 958 4246 vel
977 4190 1101 4246 colonos
1157 4193 1214 4250 sub
1233 4192 1346 4250 ditione
1360 4193 1440 4250 beati
1468 4191 1617 4249 Benedicti
1645 4192 1737 4250 Patris
1762 4185 1933 4246 monachorum

275 4273 316 4336 ad
329 4275 453 4352 aliquod
466 4279 618 4337 servitium
631 4276 784 4352 astringat,
795 4277 853 4336 iilis
864 4285 980 4338 tantum
993 4295 1100 4353 excep·
1115 4273 1138 4329 D
1157 4279 1189 4339 in
1202 4279 1323 4340 Cassino
1337 4287 1439 4339 monta
1451 4279 1610 4339 constituto
1625 4281 1666 4338 ab
1681 4281 1745 4356 ipse
1757 4295 1813 4334 sue
1825 4273 1935 4331 mnsuur

276 4366 312 4422 tis
324 4369 473 4440 personis,
488 4369 599 4442 quibus
619 4370 715 4426 abbas
740 4369 784 4428 ad·
795 4369 952 4426 utilitatem
971 4383 1034 4426 sure
1048 4383 1101 4426 nc·
1157 4371 1245 4428 bonis
1255 4370 1379 4428 exordio
1391 4371 1431 4427 ita
1445 4375 1650 4443 permanente,
1667 4369 1767 4426 vestris
1780 4369 1866 4422 auum
1887 4361 1934 4410 ten·

276 4457 419 4514 cessitalis
430 4473 588 4516 assensum
600 4457 770 4532 prebuerit.
1156 4459 1281 4533 poribus
1293 4459 1435 4516 audacter
1448 4462 1559 4515 statuta
1582 4474 1699 4529 regum,
1725 4461 1753 4513 et
1766 4442 1935 4510 univenoiuffl

310 4546 445 4618 Eligendi
454 4547 511 4604 subi
520 4547 675 4616 abbatem,
696 4549 819 4622 quando
833 4564 910 4622 opus
935 4547 1032 4616 luerit,
1046 4547 1103 4604 ira·
1156 4549 1390 4623 apostolicorum
1404 4549 1538 4606 virorum
1550 4565 1612 4622 prae
1626 4547 1720 4606 occulis
1736 4561 1794 4602 non
1819 4536 1934 4624 habente

275 4639 334 4693 ires
361 4637 437 4694 inter
473 4654 504 4694 se
537 4643 716 4712 potestatem
751 4635 893 4707 habeant,
934 4633 1102 4694 secundum
1154 4637 1343 4710 jamdictum
1358 4636 1700 4694 monasteriumsancte
1715 4617 1935 4708 sophismarum

274 4726 411 4796 regulam
426 4728 520 4785 saneti
534 4728 682 4786 Benedicti
698 4729 761 4785 sine
774 4727 865 4784 ultius
879 4743 1016 4800 personae
1029 4741 1101 4782 oon·
1157 4726 1319 4783 temeritate
1335 4726 1392 4782 sub
1412 4725 1523 4782 ditione
1548 4723 1720 4782 monasterii
1739 4719 1813 4779 beati
1827 4707 1935 4772 Benedicti

276 4814 461 4888 tradietione,
487 4817 611 4891 tibique,
639 4818 744 4874 dilecte
768 4817 810 4872 iiii
839 4817 1016 4884 declamare,
1030 4813 1102 4888 quia
1159 4811 1333 4871 subtrahere
1347 4829 1408 4870 non
1421 4813 1615 4882 formidastis,
1632 4813 1685 4869 sed
1704 4809 1834 4868 eumdem
1846 4807 1935 4858 moues·

276 4906 305 4960 ta
318 4901 396 4959 bena
409 4906 570 4977 eruditum
584 4911 614 4964 et
627 4907 817 4980 eloquentem
836 4906 935 4962 vnum
950 4905 1100 4974 novimus,
1157 4904 1263 4962 terium
1275 4903 1341 4976 jam
1351 4903 1464 4960 dietum
1476 4903 1639 4962 balduinus
1651 4881 1935 4960 reverendissimum·

276 4990 404 5048 verbum
428 4993 479 5049 Dei
505 4995 669 5066 predicare
691 4996 864 5054 auctoritate
892 4995 987 5053 sancti
1017 4995 1100 5065 Petri,
1156 4993 1562 5062 bascanonioaauctoritate,
1576 4978 1935 5064 etregum,etapostoiuu11t

277 5082 307 5138 el
319 5080 523 5152 concedimus,
548 5088 577 5142 et
602 5085 803 5158 precipimus.
829 5085 919 5156 igitur
940 5088 1102 5142 statuentes
1156 5081 1313 5157 praeceptis
1339 5081 1486 5154 legalibus
1509 5081 1699 5140 recollectum
1720 5082 1750 5136 in
1775 5071 1857 5150 ipsius
1868 5063 1934 5122 sancti

277 5169 442 5244 apostolica
461 5187 590 5230 censura
616 5174 807 5230 decernimus
821 5190 874 5248 per
888 5175 979 5246 hujus
993 5173 1103 5230 decreti
1157 5172 1330 5229 monasterii
1356 5171 1467 5229 ditione
1501 5177 1684 5230 revocatum.
1706 5153 1934 5226 Prudeessorict·

275 5259 371 5318 naabi
384 5261 538 5334 paginam,
554 5265 587 5320 ut
599 5262 784 5336 quicumque
792 5263 952 5335 cuiuslibet
967 5262 1102 5320 Ecclesia
1158 5265 1218 5318 tem
1241 5266 1345 5318 nostro
1371 5262 1482 5319 nerino
1508 5259 1648 5336 pontifice
1672 5277 1740 5316 eum
1754 5255 1792 5314 ed
1805 5269 1831 5309 sc
1843 5241 1933 5338 romuli

275 5349 408 5418 antistes,
421 5350 467 5408 vei
479 5367 661 5426 quacunque
676 5351 819 5423 dignitate
834 5353 960 5426 praedita
971 5367 1103 5425 persona
1156 5351 1351 5424 idemipsum
1379 5352 1595 5408 monasterium
1615 5349 1754 5407 insedere
1767 5341 1934 5419 presumpttss

276 5438 356 5494 bano
378 5439 523 5512 privilegii
550 5441 644 5500 nosui
667 5441 884 5511 auctoritatem,
910 5456 1005 5514 quam
1028 5456 1103 5513 prm·
1158 5439 1204 5495 tis.
1231 5439 1343 5495 idcirco
1367 5437 1549 5496 omnimodis
1574 5451 1741 5506 monemus,
1757 5437 1842 5504 0291'0
1858 5416 1933 5516 Chim

277 5527 412 5597 rogativa
451 5529 594 5604 principis
623 5530 830 5604 apostolorum
862 5529 1030 5596 firmamus,
1061 5531 1102 5584 ta·
1158 5528 1477 5600 amoreobseoramus,
1493 5529 1603 5601 utiam
1624 5529 1736 5586 dictum
1761 5513 1933 5579 monasterum

277 5631 395 5676 merare
419 5621 653 5696 presumpserit,
679 5620 737 5678 nisi
758 5620 817 5680 cito
844 5617 1010 5694 resipuerit,
1030 5633 1102 5678 ane-
1157 5617 1301 5692 repetem
1331 5618 1503 5692 supradicto
1529 5618 1633 5678 abbati
1658 5616 1689 5676 in
1712 5615 1819 5686 intono
1840 5595 1932 5664 reddit
