4160 6162
114 97 159 158 297
422 109 424 113 ·
528 91 677 148 EPITOHE
688 83 871 145 uenantum
891 79 919 136 S.
936 76 971 135 ΙΝ
987 79 1176 138 GREG.'JOB.
1191 115 1226 124 —
1239 86 1305 141 ΗΒ.
1320 86 1395 142 xvt.
1765 93 1817 148 298

112 227 198 288 iesus,
214 215 362 290 equitatis
375 215 497 274 nomine
507 213 703 286 designatur?
719 214 759 268 De
769 207 930 284 quosorip-
949 205 973 259 ll
988 202 1098 263 imitari
1121 207 1341 278 contendimus,
1356 211 1430 284 quid
1445 211 1527 270 eliud
1546 225 1641 288 quam
1660 229 1818 286 gressuum

112 318 170 370 tum
184 311 244 366 est:
263 306 344 373 «Qui
358 304 454 363 iectus
469 303 673 378 estsapientia
693 301 782 358 nobis
796 316 815 356 a
829 302 889 356 Deo
904 300 933 354 et
987 294 1052 367 eJ'us
1079 297 1204 367 vestigia
1218 298 1384 371 sequimur,
1416 301 1488 374 quia
1516 307 1651 362 extrema
1677 306 1818 378 quadam

109 399 218 474 justitia
233 397 261 470 (Ι
274 396 342 454 Cor.
359 411 379 466 1,
392 395 446 466 30).
463 417 477 446 s
494 396 564 460 Qum
589 393 700 450 scilicet
720 389 835 465 J‘ustitie
858 387 932 444 dum
988 383 1052 455 ejus
1065 385 1246 458 operationis
1258 387 1437 446 imitamur?
1461 391 1531 448 Haec
1550 392 1631 450 enim
1657 394 1751 450 Patris
1774 394 1820 450 sui

111 489 229 548 inhunc
243 484 392 542 mundum
411 486 515 540 eontra
542 483 605 540 vias
628 485 820 556 peccatorum
841 475 932 543 venit,
988 473 1111 546 vestigia
1123 475 1235 534 Veritas
1250 476 1436 534 admonebat
1456 478 1576 550 imitari,
1593 498 1663 539 cum
1687 474 1818 560 diceret:

112 579 265 652 antiquum
287 575 402 630 bostem
429 573 565 644 vicimus,
585 589 604 630 a
624 589 685 646 quo
708 569 786 644 capti
814 567 935 626 teneba-
990 585 1003 612 a
1032 564 1118 620 Orate
1143 579 1199 638 pro
1227 565 1475 639 persequentibus
1507 573 1536 626 et
1568 570 1821 630 calumniantibus

111 685 185 727 mur.
201 668 242 723 Ac
257 664 282 722 si
305 679 377 734 ergo
395 663 523 720 diceret:
553 661 600 720 Ad
621 659 847 734 redarguendas
870 657 935 714 vias
989 651 1177 718 vostMuttb.
1193 653 1293 724 aii),
1311 675 1325 702 a
1340 653 1507 728 etreliqua.
1524 658 1622 714 Potest
1636 663 1737 716 maren
1751 659 1822 718 bea·
1914 649 1917 654 ’
1952 669 1958 681 ’

111 772 190 816 meas
203 756 394 812 incarnatum
409 751 513 810 Fidum
529 753 635 820 mittat,
651 757 679 809 et
702 756 773 808 tunc
791 746 935 805 insidien-
990 744 1039 797 tus
1051 741 1118 809 lob,
1133 741 1175 798 sie
1188 741 1219 798 in
1239 741 1339 800 futura
1353 744 1527 817 operatione
1549 746 1744 806 incarnandae
1771 752 1821 808 Sa·

112 852 167 904 ιειιι
180 842 388 902 adversarium
401 857 454 916 per
473 841 671 900 absolutionis
691 855 767 898 mere
788 836 936 910 judicium
990 828 1108 901 pientiae
1135 829 1299 901 intendere,
1322 831 1399 890 sicut
1422 849 1479 890 nos
1500 834 1637 907 ejusdem
1665 837 1822 910 sapientias

110 935 195 992 victor
207 929 377 990 excludam.
394 931 548 1004 Sequitur:
988 918 1370 994 jampreeteritaoperepcr
1383 920 1474 980 fldem
1479 923 1625 982 videmus.
1637 925 1728 998 cuius
1736 925 1822 983 nimi-

144 1023 231 1078 Veas.
248 1025 275 1092 8,
291 1025 318 1078 9.
342 1021 377 1077 St
395 1019 436 1076 od
459 1019 601 1076 orientem
620 1019 692 1088 iero,
708 1033 769 1074 oon
792 1018 938 1086 apparea·
991 1007 1247 1090 rumvitamdum
1271 1008 1378 1066 beatus
1404 1011 1460 1068 tob
1487 1029 1618 1088 superno
1647 1015 1755 1090 Spiritu
1779 1031 1824 1072 re·

110 1110 388 1177 riodoccideatcm,
404 1123 464 1165 non
478 1109 648 1180 ictettqcm
674 1119 761 1176 econ
784 1106 811 1162 si
835 1103 876 1161 od
898 1103 937 1159 si·
992 1097 1090 1170 pietus
1115 1097 1240 1156 sollicita
1277 1097 1440 1158 intentione
1477 1104 1670 1178 conspiceret,
1691 1105 1822 1162 laturam

109 1203 244 1261 ciatrem.
275 1198 349 1270 quid
367 1195 483 1269 opem?
509 1212 569 1253 ooo
604 1195 828 1266 apprehendam
860 1207 936 1259 eum,
993 1187 1232 1244 mansuetudinis
1247 1187 1535 1249 illiushumilitatem
1548 1193 1724 1267 previdens.
1737 1195 1824 1270 quasi

109 1291 319 1347 :imovertom
344 1287 385 1344 ad
410 1287 559 1354 dextrum,
576 1301 635 1342 con
663 1285 765 1342 videbo
789 1284 888 1340 illum.
910 1313 937 1321 -
994 1275 1033 1333 ad
1069 1276 1243 1350 exemplum
1281 1277 1338 1335 sibi
1390 1282 1580 1355 propositum
1618 1285 1754 1344 recurrit,
1794 1287 1825 1342 ut

110 1381 228 1436 Creator
242 1375 356 1450 quippe
370 1374 508 1432 omnium
533 1373 565 1430 in
590 1379 675 1448 patre
704 1389 767 1430 non
795 1376 852 1438 cst,
867 1369 940 1444 quia
993 1364 1184 1438 quidquid,in
1208 1366 1266 1422 hac
1290 1367 1351 1424 vita
1365 1375 1475 1440 ageret,
1492 1371 1532 1428 ad
1556 1371 1728 1430 imitationis
1748 1373 1826 1429 illius

110 1467 221 1540 ubique
250 1469 304 1534 est,
335 1469 363 1521 et
388 1468 459 1520 tunc
498 1463 599 1520 minus
627 1461 786 1532 invenitur,
815 1459 939 1534 quando
993 1452 1118 1524 vestigia
1140 1453 1254 1523 ligami-
1279 1455 1318 1511 ΒΘ
1336 1455 1447 1529 quibus
1462 1458 1527 1530 ⁰5⁰⁸
1541 1460 1673 1531 Vesfillfiss
1694 1477 1748 1535 1³0¹*
1776 1463 1826 1518 ΡΘ·

109 1555 198 1630 isqui
212 1559 293 1612 totus
306 1553 419 1628 ubique
434 1557 478 1610 est
501 1552 532 1609 in
546 1555 630 1626 parte
653 1551 805 1626 queritur.
835 1548 938 1624 Sequi·
958 1557 981 1610 Β
995 1545 1075 1598 uum
1089 1541 1213 1599 dicitur:
1229 1543 1390 1600 «Christus
1404 1560 1513 1622 passus
1526 1551 1571 1604 est
1583 1562 1640 1622 pro
1653 1548 1754 1618 nobis,
1775 1565 1827 1606 vo-

109 1649 176 1703 tur:
996 1632 1043 1689 bis
1071 1631 1244 1706 relinquens
1259 1634 1432 1709 exemplum
1450 1641 1483 1692 ut
1508 1637 1679 1710 sequamini
1702 1639 1828 1710 vestigia

144 1734 230 1788 vens.
248 1735 288 1787 ιθ.
306 1731 374 1801 Ipse
401 1745 470 1788 uero
492 1730 547 1786 scit
571 1729 650 1786 ctam
674 1744 779 1786 meoet.
799 1759 834 1768 -
851 1729 892 1783 Ac
917 1723 942 1781 si
996 1721 1061 1794 ejus
1085 1723 1114 1794 (I
1124 1723 1207 1780 Petr.
1219 1739 1249 1791 ιι,
1262 1723 1318 1796 at).
1337 1745 1350 1774 ι
1367 1724 1526 1798 Sequitur:
1548 1727 1630 1784 Viam
1650 1730 1715 1798 qius
1729 1734 1827 1786 casto-

109 1825 214 1895 aperte
229 1819 324 1876 dicat:
348 1818 452 1876 Videre
473 1833 535 1875 non
560 1817 647 1876 valeo
669 1817 821 1875 videntem
840 1831 899 1882 me,
915 1817 944 1871 et
998 1811 1069 1881 dici,
1082 1817 1111 1868 et
1125 1827 1186 1868 noc
1198 1812 1350 1871 testacei
1362 1829 1400 1871 ee
1419 1829 1463 1872 eo.
1480 1845 1514 1856 ——
1536 1815 1672 1874 Custodit
1694 1817 1774 1874 enim
1801 1821 1830 1874 et

109 1927 181 1970 eum
191 1909 246 1984 qui
256 1925 305 1966 me
318 1907 463 1964 subtiliter
471 1908 613 1978 intuetur,
621 1907 795 1964 intuerinon
805 1921 944 1980 possum,
998 1915 1061 1956 non
1084 1899 1223 1969 declinat,
1236 1901 1288 1974 qui
1314 1902 1372 1958 hoc
1384 1902 1438 1958 ubi
1463 1903 1599 1976 intendit,
1614 1911 1773 1980 operatur;
1801 1910 1831 1963 ot

107 2005 142 2058 nt
150 1997 295 2055 videlicet
304 1996 443 2054 ostendat
459 1996 532 2069 quia
546 1999 630 2052 tanto
649 1995 766 2052 caudas
780 1993 945 2052 lormidan-
1001 1986 1149 2047 custodire
1162 1988 1274 2062 quippe
1287 2005 1340 2062 per
1354 1989 1549 2050 intentionem
1564 1998 1618 2065 est,
1626 2011 1688 2052 non
1700 1995 1831 2053 declina·

107 2085 249 2154 dus'est‚
266 2089 382 2158 quanto
406 2073 618 2157 conspicabilis
637 2099 699 2140 non
721 2085 776 2139 est.
791 2082 847 2149 Qui
867 2082 948 2138 euim
1002 2091 1033 2132 re
1052 2091 1106 2150 per
1119 2077 1334 2150 operationem.
1352 2079 1421 2136 Haec
1441 2095 1574 2155 namquo
1596 2088 1641 2141 est
1663 2083 1831 2142 sollicitudo

106 2175 151 2233 ite
167 2189 228 2230 nos
238 2172 354 2245 aspicit,
367 2171 525 2228 utanobis
536 2170 629 2244 aspici
646 2174 786 2244 nequeat,
797 2186 833 2227 εο
851 2169 949 2240 magis
1002 2165 1163 2238 justorum,
1181 2171 1214 2222 ut
1225 2171 1310 2224 actus
1323 2184 1394 2224 suos
1411 2169 1545 2242 quotidie
1557 2173 1645 2243 juxta
1654 2174 1720 2230 vias
1732 2175 1835 2231 verita·

108 2261 271 2322 timendus
282 2265 335 2328 est,
354 2277 416 2334 quo
438 2265 546 2317 cuncta
566 2259 671 2318 videns
681 2260 805 2317 minime
821 2259 949 2316 videtur.
1004 2255 1041 2312 tis
1055 2256 1237 2326 examinent,
1253 2261 1342 2314 eteas
1357 2257 1414 2315 sibi
1425 2258 1457 2315 in
1472 2261 1607 2331 regulam
1621 2267 1835 2337 proponentes,

109 2353 222 2411 Aliter:
240 2350 285 2407 Ad
298 2350 443 2408 orientem
453 2350 566 2424 quippe
581 2349 670 2420 imus,
681 2366 751 2407 cum
768 2354 899 2408 mentem
919 2349 950 2406 in
1005 2344 1222 2402 arectitudiuis
1236 2362 1342 2404 cerum
1355 2347 1472 2406 tramite
1485 2364 1546 2406 non
1561 2350 1719 2409 declinent.
1738 2351 1839 2425 sequi-

111 2439 359 2499 consideratione
376 2439 540 2510 maiestatis
556 2439 621 2510 ejus
635 2437 808 2508 attollimus,
823 2438 951 2496 sednon
1006 2437 1070 2490 tur:

111 2533 255 2604 apparet,
266 2528 337 2604 quia
349 2528 446 2602 qualis
457 2528 603 2586 innatura
614 2545 669 2586 sna
681 2533 735 2600 est,
744 2545 762 2586 a
772 2529 951 2600 cogitatione
1042 2525 1125 2581 Vnus.
1144 2528 1186 2580 ll.
1200 2527 1225 2578 Δ
1236 2526 1389 2584 mandatis
1404 2527 1553 2586 labiorum
1567 2532 1632 2600 ειυε
1646 2546 1707 2589 noe
1721 2529 1837 2590 recessi.

113 2617 241 2677 mortali
256 2617 351 2676 videri
366 2632 428 2675 non
441 2617 592 2691 praevalet.
604 2617 649 2674 Ad
658 2617 844 2675 occidentem
862 2617 952 2685 imus,
1006 2644 1043 2654 —
1071 2613 1151 2672 Sicut
1175 2613 1252 2672 bene
1280 2615 1481 2690 obsequentes
1515 2619 1621 2678 samarii
1646 2621 1839 2681 dominorum

113 2725 185 2766 oum
208 2705 364 2764 subletum
383 2705 561 2778 [sublatum]
581 2707 610 2764 io
632 2709 691 2762 Deo
708 2707 806 2764 cordis
821 2706 954 2775 oculum,
1009 2718 1134 2760 suorum
1148 2703 1278 2760 ιιιιιίιιυε
1293 2721 1411 2779 semper
1434 2707 1538 2765 intenti
1564 2714 1645 2778 sunt,
1660 2717 1692 2768 ut
1716 2729 1751 2770 ea
1772 2729 1840 2787 que

111 2798 167 2856 sed
177 2796 589 2872 ipsaimmensitateluminis
597 2797 832 2866 reverberatum,
842 2797 880 2855 ed
888 2811 957 2854 nos·
1011 2792 1206 2866 praeceperint
1219 2793 1317 2850 festini
1326 2795 1461 2866 audiant,
1473 2802 1501 2853 et
1510 2797 1635 2872 implere
1648 2803 1842 2868 contendant,

108 2887 271 2960 metipsos
280 2885 465 2953 reducimus,
478 2888 507 2942 et
521 2885 625 2942 lassati
634 2884 779 2942 discimus
797 2901 887 2958 super
901 2900 958 2942 nos
977 2904 998 2960 C
1013 2882 1214 2954 sicjustorum
1229 2889 1346 2941 mentes
1363 2899 1418 2958 ρει
1432 2885 1627 2945 intentionem
1644 2905 1732 2948 suam
1747 2889 1844 2948 omnl-

110 2977 204 3037 velde
215 2974 384 3049 essequod
398 2973 621 3048 querebamus,
642 2979 775 3031 nostram
796 2973 959 3032 mortalita·
1014 2971 1126 3045 potenti
1143 2971 1270 3028 Domino
1282 2972 1437 3044 assistunt,
1450 2979 1540 3049 atque
1553 2976 1582 3031 in
1607 2978 1759 3050 Scriptura
1781 2979 1846 3050 ejus

112 3072 178 3126 tem
188 3063 434 3134 considerantes,
441 3061 583 3134 indignos
593 3079 649 3120 nos
664 3061 765 3120 adhuc
777 3078 843 3120 esse
858 3063 962 3136 depre·
1015 3057 1103 3132 quasi
1118 3074 1152 3116 oe
1180 3059 1246 3130 eius
1259 3060 1423 3130 intuentur,
1439 3065 1472 3118 ut
1494 3062 1567 3136 quia
1593 3079 1647 3137 per
1670 3081 1738 3122 eam
1769 3069 1847 3122 [teus

112 3155 302 3222 bendimus,
324 3153 377 3227 qui
400 3152 656 3210 immortalitatem
675 3151 778 3210 videre
795 3151 960 3210 valeamus.
1016 3147 1149 3221 loquitur
1162 3149 1349 3222 omnequod
1373 3149 1447 3221 vult,
1462 3154 1545 3209 tento
1566 3152 1752 3211 avoluntate
1781 3155 1847 3227 ejus

114 3245 164 3301 Ad
180 3243 343 3300 sinistram
368 3240 420 3309 ire,
438 3244 482 3298 est
499 3244 692 3316 peccatorum
715 3239 963 3298 delectationibus
1017 3253 1080 3294 non
1094 3237 1277 3310 discrepant,
1286 3243 1401 3312 quanto
1411 3239 1550 3298 eamdem
1565 3241 1748 3300 voluntatem
1759 3243 1847 3310 illius,

113 3333 308 3392 consentire.
319 3333 353 3387 Et
366 3330 509 3388 nimirum
524 3329 842 3404 constat,quia1)eum
859 3345 964 3404 appre·
1018 3327 1214 3400 eiuseloquio
1229 3333 1408 3399 agnoscunt.
1425 3330 1582 3404 Sequitur:
1599 3333 1682 3389 utin
1703 3335 1771 3391 sinc
1786 3349 1849 3391 meo

115 3424 263 3481 bendere
277 3435 342 3477 non
357 3419 442 3490 valet,
458 3419 512 3494 qui
526 3420 625 3478 adhuc
638 3419 669 3478 in
683 3419 879 3478 delectatione
894 3435 963 3494 pec·
1019 3417 1162 3474 abscondi
1176 3417 1336 3475 verbeces
1351 3421 1425 3490 ejus.
1441 3451 1476 3462 -
1491 3423 1522 3476 tn
1534 3419 1603 3476 sicu
1628 3422 1737 3479 etenim
1752 3423 1851 3480 cordis

116 3514 179 3570 cati
193 3527 256 3586 per
272 3509 425 3566 sinistram
437 3510 526 3582 jacet.
544 3513 575 3566 in
590 3509 743 3568 dexteram
765 3509 965 3584 proculdubio
1021 3505 1112 3564 verba
1135 3506 1195 3563 oris
1222 3507 1287 3578 ejus
1314 3508 1540 3583 abscondimus,
1556 3512 1681 3585 quarrdo
1707 3513 1852 3570 mandata

115 3601 266 3670 vertitur,
282 3598 335 3674 qui
349 3599 387 3656 de
402 3598 561 3656 virtutibus
575 3598 718 3668 elevatur,
735 3599 789 3657 sed
812 3603 907 3658 ileum
922 3598 965 3655 vi·
1021 3594 1086 3665 eius
1099 3608 1162 3650 non
1176 3594 1354 3664 transitorie,
1365 3595 1419 3653 sed
1429 3597 1583 3672 implenda
1599 3615 1689 3674 opere
1699 3601 1851 3658 audimus.

115 3691 194 3749 dere
210 3704 282 3747 non
297 3687 386 3754 valet,
400 3687 453 3760 qui
464 3687 581 3762 privata
593 3687 694 3748 latua
703 3688 838 3746 debonis
849 3687 966 3745 actibus
1021 3683 1095 3740 Hinc
1110 3687 1154 3740 est
1168 3683 1249 3740 enim
1261 3685 1345 3757 quod
1373 3685 1412 3742 de
1433 3686 1501 3759 ipsa
1523 3691 1619 3745 matre
1633 3690 1752 3762 Virgine
1781 3691 1853 3749 scri·

117 3780 259 3853 gaudet,
276 3776 349 3851 quia
360 3777 391 3832 in
404 3793 439 3834 eo
455 3775 553 3834 cordis
572 3776 695 3834 oculum
709 3781 809 3834 tumor
832 3775 968 3834 elationis
1023 3778 1109 3846 ptum
1121 3776 1184 3829 est:
1200 3795 1214 3824 ιι
1226 3775 1316 3832 Maria
1330 3779 1432 3832 autem
1456 3778 1654 3835 conservabat
1673 3781 1776 3837 omnia
1790 3797 1855 3838 ver-

115 3867 256 3945 premit.
274 3867 342 3936 lpse
360 3867 415 3922 erit
439 3868 518 3923 vtum
535 3880 641 3934 meam,
657 3881 693 3923 ac
717 3865 741 3922 si
763 3870 899 3941 patenter
927 3865 970 3922 di·
1023 3859 1064 3918 ba
1077 3861 1142 3917 haec
1157 3861 1314 3918 conterens
1327 3862 1358 3918 in
1372 3862 1462 3918 corde
1478 3879 1534 3920 suo
1555 3865 1638 3935 (Luc.
1658 3883 1689 3939 rr,
1707 3868 1788 3940 19).»
1808 3872 1856 3925 Se-

116 3965 171 4017 cat
188 3975 196 4014 :
216 3959 288 4026 Ego
308 3969 358 4010 me
381 3955 409 4010 et
427 3953 557 4010 disbicte
579 3951 716 4025 discutio,
738 3959 767 4014 et
794 3959 897 4014 minen
922 3954 971 4012 ille
1024 3948 1148 4022 <luituri

114 4061 227 4124 quem
240 4041 349 4098 videre
362 4057 424 4098 non
435 4040 617 4112 valeo,videt
627 4041 773 4100 subtiliter
783 4047 892 4101 cuncta
903 4059 972 4117 qum
1045 4037 1597 4107 vrasdalpseenimrelucescetccmo
1607 4041 1859 4118 aduerterepotest

117 4151 199 4208 ago.
222 4129 384 4204 Sequitur:
402 4131 440 4187 lit
450 4130 592 4202 probabit
606 4145 651 4189 me
664 4133 753 4204 quaet
769 4147 880 4190 comm
893 4133 974 4206 quod
1026 4126 1864 4206 eopitottooemejus.-Nunquidnanrrrerrsuntangeliho.

113 4241 181 4300 per
193 4225 307 4298 ignem
320 4221 440 4278 ticam,
454 4251 489 4262 -
500 4225 614 4278 Aurum
629 4221 660 4278 in
674 4219 795 4280 fornace
805 4223 843 4280 cd
858 4228 972 4281 nattum
992 4255 1015 4311 D
1029 4214 1138 4284 mines,
1148 4214 1387 4286 ooelumetterra‚
1401 4221 1487 4275 aeret
1496 4219 1590 4276 maria
1600 4268 1604 4288 ,
1616 4224 1862 4283 ιιιυειειοιιιιὶΙιυ

118 4331 191 4374 31,ae
238 4309 409 4368 almitatem
443 4308 572 4384 proficit,
610 4310 684 4368 dum
723 4315 816 4369 sortes
855 4312 972 4372 amittit.
1030 4309 1058 4362 et
1069 4305 1281 4380 quadrupedia
1291 4311 1381 4381 atque
1395 4309 1566 4382 serpentia?
1582 4313 1614 4368 Et
1627 4315 1703 4370 certe
1717 4315 1862 4390 scriptum

120 4403 227 4471 Quasi
244 4413 358 4458 aurum
379 4413 462 4470 ergo,
475 4397 559 4473 quod
580 4415 635 4474 per
655 4399 756 4474 ignem
780 4401 894 4472 transit,
909 4417 977 4476 pro
1031 4401 1086 4454 est:
1095 4417 1108 4446 s
1121 4395 1485 4456 Creavitutessentomnia
1495 4400 1578 4471 (Sap.
1589 4403 1692 4474 atti.»
1706 4405 1781 4462 cum
1792 4423 1863 4478 ergo

120 4495 226 4553 batur
243 4489 353 4548 anima
364 4489 529 4562 justorum,
542 4489 654 4562 quibus
676 4491 833 4549 extistione
855 4492 978 4550 tribula·
1032 4494 1381 4554 inrerumoreaturatam
1389 4497 1614 4568 multasint‚cur
1626 4501 1706 4560 beati
1722 4503 1778 4560 viri
1791 4519 1864 4560 voco

122 4583 226 4643 tionis
244 4583 280 4638 et
303 4577 521 4636 subtrabuntur
543 4578 625 4648 vitio,
641 4582 670 4636 et
695 4579 801 4639 merita
819 4586 978 4654 augentur.
1033 4600 1115 4641 nunc
1123 4583 1306 4656 dicitur,ipse
1317 4587 1394 4643 enim
1408 4589 1489 4643 sotus
1500 4591 1564 4644 est?
1576 4589 1632 4645 Sed
1647 4590 1778 4648 aliudest
1788 4609 1865 4664 esse,

125 4672 307 4747 Sequitur:
1034 4673 1867 4752 aliudprincipaliteresse‚aliudmutabiiiteratquealiud

164 4763 267 4828 Vens,
287 4756 329 4813 ll.
345 4757 473 4830 Vesticio
488 4759 553 4829 ejus
575 4765 692 4816 secatus
706 4765 748 4818 est
768 4775 820 4831 pes
839 4777 930 4819 meas.
946 4793 981 4804 -
1035 4761 1260 4819 immutabiliter
1267 4777 1342 4819 esse.
1352 4763 1868 4845 Suutenimhaeoomniasedprinci·

125 4849 233 4921 Quasi
249 4845 384 4921 quidam
396 4861 529 4919 namque
542 4847 591 4905 bei
601 4862 721 4918 gressus
735 4853 814 4918 sunt,
825 4849 897 4923 ipsa
905 4866 983 4924 quas
1037 4851 1214 4926 paliternon
1225 4855 1304 4920 sunt,
1316 4852 1389 4926 quie
1399 4853 1430 4909 in
1446 4854 1613 4929 semetipsis
1628 4856 1752 4917 minime
1770 4861 1868 4921 subsi-

126 4941 305 5002 cernimus
319 4937 385 5008 eius
399 4936 599 5010 operationes,
614 4937 726 5012 quibus
741 4938 840 4996 bonus
855 4941 984 5014 quisque
1039 4943 1129 5008 stunt,
1141 4943 1170 4996 et
1179 4939 1338 4997 nisimanu
1349 4940 1545 5012 gubernantis
1557 4947 1725 5019 tencantur,
1738 4937 1803 5010 asse
1817 4967 1869 5008 ne-

125 5031 314 5103 mulusque
326 5025 448 5098 regitur,
456 5025 567 5100 quibus
577 5028 649 5100 justi
659 5027 821 5102 injustique
834 5031 895 5087 suis
907 5029 986 5088 ordi-
1040 5045 1197 5104 quaquam
1210 5035 1348 5104 possunt.
1363 5032 1437 5090 Hinc
1452 5034 1533 5091 enim
1548 5036 1586 5093 ad
1598 5039 1729 5112 Moysem
1744 5039 1869 5096 dicitur:

127 5121 234 5180 nibus
250 5116 470 5188 disponuntur,
486 5115 597 5190 quibus
610 5115 988 5193 etsubjeetusquisquead
1042 5123 1130 5191 «Ego
1146 5137 1214 5176 sum
1228 5121 1281 5194 qai
1296 5137 1375 5179 sum.
1388 5143 1403 5173 s
1431 5125 1482 5181 at:
1509 5126 1591 5194 «Qui
1616 5133 1663 5184 est
1677 5127 1756 5184 misit
1770 5143 1818 5182 me
1832 5125 1873 5181 ad

128 5209 280 5270 meliora
288 5203 423 5278 quotidie
435 5205 602 5272 ducitur,et
619 5205 767 5266 adversus
782 5208 822 5264 ad
842 5207 989 5266 deteriora
1042 5225 1099 5266 vos
1110 5209 1327 5284 (moderati),
1340 5235 1355 5262 ι»
1370 5213 1580 5284 cogitationem
1600 5217 1712 5288 quippe
1727 5214 1791 5283 eius
1806 5213 1873 5273 nul-

129 5311 301 5360 eorruens
315 5293 465 5353 toleratur.
481 5298 522 5352 lle
536 5295 648 5368 quibus
667 5296 811 5354 nimirum
836 5298 990 5368 gressibus
1045 5298 1393 5373 lusavertit,quianemo
1403 5305 1539 5362 resistere
1550 5305 1614 5376 ejus
1626 5300 1875 5376 occidtisJudioiis

128 5385 309 5462 Propheta
323 5381 464 5440 dicebat:
495 5382 584 5439 ‹Visi
611 5387 681 5440 sunt
697 5401 818 5455 gressus
842 5385 896 5454 tui,
912 5388 990 5442 Deus
1046 5389 1196 5464 praevalet.
1212 5393 1284 5447 Nam
1302 5395 1330 5449 et
1346 5394 1369 5449 si
1380 5393 1506 5466 quidam
1519 5391 1713 5464 luerunt,qui
1725 5391 1762 5450 de
1774 5410 1877 5469 preca-

132 5477 248 5548 (Psoi.
259 5488 353 5542 nxvrr,
367 5473 425 5544 25).
438 5493 453 5522 a
466 5473 525 5528 Nos
539 5471 640 5545 itaque
655 5489 725 5532 cum
737 5475 876 5532 virtutem
891 5473 994 5548 longa·
1048 5477 1180 5536 tionibus
1188 5480 1251 5537 suis
1265 5481 1330 5553 ejus
1345 5480 1555 5551 cogitationem
1569 5477 1729 5540 advertisse
1743 5484 1877 5542 videren-

130 5561 528 5638 nimitatisatquspietatis
541 5561 606 5634 ejus
624 5562 787 5633 intuemur,
801 5569 830 5624 et
842 5566 992 5624 intuentes
1048 5571 1106 5636 tur,
1117 5567 1410 5640 italuitejusinterna
1416 5567 1564 5637 cogitatio,
1581 5573 1609 5625 ut
1623 5573 1800 5628 sententiam
1813 5573 1878 5644 ejus

313 5651 428 5708 Ριιιιοι
448 5649 581 5708 Clllllllll.
1705 5659 1736 5711 ιο
