4160 6162
241 160 293 213 267

766 147 794 201 S.
816 143 944 200 obedis
963 139 1110 195 labaris
1130 139 1382 195 ‹teudiscaitsts
1401 138 1422 192 ll

1901 132 1955 186 268

241 279 417 351 receperunt
441 277 535 341 (toan.
563 289 581 342 1,
609 272 661 342 it).
681 294 694 320 ι)
723 269 804 324 ,ideo
826 267 938 339 quippe
966 263 1071 318 iratres
1087 263 1110 315 Α
1127 277 1242 328 sumus,
1267 267 1295 316 ut
1322 261 1410 317 creati
1424 275 1476 331 ρετ·
1499 256 1606 312 sucula
1631 254 1855 327 producamur?
1878 253 1955 307 Deus

241 369 329 437 longe
343 365 409 421 sacti
423 367 501 430 sunt,
518 365 546 417 et
559 361 621 416 noti
636 362 832 427 recesserunt,
850 356 922 430 quia
937 358 1071 410 tenentes

241 456 336 525 legem
351 451 528 524 prophetare
544 449 657 506 ilcbrrai
672 451 828 516 noverant,
844 451 871 499 et
891 445 1069 516 praesentem

241 541 364 599 minime
378 539 644 610 recognoscebant.
662 537 743 593 Unde
760 541 788 591 ct
800 539 877 590 recte
893 533 1019 588 dicitur:

276 653 360 705 Vens.
378 651 420 703 tt.
436 649 475 703 bt
490 647 722 717 'dereliquerunt
748 659 793 700 ree
813 641 980 712 propinqui
1002 639 1067 700 enei,

242 741 332 812 etqui
345 754 391 794 me
405 741 551 793 nocerent
563 736 649 791 obliti
656 741 725 790 stent
737 735 802 790 rner'.
815 729 949 787 ---tndaei
961 729 1069 784 etenim

241 827 404 903 propinqui
418 841 472 899 ρετ
492 839 624 895 carnem,
649 824 712 879 noti
736 839 789 896 per
811 821 883 888 legis
901 817 1069 874 instructio-

242 933 323 988 nem,
337 915 425 988 quasi
437 914 519 970 obliti
535 916 604 968 strat
619 929 709 984 quem
719 911 984 984 prophetaverunt,
996 907 1070 961 dum

244 1023 313 1064 eum
326 1009 354 1061 et
367 1003 587 1061 incarnandum
600 1002 699 1058 verbis
715 1002 787 1070 legis
807 1001 955 1068 canerent,
981 999 1009 1050 et
1028 994 1070 1050 in-

244 1095 432 1153 carnandum
446 1092 542 1149 verbis
557 1091 689 1165 perfidiae
703 1094 855 1159 negarant
874 1087 1011 1159 Sequitur
1027 1101 1033 1138 :

280 1223 367 1277 t'ans.
387 1225 429 1275 tii.
445 1219 595 1290 raperent
608 1217 712 1272 dornus
727 1231 799 1272 reete
818 1223 846 1271 et
863 1213 984 1270 ancittae
998 1226 1071 1267 caete

244 1311 462 1368 sieutelienutn
478 1307 646 1363 babuerunt
668 1323 721 1362 me.
748 1338 782 1344 -
802 1301 939 1376 lnquilini
962 1300 1071 1354 domus

244 1399 295 1456 Dei
309 1399 427 1453 lucrant
438 1395 616 1464 sacerdotes
630 1411 760 1468 quorum
774 1393 858 1464 origo
874 1391 903 1446 in
919 1389 969 1446 Dei
984 1387 1071 1444 servi-

244 1489 295 1559 tio,
310 1487 487 1559 deputatum
500 1486 564 1556 jam
585 1483 793 1558 per-officium
815 1483 846 1538 in
869 1478 1070 1536 conditionem

1125 365 1206 419 ergo,
1222 349 1274 422 qui
1287 353 1387 406 manet
1400 352 1467 404 auito
1485 345 1604 412 sarcula,
1629 343 1699 399 uteri
1717 343 1760 397 sui
1788 341 1866 396 lilios
1888 357 1954 397 ora-

1125 438 1174 509 vit,
1197 439 1269 511 quia
1292 454 1343 494 eos
1365 453 1443 510 quos
1458 441 1594 509 potenter
1608 449 1661 506 per
1676 431 1851 502 dignitatem
1868 446 1954 486 suam

1125 527 1258 584 condidit
1272 527 1444 584 incarnatus
1459 524 1579 580 sarriens
1594 520 1744 578 humiliter
1761 519 1889 589 rogarit
1906 521 1955 574 Se—

1124 616 1249 688 quitur:

1159 707 1242 760 vaes.
1261 708 1302 759 t8.
1318 705 1413 760 Stattr'
1423 716 1537 773 qrtoque
1551 699 1750 770 despiciebant
1772 713 1826 754 me.
1847 729 1878 736 -
1904 699 1955 754 Sa-

1124 793 1274 865 pientibus
1290 793 1451 850 averitatis
1467 790 1526 846 tide
1537 788 1724 854 cadentibus,
1742 792 1819 844 recte
1834 785 1872 842 de
1886 785 1955 842 stul·

1124 882 1161 938 tis
1176 882 1295 937 additur
1309 897 1441 953 quoque,
1463 879 1514 950 qui
1537 880 1610 933 durn
1632 876 1770 934 Pharisaei
1795 875 1955 931 Dominum

1126 986 1160 1024 ac
1185 968 1345 1040 legisperiti
1368 968 1566 1038 despicerent,
1589 981 1691 1020 eorum
1718 963 1955 1020 increduiitatem

1126 1057 1213 1113 etiarn
1227 1057 1332 1130 populi
1347 1057 1393 1112 sui
1408 1056 1496 1112 turba
1511 1059 1611 1110 secuta
1624 1059 1677 1123 est,
1689 1070 1757 1125 quaa
1773 1053 1802 1108 in
1822 1069 1859 1108 eo
1873 1051 1957 1124 quod

1125 1146 1279 1202 bominem
1295 1146 1377 1215 vidit,
1390 1143 1594 1216 liedemptoris
1608 1143 1714 1199 mundi
1722 1142 1957 1214 praedicamenta

1126 1234 1271 1306 despexit.
1289 1234 1444 1306 Sequitur:
1461 1235 1500 1288 Et
1521 1249 1586 1289 cam
1602 1233 1640 1289 ab
1656 1234 1696 1288 ets
1715 1233 1893 1288 recessissem
1910 1231 1956 1286 de-

1128 1324 1287 1380 trahebant
1313 1324 1396 1378 rediit.
1423 1321 1569 1387 -Quasi
1599 1320 1762 1376 accedebat
1782 1319 1895 1393 quippe
1920 1319 1957 1376 ad

1128 1412 1220 1468 corda
1233 1413 1416 1486 populorum
1428 1412 1584 1478 dominus
1601 1427 1669 1467 cum
1685 1411 1728 1466 eis
1752 1409 1896 1466 miracula
1909 1408 1959 1464 de-

1127 1507 1317 1565 monstraret,
1334 1509 1361 1558 et
1376 1503 1464 1574 quasi
1488 1501 1656 1569 recedebat,
1680 1516 1751 1556 eum
1769 1499 1853 1554 nulla
1872 1499 1959 1568 signa

243 1577 409 1636 tenebatur.
423 1574 543 1630 ancillae
558 1578 657 1630 autem
674 1571 891 1628 nonimmerito
907 1567 1072 1666 intelligam
1089 1613 1109 1667 Β
1127 1593 1303 1649 ostend&
1332 1593 1388 1647 Sed
1413 1592 1561 1647 recedenti
1589 1590 1714 1646 Domino
1750 1589 1957 1652 ,jambam

245 1673 292 1726 tur
302 1665 458 1724 levitarum
474 1663 582 1720 anima
598 1663 638 1718 ad
653 1667 766 1718 secreta
781 1657 974 1728 tabernaculi,
986 1673 1072 1730 quasi

245 1757 285 1814 ad
299 1753 438 1812 interiora
454 1751 559 1808 cubilis
572 1751 748 1806 familiarius
764 1749 931 1809 servientes,
956 1743 1009 1818 qui
1029 1744 1072 1798 in-

244 1847 402 1904 carnatum
440 1839 609 1906 Dominum,
643 1855 734 1912 quem
771 1835 887 1894 dudum
919 1850 971 1908 per
998 1831 1072 1903 legis

244 1934 337 1992 verba
359 1931 568 2006 predixerant,
595 1945 773 1998 cognoscere
799 1943 833 1982 ac
862 1923 996 1981 venerari
1018 1939 1071 1978 no-

244 2023 372 2080 luerunt.
390 2021 541 2094 Sequitur:
557 2021 596 2076 Et
613 2019 882 2092 quesipereprinus
897 2016 946 2086 fut
961 2016 991 2070 in
1007 2029 1073 2069 oru-

247 2114 282 2170 lis
295 2127 405 2168 eorum.
422 2142 456 2150 —
470 2109 649 2183 Redemptor
663 2108 770 2164 etenim
787 2111 886 2162 noster
901 2104 1003 2160 duma
1018 2105 1070 2175 Sy-

244 2216 366 2272 nagoga
379 2199 515 2270 cognitus
527 2215 589 2255 non
604 2203 657 2268 est,
672 2197 701 2254 in
715 2197 807 2252 domo
823 2211 877 2252 sua
890 2193 977 2266 quasi
992 2209 1073 2266 pere-

245 2289 348 2362 grinus
363 2288 479 2344 exstitit.
498 2287 583 2354 Quod
597 2291 698 2360 aper-tc
714 2285 861 2358 propbeta
881 2286 1006 2338 testatur
1030 2280 1072 2336 di-

244 2397 315 2438 cens
332 2397 338 2434 :
354 2380 474 2446 «Quare
488 2376 563 2433 sicut
576 2375 701 2432 colonus
717 2375 833 2428 iuturus
846 2389 878 2427 cs
890 2371 921 2426 ia
941 2374 1027 2436 terra,
1045 2374 1073 2425 ct

244 2469 330 2541 quasi
343 2468 438 2522 viator
452 2465 606 2520 declinans
621 2465 660 2519 ad
675 2461 885 2518 manendum?
902 2483 915 2509 τι
928 2459 1000 2530 (der.
1013 2475 1070 2526 xiv,

245 2559 282 2627 S).
299 2555 458 2626 Sequitur:

278 2663 361 2716 Vens.
381 2659 421 2714 16.
438 2659 565 2714 Servent
577 2671 673 2714 meunt
695 2657 807 2725 eoeoei,
821 2660 847 2712 et
873 2671 934 2712 troc
954 2669 1072 2723 respon-

242 2751 297 2806 dit.
318 2779 352 2789 -
376 2746 452 2810 Quid
466 2746 547 2802 enim
565 2745 705 2802 iudaicus
721 2744 851 2816 populus
865 2743 929 2812 luit,
944 2743 999 2800 nisi
1015 2761 1072 2800 ser-

241 2854 309 2908 vus,
325 2836 454 2910 quinon
480 2851 583 2892 amore
607 2833 660 2888 lilii
687 2833 909 2906 obsequebatur
934 2834 1070 2900 bomine,

1127 1689 1392 1745 cumamiraculis
1413 1687 1578 1760 quiescenti
1603 1687 1736 1760 praebere
1759 1684 1851 1740 iidem
1874 1684 1958 1740 nole-

1126 1776 1209 1833 hant.
1226 1777 1363 1849 Sequitur
1379 1795 1385 1831 :

1162 1868 1245 1921 Veas.
1265 1867 1305 1922 ts.
1323 1866 1496 1921 decedenti
1509 1869 1579 1920 aurit
1591 1878 1637 1919 me
1652 1863 1800 1934 quondam
1817 1863 1957 1918 consilio·

1127 1957 1167 2011 rii
1180 1958 1240 2012 mei
1253 1961 1378 2026 atquem
1394 1956 1526 2010 moriere
1539 1954 1700 2024 arriperem
1723 1953 1900 2010 adversatus
1917 1959 1958 2006 est

1126 2047 1210 2102 initi.
1227 2078 1260 2085 —
1276 2044 1385 2100 Scribas
1400 2044 1502 2116 itaque
1518 2048 1546 2098 et
1560 2043 1633 2112 legis
1656 2043 1794 2098 doctores
1817 2043 1869 2114 qui
1892 2057 1957 2096 eru-

1127 2133 1326 2206 dircpopulos
1349 2133 1387 2188 ad
1412 2133 1505 2187 vitam
1530 2134 1757 2196 consueverant,
1782 2131 1855 2202 quid
1878 2129 1958 2184 aliud

1127 2237 1220 2294 quam
1233 2221 1348 2276 venturi
1360 2220 1568 2292 Redemptoris
1578 2219 1738 2275 consiliarii
1750 2217 1871 2274 fuerunt
1881 2221 1895 2274 ‘t
1906 2219 1957 2282 Qui

1127 2310 1317 2366 tumendum
1339 2309 1527 2365 incarnatum
1555 2308 1715 2364 Dominum
1739 2308 1957 2380 conspicerent,

1126 2399 1257 2455 consiliis
1275 2399 1337 2453 suis
1353 2398 1462 2453 multos
1474 2397 1513 2453 ab
1528 2395 1841 2468 ejusfidediviserunt,
1852 2413 1958 2470 quam-

1126 2488 1172 2543 vis
1187 2487 1270 2560 prius
1286 2487 1326 2542 ad
1350 2487 1534 2542 credendum
1556 2485 1793 2542 incarnationem
1816 2487 1882 2557 eius
1907 2503 1958 2558 per

1127 2576 1344 2648 prophetarum
1361 2575 1453 2631 verba
1479 2575 1590 2631 multos
1615 2575 1753 2632 docuisse
1776 2574 1955 2632 viderentur.

1128 2669 1194 2738 ipse
1209 2665 1288 2720 enim
1304 2665 1379 2720 ordo
1392 2665 1538 2720 suadente
1558 2664 1682 2737 pertidia
1710 2680 1728 2720 a
1748 2662 1808 2720 fide
1828 2666 1957 2720 veritatis

1127 2770 1251 2811 aversus
1266 2758 1319 2822 est,
1333 2753 1384 2826 qui
1397 2754 1480 2825 prius
1495 2753 1524 2809 in
1539 2753 1642 2808 labore
1665 2753 1887 2824 predicationis
1903 2769 1957 2808 ser·

1128 2845 1213 2900 vieus
1228 2844 1360 2900 maxime
1375 2843 1564 2914 diligebatur.
1581 2843 1719 2916 Sequitur
1735 2859 1741 2896 ε

242 2928 295 2986 sed
313 2928 416 2984 timore
427 2926 550 2984 servili?
564 2927 628 2992 Quo
644 2929 747 2982 contra
761 2924 850 2980 nobis
870 2941 923 2997 per
947 2923 1070 2980 Paulum
1087 2964 1108 3018 c
1162 2936 1247 2989 vens,
1263 2936 1307 2988 ιο,
1322 2933 1401 2988 Perti
1411 2947 1481 2988 rnre
1495 2934 1677 3001 consumptis
1693 2932 1834 2988 carnibus
1856 2934 1957 2989 adte-

241 3017 369 3074 dicitur:
394 3039 408 3066 τ(
424 3020 489 3074 Νοιι
503 3014 659 3088 accepistis
686 3013 824 3086 spiritum
849 3012 996 3070 servitutis
1021 3013 1071 3070 ite·
1125 3023 1164 3077 sp
1179 3037 1210 3078 03
1224 3037 1331 3077 meum,
1346 3051 1381 3062 .-
1395 3025 1427 3076 tn
1448 3037 1517 3076 osse
1530 3019 1681 3090 tortitudo,
1698 3020 1728 3075 in
1747 3021 1889 3077 carnibus
1911 3037 1957 3077 vg.

240 3123 308 3166 rum
343 3107 373 3162 in
401 3105 519 3173 timore,
547 3103 600 3160 scd
630 3103 767 3176 spiritum
800 3101 969 3174 adoptionis
996 3101 1070 3158 lilio-
1124 3127 1160 3166 ro
1185 3109 1343 3166 infirmitas
1375 3111 1508 3182 corporis
1547 3110 1730 3180 designatur.
1760 3110 1835 3176 Quia
1869 3112 1958 3181 igitur

239 3213 319 3262 rum,
344 3196 375 3254 in
399 3213 460 3268 quo
485 3195 653 3250 clamamus
670 3211 676 3248 ι
693 3192 788 3260 Abba,
811 3195 894 3248 Pater
906 3192 998 3262 (Rene.
1012 3208 1069 3254 rut,
1125 3199 1257 3255 christus
1275 3204 1302 3255 et
1316 3199 1446 3255 Ecclesia
1462 3215 1521 3255 una
1539 3215 1670 3272 persona
1685 3204 1739 3267 est,
1755 3199 1828 3273 quid
1848 3216 1904 3272 ρετ
1924 3217 1957 3257 os

243 3287 295 3357 lo).
311 3309 325 3334 n
341 3288 424 3340 Hunc
438 3284 527 3352 igitur
540 3297 662 3338 servum
683 3281 801 3336 vocavit
824 3280 978 3346 Dominae,
1000 3281 1072 3352 quia

241 3372 356 3428 collatis
380 3370 556 3428 muneribus
580 3368 666 3440 quasi
692 3368 808 3424 emissis
834 3367 957 3424 vocilius
980 3369 1017 3424 ad
1040 3386 1071 3424 se

241 3478 310 3518 eum
326 3461 435 3518 ducere
451 3458 572 3525 studuit,
590 3459 643 3514 sed
662 3475 718 3512 tuin
747 3459 907 3526 respoudit,
933 3458 1004 3530 quia
1027 3460 1070 3516 di-

242 3567 301 3618 gna
317 3566 409 3621 opera
423 3548 512 3604 donis
527 3547 592 3617 ejus
614 3546 738 3602 reddere
767 3547 953 3618 cordempsit.
983 3550 1072 3606 Vocat

242 3639 323 3694 enim
338 3655 393 3694 uos
410 3636 566 3704 Dominus,
583 3652 651 3690 cum
668 3634 843 3690 muneribus
858 3636 1010 3706 praevenit.
1025 3637 1071 3694 Se-

241 3727 362 3799 quitur:
381 3727 437 3782 Ore
449 3741 511 3781 meo
531 3723 715 3793 deprecabor·
730 3724 827 3780 ittam.
843 3755 877 3764 --
891 3729 931 3781 bc
946 3725 970 3782 si
985 3741 1070 3798 aper-

241 3817 299 3872 tius
322 3815 491 3872 diceretur:
518 3817 578 3883 Ego
598 3811 645 3868 ille
667 3812 719 3884 qui
741 3817 809 3869 ante
833 3813 1070 3872 incarnationem

242 3921 342 3961 ineam
358 3908 400 3960 tot
413 3906 438 3959 ci
454 3906 603 3976 praecepta
617 3901 754 3958 facienda
778 3917 831 3975 per
855 3903 1068 3975 prophetarum

242 4010 296 4052 ora
311 3993 526 4050 mandaveram
539 3991 712 4047 incarnatus
727 3990 766 4047 ad
781 4007 851 4048 eum
872 3993 1004 4062 veniens
1019 4010 1070 4050 ore

1126 3288 1182 3344 nisi
1194 3288 1258 3360 ipsc
1276 3289 1419 3344 Dominus
1432 3287 1631 3356 designatur?
1655 3288 1730 3360 quid
1754 3303 1807 3361 per
1836 3305 1958 3346 tarnem

1125 3377 1183 3433 nisi
1195 3377 1344 3450 disciprdi,
1360 3377 1412 3449 qui
1430 3377 1578 3449 passionis
1604 3377 1673 3448 ejus
1688 3381 1822 3450 tempora
1836 3378 1957 3436 infirma

1126 3465 1318 3540 sapuerunt?
1337 3468 1391 3523 Per
1404 3466 1512 3540 pellem
1535 3483 1607 3522 vero
1628 3483 1695 3540 quae
1721 3467 1848 3524 exterior
1868 3485 1958 3524 carne

1125 3562 1227 3612 manet
1241 3557 1272 3610 in
1287 3571 1422 3628 corpore,
1435 3556 1509 3628 quid
1520 3556 1575 3612 nisi
1590 3557 1646 3612 ibae
1660 3562 1770 3613 sauctae
1786 3557 1905 3614 leminea
1926 3558 1958 3613 fi-

1126 3649 1281 3716 gurantur,
1297 3661 1364 3718 quas
1378 3647 1417 3702 ad
1432 3647 1633 3719 praeparanda
1656 3647 1794 3706 subsidia
1809 3649 1957 3721 corporis,

1125 3735 1321 3792 exterioribus
1337 3735 1463 3792 Domino
1479 3735 1651 3792 ministeriis
1671 3736 1864 3794 serviebant?
1883 3741 1959 3795 Nam

1125 3840 1194 3882 cum
1209 3825 1274 3895 ejus
1287 3823 1437 3897 discipuli,
1449 3825 1589 3898 quamvis
1598 3825 1730 3882 necdum
1738 3827 1819 3883 firmi
1828 3827 1960 3884 veritatis

1124 3913 1215 3969 fidem
1244 3913 1365 3986 populis
1392 3915 1600 3986 predicarent,
1626 3915 1687 3971 ossi
1702 3931 1758 3971 sno
1772 3916 1960 3974 inhaerebant

1124 4019 1238 4071 carnee,
1254 4007 1366 4074 etcum
1395 4009 1506 4060 sanctae
1533 4004 1673 4061 mulieres
1699 4020 1735 4061 aa
1763 4021 1831 4079 quae
1858 4021 1961 4064 neces-

242 4081 447 4157 eumproprio
463 4080 656 4154 deprecabar.
676 4080 747 4136 iiiuc
763 4096 816 4151 per
831 4096 975 4153 sponsam
1000 4082 1070 4138 dici·
1125 4091 1203 4148 saria
1229 4095 1313 4148 erant
1340 4098 1554 4166 prepararent,
1584 4095 1671 4166 quasi
1699 4093 1806 4166 puellis
1829 4093 1961 4150 exterius

241 4176 310 4230 tur:
328 4195 341 4223 t<
358 4171 511 4228 Oseuletttr
527 4187 574 4226 me
588 4169 691 4225 OSGlllO
704 4169 763 4225 Ol'lS
779 4169 824 4224 sui
849 4172 948 4234 thttt.
966 4189 985 4239 l,
1004 4172 1067 4238 l).>t
1124 4182 1267 4238 manebat
1280 4182 1309 4238 jn
1325 4199 1459 4255 essl‘pOl'e.
1474 4185 1564 4249 Quasi
1577 4199 1649 4252 61¹th
1668 4187 1848 4256 consumpta
1868 4199 1960 4239 came

242 4264 322 4318 Bene
343 4265 443 4316 autent
466 4259 582 4323 dicitur,
601 4259 794 4327 deprecabor,
823 4259 894 4330 quia
922 4260 951 4316 in
981 4277 1070 4318 carne
1124 4285 1159 4326 os
1199 4271 1316 4326 pomini
1351 4272 1421 4344 petit
1452 4287 1513 4327 511ae
1548 4273 1684 4338 adhaesit,
1715 4272 1788 4346 quia
1815 4272 1959 4329 fortitudo

243 4351 437 4410 monstratus,
454 4347 527 4402 dum
553 4346 698 4401 mandata
720 4346 784 4400 vitra
812 4347 961 4404 humiliter
986 4349 1069 4417 dixit,
1125 4359 1190 4430 ejus
1205 4359 1352 4431 passionis
1368 4364 1502 4432 tempore
1516 4360 1698 4431 fugientibus
1713 4359 1877 4434 discipulis,
1890 4361 1961 4431 jux.

243 4436 332 4534 quasi
355 4435 576 4506 superbientem
602 4449 721 4490 servum
743 4439 775 4488 ut
798 4434 919 4500 viveret,
945 4441 1069 4508 rogarit.
1125 4451 1156 4506 ta
1169 4465 1199 4504 se
1218 4449 1356 4506 mutieres
1371 4450 1492 4506 invenit,
1511 4451 1667 4524 sequitur:
1683 4453 1874 4508 mmmm
1890 4456 1960 4508 tan.

172 4589 177 4596 .
244 4527 404 4598 sequium
1127 4539 1277 4595 turismodo
1301 4540 1383 4596 tetta
1399 4541 1481 4597 eirea
1495 4541 1596 4598 dentes
1615 4556 1702 4598 rneos.
1719 4571 1753 4582 -
1780 4539 1856 4604 Quid
1877 4539 1961 4598 enim

280 4635 362 4688 Vras.
382 4635 424 4686 tr.
442 4631 579 4686 Hotttum
598 4645 695 4685 meum
718 4629 874 4685 redormit
896 4646 975 4688 neor
996 4649 1070 4692 ιιιεα,
1126 4628 1205 4684 eirca
1219 4629 1324 4684 denes
1340 4629 1422 4685 aliud
1435 4645 1530 4702 quam
1553 4629 1634 4686 labia
1658 4631 1824 4700 babemus,
1840 4630 1961 4686 etiamsi

244 4755 279 4764 -
294 4720 369 4789 Quid
387 4736 462 4776 uxor
475 4718 602 4784 bomini,
618 4719 675 4774 nisi
690 4720 850 4790 Synagoga
865 4720 1017 4794 accipitur,
1042 4725 1072 4780 in

244 4812 318 4880 legis
332 4810 442 4866 tedere
457 4809 568 4866 carnali
583 4807 609 4865 ci
624 4808 817 4878 intelligentia
836 4808 995 4881 subjecta?
1019 4813 1074 4870 He-

244 4899 314 4954 litus
329 4914 400 4954 vero
412 4915 446 4954 ex
463 4913 553 4954 carne
568 4901 622 4962 est,
640 4896 692 4952 sed
707 4896 834 4954 inlidelis
856 4899 987 4972 populus
1008 4919 1072 4960 car-

244 5003 313 5043 nem
332 4986 448 5042 Domini
463 4985 619 5042 carnaliter
633 4985 784 5052 intellexit,
795 4986 1073 5059 quiapururnhunc

244 5076 398 5132 hominem
414 5073 546 5130 eredidit.
562 5073 689 5128 ltalitum
705 5089 776 5142 ergo
792 5075 858 5146 ejus
872 5092 948 5132 uxor
969 5080 1073 5135 exhor-

243 5165 311 5233 ruit,
328 5163 399 5236 quia
412 5163 572 5234 Synagoga
585 5177 654 5218 eum
670 5177 761 5233 quem
774 5163 1070 5237 videbathominem,

245 5258 338 5311 Deum
352 5252 471 5309 eredere
487 5251 612 5323 expavit.
628 5252 765 5324 Sequitur
781 5270 787 5307 :
805 5253 842 5308 at
855 5257 980 5312 orabant
993 5259 1072 5326 filios

244 5345 323 5398 uteri
347 5342 414 5398 mei.
437 5339 517 5395 —ln
539 5343 624 5394 utero
651 5343 751 5395 autem
776 5341 874 5414 proles
896 5345 1070 5418 concipitur,

244 5447 312 5503 quaa
325 5432 356 5485 in
369 5433 426 5487 hac
440 5430 500 5486 vita
514 5428 670 5500 profertur.
687 5429 762 5492 Quid
786 5447 857 5500 ergo
873 5437 990 5492 uterum
1016 5438 1071 5490 lto-

245 5519 327 5586 mini,
353 5520 409 5574 nisi
428 5522 491 5589 ejus
513 5518 671 5574 corrsilium
696 5519 843 5575 «tattaeus
871 5521 1015 5593 arripere,
1041 5523 1071 5578 in

243 5623 305 5682 quo
319 5611 387 5664 ante
411 5608 521 5665 secula
542 5624 596 5681 per
619 5608 911 5680 praedestinationem
933 5611 1069 5683 concepti

1125 4717 1209 4774 milla
1224 4717 1342 4788 flagella
1357 4718 1508 4790 patiamur
1523 4718 1536 4772 ‘t
1551 4719 1607 4776 Sed
1622 4719 1695 4792 quid
1719 4735 1773 4793 per
1793 4719 1885 4787 labia,
1901 4719 1961 4776 nisi

1126 4806 1246 4874 locutio,
1262 4807 1336 4879 quid
1351 4807 1533 4881 perdentes,
1550 4807 1606 4864 nisi
1624 4809 1719 4866 sancti
1733 4809 1861 4882 apostoli
1881 4809 1962 4864 desi·

1127 4894 1279 4964 guantur?
1307 4895 1363 4953 Sed
1389 4896 1461 4968 quia
1487 4897 1636 4970 passionis
1658 4898 1723 4970 ejus
1752 4903 1898 4971 tempore,
1911 4897 1962 4954 isti

1125 4986 1230 5040 dentes
1259 5000 1320 5058 pne
1360 4987 1466 5042 timore
1495 4987 1599 5044 mortis
1628 4987 1793 5044 amiserunt
1822 5003 1961 5044 morsum

1126 5075 1330 5146 correptionis,
1347 5076 1511 5134 amiserunt
1525 5077 1669 5132 fiduciam
1698 5078 1825 5143 roboris,
1852 5079 1964 5134 amise-

1125 5167 1195 5220 runt
1209 5164 1374 5222 efficaciam
1389 5167 1571 5222 omnimoda
1587 5168 1781 5240 operationis,
1795 5168 1836 5224 ita
1851 5173 1884 5224 ut
1898 5168 1963 5226 duo

1126 5253 1316 5311 ambulantes
1325 5259 1394 5328 post
1404 5257 1604 5327 ejusmortem
1615 5273 1652 5314 ac
1664 5257 1914 5316 resurrectionem
1929 5257 1963 5312 ia

1125 5343 1175 5400 via
1184 5343 1417 5417 loquerentur‚et
1427 5345 1559 5403 dicerent
1568 5365 1574 5402 :
1584 5351 1663 5404 «Nos
1674 5347 1875 5421 sperabamus
1886 5347 1965 5421 quia

1125 5432 1188 5505 ipse
1215 5439 1292 5489 esset
1312 5434 1522 5507 redempturus
1547 5435 1635 5492 lsrael
1659 5437 1741 5506 (Luc.
1766 5453 1846 5504 xxrv,
1861 5439 1926 5506 et);
1946 5461 1961 5486 υ

1124 5527 1201 5579 recte
1217 5539 1297 5579 nunc
1311 5524 1433 5580 dicitur:
1449 5527 1490 5582 Et
1505 5527 1650 5584 derelicto
1662 5533 1732 5584 sent
1750 5527 1963 5585 testamentode

1125 5613 1207 5670 labio
1220 5615 1301 5671 circa
1311 5615 1413 5671 dentes
1423 5631 1509 5674 meos.
1522 5649 1557 5660 -
1567 5615 1846 5676 confabulabantur
1854 5616 1964 5675 adbuc
