4160 6162
264 143 317 202 263
789 137 817 196 S.
838 131 967 196 ODONlS
986 123 1138 188 sanaris
1157 129 1412 196 cloniacensis·
1425 135 1448 192 ll
1926 133 1987 196 Μ

265 263 602 337 monibosiniquorum,
625 259 751 335 quando
767 262 872 320 contra
897 257 938 317 illi
952 251 1138 315 inverbisa
1187 257 1272 315 vias,
1287 263 1312 316 5,
1329 259 1370 316 Ar
1392 273 1442 317 „0³
1457 265 1563 317 contra
1586 272 1632 316 me
1657 255 1819 330 momine,
1847 289 1881 302 ..
1901 259 1943 316 ge
1958 256 1987 314 si

267 359 392 414 tument.
406 351 545 426 sequitur
560 369 567 409 ε
1150 346 1281 418 apertius
1292 347 1427 406 dicatur:
1444 348 1500 416 Qui
1514 348 1587 420 erigi
1601 351 1706 405 contra
1720 347 1919 421 vosmetipsos
1945 365 1985 406 ex

303 446 384 500 veae.
400 445 427 499 3.
443 443 492 498 lie
506 441 602 499 demes
615 440 795 511 confudistis
805 454 862 497 me.
879 469 913 478 -
928 430 1095 493 numeratis
1149 449 1218 492 mea
1230 438 1435 509 persecutione
1449 436 1606 496 debuistis.
1638 436 1718 494 Ordo
1732 437 1846 511 quippe
1860 436 1986 499 erectio-

265 529 381 588 vicibns
403 529 590 588 locutionum
615 527 784 586 amicorum
804 525 870 595 tob,
896 523 996 582 adhuc
1010 517 1096 594 quin·
1148 523 1195 580 nis
1222 524 1253 582 in
1280 527 1430 586 benoirte
1443 529 1555 592 est-ut
1580 526 1714 601 primum
1728 530 1834 586 contre
1854 543 1922 596 nos,
1954 531 1985 584 et

266 619 351 693 quies
360 618 477 677 locutos
491 635 543 677 eos
563 633 627 676 esse
640 617 861 690 cognoscimus.
892 613 949 671 Sed
974 611 1096 685 propter
1148 615 1345 686 postmodum
1371 621 1475 675 eontra
1502 615 1600 675 malos
1628 615 1790 688 erigamur.
1824 619 1902 674 Nam
1929 615 1983 690 qui

265 708 324 766 hoc
348 707 432 784 quod
461 707 501 766 ab
526 706 569 765 eis
603 705 763 781 quinquies
790 701 1010 778 increpationes
1041 713 1095 755 au·
1149 708 1253 761 contra
1277 704 1375 764 bonos
1400 705 1534 779 erigitur,
1562 721 1617 780 per
1645 704 1821 780 superbiam
1845 705 1981 766 inflatur.

265 797 372 870 dierat,
406 813 537 871 querum
560 795 816 870 increpationibus
842 791 1005 868 quinquies
1030 789 1095 864 ipse
1149 790 1466 868 contranosmetipsos
1479 793 1562 851 enim
1575 791 1729 864 erigimur,
1754 792 1879 866 quando
1898 793 1982 852 mela

265 884 433 961 rospondit,
448 885 547 944 decies
558 902 590 943 se
604 884 741 960 perhibet
752 899 817 941 esse
831 881 992 940 contusum
1004 896 1011 935 ε
1022 878 1095 953 quia
1148 881 1271 954 propria
1281 887 1539 955 recognoscentes,
1554 882 1688 940 dishicta
1695 882 1900 956 nosmetipsos
1914 899 1983 957 pm-

266 979 295 1033 et
308 976 339 1033 in
353 992 389 1033 eo
403 975 531 1046 graviter
545 973 788 1047 laboravitquod
802 970 1095 1043 frustreinerepatus
1148 969 1278 1027 nitentia
1294 970 1405 1028 uidone
1420 971 1555 1041 ierimus,
1568 970 1693 1044 quando
1707 985 1902 1045 nequaquem
1923 988 1982 1030 no-

265 1069 319 1135 est,
335 1070 365 1124 et
385 1067 417 1122 in
441 1081 478 1124 eo
506 1064 715 1123 confusionem
743 1061 873 1136 pertulit,
899 1059 984 1135 quod
1002 1058 1095 1116 verba
1148 1056 1237 1115 bisin
1251 1060 1381 1132 peccatis
1396 1060 1560 1134 parcimus,
1588 1057 1726 1118 et‘nuhis
1740 1074 1814 1131 erga
1827 1076 1885 1118 nos
1899 1061 1983 1132 cogi-

266 1154 410 1212 doetrinse
422 1171 483 1212 non
493 1153 686 1213 audientibus
699 1152 783 1210 dixit.
794 1151 845 1208 Sin
854 1165 926 1208 vero
934 1150 974 1208 ed
988 1153 1095 1222 typum
1149 1145 1296 1205 talianum
1309 1147 1524 1206 blandimentis
1539 1148 1732 1206 inclinemur.

266 1247 377 1302 saneim
391 1243 527 1301 Ecclesia
539 1243 604 1300 baro
619 1241 713 1301 verba
724 1240 892 1310 referimus,
905 1239 998 1314 liquet
1012 1237 1095 1312 qued
1185 1236 1240 1302 Qui
1254 1237 1421 1296 sidistricta
1435 1238 1632 1313 priusnostre
1645 1238 1676 1296 in
1699 1239 1886 1302 nobismala
1900 1239 1982 1298 inse-

266 1347 413 1406 magnam
425 1337 470 1390 est
479 1332 627 1404 gaudium
641 1346 760 1390 servare
774 1329 913 1400 Deealogi
933 1330 1093 1403 precepta.
1148 1325 1405 1399 quimur,justum
1417 1343 1540 1402 quoque
1550 1333 1603 1398 est,
1620 1332 1653 1386 ut
1665 1328 1757 1386 etiam
1767 1332 1870 1387 contra
1880 1329 1982 1388 aliena

265 1421 324 1480 Sed
349 1421 428 1480 hane
452 1421 586 1497 perversi
610 1421 710 1479 decies
725 1419 924 1488 confundunt,
949 1417 1023 1492 quie
1041 1431 1095 1490 per
1149 1414 1232 1473 mala
1244 1415 1351 1472 utiliter
1369 1416 1531 1489 erigemur,
1548 1421 1577 1474 et
1603 1431 1640 1475 ee
1652 1433 1722 1491 quas
1734 1417 1766 1475 in
1779 1417 1869 1476 nobis
1889 1419 1981 1492 pani·

265 1525 357 1568 omne
369 1510 454 1584 quod
468 1513 604 1585 peceant,
619 1508 790 1582 pravissuis
804 1507 941 1566 moribus
955 1504 1095 1576 Decalogi
1149 1517 1229 1573 mus,
1242 1503 1333 1562 etiam
1345 1504 1377 1561 in
1403 1504 1470 1562 aliis
1493 1505 1705 1577 redarguendo
1724 1521 1915 1581 saperemus.
1932 1509 1982 1567 Se·

266 1602 415 1673 precepta
427 1597 610 1672 relinquunt.
621 1597 760 1672 Sequitur
771 1613 778 1653 ε
790 1599 828 1655 lit
841 1611 902 1654 ooo
923 1595 1095 1654 erubescitis
1112 1591 1251 1666 nquitur
1266 1609 1273 1649 :
1290 1593 1467 1666 Etcrpoitis
1477 1610 1524 1652 me
1534 1595 1703 1666 opprobriis
1718 1597 1800 1654 meis.
1812 1627 1847 1638 -
1865 1598 1980 1656 Omnes

264 1687 464 1758 opprimentes
478 1689 549 1744 met
562 1717 597 1727 -
610 1685 684 1743 Sunt
712 1684 847 1742 nonnulli
876 1699 954 1759 quos
969 1683 1009 1742 ed
1030 1697 1095 1758 per-
1149 1681 1270 1756 reprobi
1280 1698 1372 1755 grave
1386 1684 1585 1758 opprobrium
1599 1685 1840 1759 deputantrnala
1862 1691 1982 1760 tempo-

265 1774 446 1848 patrandam
458 1774 625 1848 nequitiam
639 1773 746 1832 oborta
761 1773 862 1832 subito
882 1772 996 1832 malitia
1021 1771 1095 1829 invi-
1148 1770 1233 1840 ralia,
1249 1775 1277 1828 et
1291 1775 1373 1830 tanto
1388 1787 1453 1830 esse
1467 1789 1717 1850 unumquemque
1737 1777 1833 1834 allec
1854 1775 1981 1850 despue

264 1865 317 1932 tat,
345 1863 399 1919 sed
421 1865 523 1920 tamen
548 1863 685 1920 bumana
713 1863 896 1921 remeandia
921 1865 1053 1932 revocet,
1067 1865 1096 1918 et
1148 1863 1214 1918 tum
1223 1859 1359 1930 credunt,
1372 1867 1488 1935 quanto
1509 1863 1590 1920 hunc
1610 1862 1755 1922 afflictum
1768 1879 1804 1922 er
1812 1865 1981 1939 percussio

264 1950 444 2026 plerumque
457 1967 511 2025 per
524 1953 582 2009 hoc
596 1951 680 2026 quod
704 1953 834 2010 exterius
848 1952 1041 2018 erubescunt,
1055 1949 1094 2008 ed
1149 1949 1195 2006 nis
1209 1949 1328 2022 flagello
1343 1950 1540 2025 conspiciunt.
1557 1952 1601 2010 Nil
1628 1953 1709 2011 enim
1720 1953 1752 2010 in
1775 1954 1922 2024 moribus,
1936 1953 1978 2012 nil

264 2040 406 2099 interiore
420 2057 476 2100 sua
489 2041 625 2112 redeunt,
654 2045 685 2100 et
705 2045 810 2100 contra
835 2057 866 2099 se
885 2042 1036 2100 internum
1049 2040 1096 2112 ju·
1148 2037 1179 2094 in
1192 2038 1307 2096 actibus
1321 2044 1471 2113 quarunt,
1486 2041 1539 2098 sed
1553 2041 1704 2115 quoslibet
1714 2058 1793 2116 quos
1805 2042 1905 2102 inbec
1919 2044 1980 2102 vita

264 2128 378 2188 dicium
392 2135 525 2189 sumunt.
542 2133 575 2188 at
598 2135 667 2188 sunt
693 2131 840 2203 nonnulli,
855 2131 908 2205 qui
931 2133 1094 2205 postquam
1148 2126 1277 2186 viderint
1289 2143 1449 2202 percussos
1464 2143 1539 2196 esse,
1562 2129 1627 2202 jam
1641 2129 1743 2188 divino
1760 2131 1875 2204 judicio
1889 2131 1978 2190 dam·

264 2220 360 2276 Deum
372 2218 405 2276 in
418 2223 519 2277 mente
541 2219 786 2294 contempserint,
812 2219 907 2277 multo
928 2218 1026 2290 magis
1040 2218 1095 2274 bu·
1148 2219 1236 2274 natos
1249 2215 1442 2275 arbitrantur.
1463 2217 1624 2292 Sequitur:
1927 2277 1930 2280 .

265 2323 357 2368 mana
377 2308 492 2380 judicia
517 2314 672 2384 spernunt.
698 2309 773 2368 ilinc
797 2315 842 2368 est
864 2309 945 2367 enim
957 2307 1042 2378 quod
1055 2306 1093 2364 de
1183 2307 1266 2362 Vens.
1292 2307 1319 2362 ti.
1347 2307 1462 2364 Saltem
1490 2322 1572 2364 uoce
1596 2308 1767 2380 iotettipt'te,
1797 2310 1871 2383 qotu
1898 2311 1978 2369 neus

264 2398 450 2472 quibasdam
464 2399 633 2474 impudenti
647 2399 743 2458 hante
758 2399 953 2473 peccantibus
979 2398 1091 2454 dictum
1147 2410 1207 2452 ooo
1222 2397 1428 2468 cocejuctcto
1440 2398 1590 2468 dirimerit
1603 2413 1658 2456 me.
1673 2400 1741 2456 -0
1756 2414 1852 2473 quem
1865 2399 1979 2458 durum

264 2492 329 2545 est:
346 2511 361 2540 u
374 2492 408 2546 at
421 2493 580 2562 peccatum
593 2503 683 2545 suum
697 2489 783 2562 quasi
798 2487 931 2546 Sodoma
950 2487 1095 2561 predica-
1148 2487 1237 2541 sonet
1261 2498 1319 2540 vox
1340 2484 1413 2556 iusti
1441 2485 1616 2543 verberibus
1638 2485 1749 2557 afflicti,
1765 2502 1861 2560 quem
1875 2492 1979 2548 lamen

262 2575 453 2647 verunt(1se.
474 2589 516 2647 ar,
532 2575 569 2648 9).
587 2597 602 2626 »
629 2575 810 2649 Plerumque
825 2578 907 2632 enim
931 2574 1005 2633 tales
1025 2578 1095 2632 sunt
1146 2587 1209 2630 non
1221 2571 1320 2643 elatio,
1337 2572 1391 2630 sed
1405 2572 1492 2631 dolor
1502 2574 1658 2648 expressit.
1667 2575 1729 2634 sed
1738 2576 1838 2648 iustas
1855 2583 1979 2636 nonest

263 2660 427 2719 adversarii
455 2665 566 2718 sancta
593 2661 742 2732 Ecclesia,
766 2663 819 2736 qui
847 2661 1094 2737 aperpetrandis
1147 2660 1199 2734 qui
1211 2660 1359 2734 iustitiam
1373 2661 1520 2722 indolere
1534 2664 1653 2724 deserit.
1666 2666 1776 2724 Beatus
1794 2671 1896 2726 auten
1909 2667 1977 2738 lob,

264 2749 363 2823 malis,
377 2765 434 2808 neo
449 2750 556 2808 timore
582 2749 711 2823 Domini,
733 2767 790 2808 nec
803 2751 920 2826 pudore
934 2751 1093 2810 hominnm
1146 2750 1220 2825 quia
1231 2750 1303 2808 mite
1324 2752 1506 2822 corhabuit,
1526 2753 1626 2812 necin
1639 2754 1718 2812 dure
1740 2770 1815 2814 voce
1829 2757 1975 2830 peccavit.

264 2838 463 2898 rehanentur.
479 2838 640 2913 Sequitur:
749 2881 752 2890 .
1147 2842 1221 2897 Nam
1244 2839 1270 2896 si
1292 2840 1373 2898 hunc
1396 2855 1539 2914 peccasse
1560 2842 1592 2899 in
1612 2843 1670 2902 bac
1684 2858 1758 2901 voce
1770 2843 1911 2916 dicimus,
1923 2846 1977 2903 im·

298 2927 386 2987 Vens.
401 2931 429 2986 i.
449 2929 800 3002 Nempcetsit'poorooi,
816 2945 929 2988 mecum
944 2931 1094 3002 aitpoe-
1111 2928 1243 3012 cplesse
1268 2928 1425 2988 diabolum
1449 2930 1613 2989 astruimus
1640 2932 1724 3006 quod
1747 2934 1908 3008 proposuit
1933 2935 1976 2993 di-

264 3019 370 3076 rectio
379 3032 456 3077 meo.
471 3045 507 3062 ·-·
522 3016 640 3076 Habent
665 3017 722 3076 boc
736 3017 867 3076 heretici
882 3018 1050 3093 proprium,
1061 3021 1094 3076 ut
1146 3032 1218 3075 oens
1233 3035 1240 3075 ι
1254 3021 1380 3091 «lange
1395 3033 1430 3076 os
1457 3019 1524 3092 ejus
1538 3023 1568 3078 et
1592 3035 1726 3092 carnem,
1740 3021 1766 3079 si
1776 3035 1839 3082 uon
1855 3023 1888 3080 in
1901 3023 1976 3082 iecie

262 3107 300 3164 de
311 3106 395 3165 inani
409 3107 538 3166 scientie
552 3123 615 3166 sure
630 3109 803 3181 arrogantia
812 3107 962 3178 inflentur,
972 3112 1001 3166 et
1013 3111 1092 3166 recte
1144 3105 1331 3164 benedixerit
1345 3106 1397 3164 tibi
1411 3107 1474 3178 (doh
1487 3123 1518 3180 n,
1533 3109 1571 3182 ὅ).
1588 3131 1602 3161 u
1618 3109 1721 3168 Gravis
1733 3110 1835 3185 itaque
1848 3113 1976 3186 questio

261 3197 449 3255 credentium
488 3197 711 3271 simplicitatem
742 3213 822 3272 seepe
860 3197 1026 3264 derideant,
1064 3201 1093 3255 et
1144 3195 1247 3252 oritur.
1277 3195 1306 3252 Si
1329 3194 1437 3252 etenim
1459 3211 1522 3254 non
1545 3198 1681 3271 peccavit
1698 3198 1730 3256 in
1743 3215 1780 3257 eo
1802 3201 1887 3275 quod
1905 3201 1977 3260 dicit

260 3286 372 3344 nullius
400 3301 466 3343 asse
489 3285 587 3343 meriti
611 3287 704 3344 vitam
731 3286 891 3344 humilium
911 3285 1034 3345 ducant.
1057 3287 1093 3343 bt
1145 3283 1251 3341 saltem
1274 3298 1356 3344 neec
1369 3283 1541 3356 ietettiptte,
1566 3287 1639 3359 quic
1652 3288 1731 3346 Deos
1752 3305 1812 3346 eoo
1825 3305 1908 3363 aquo
1924 3293 1977 3362 ju-

261 3378 376 3445 contre,
406 3377 512 3432 saneta
538 3373 668 3432 Ecclesia
695 3374 726 3432 in
750 3374 835 3433 omni
850 3375 934 3448 quod
945 3374 1093 3433 ueraciter
1145 3371 1224 3430 dicio
1247 3372 1397 3444 afflixerit
1419 3389 1475 3432 me.
1492 3374 1684 3449 licumquod
1698 3375 1758 3434 dici
1771 3377 1856 3436 netas
1869 3381 1915 3436 est
1932 3378 1976 3436 in·

261 3463 349 3538 sapit,
366 3477 488 3521 sensum
504 3479 594 3521 suum
614 3461 766 3522 humiliter
779 3463 929 3537 deprimit,
945 3480 984 3522 ne
998 3465 1092 3522 scien·
1142 3459 1222 3531 juste
1231 3460 1327 3532 egisse
1337 3459 1453 3534 aliquid
1467 3462 1682 3522 consentimus.
1694 3465 1804 3524 Beatus
1818 3465 1900 3524 enim
1917 3466 1974 3526 tob

260 3551 302 3610 tie
314 3551 443 3622 infletm,
459 3567 498 3609 ne
509 3551 701 3625 inquisitione
716 3551 903 3610 oocrrltorum
923 3556 1047 3625 tumeat,
1063 3557 1093 3611 et
1146 3546 1238 3606 ιίιιιιιι
1252 3550 1527 3618 suametteuderet
1542 3556 1571 3610 et
1596 3565 1632 3610 aa
1645 3569 1715 3627 ques
1729 3553 1900 3628 petiebatur
1917 3556 1974 3614 fla·

261 3639 443 3714 perscrutari
466 3640 650 3715 aliquaqua
665 3640 1002 3699 mhavuessuntillius
1016 3657 1092 3716 prae-
1144 3635 1223 3710 gella
1236 3638 1393 3710 pensabat,
1407 3644 1436 3698 et
1450 3640 1573 3701 videbat
1586 3658 1709 3716 coquum
1723 3659 1785 3702 non
1799 3645 1974 3716 essentem

259 3731 369 3786 sumet.
384 3727 486 3786 Utilius
498 3728 609 3786 etenim
634 3727 734 3787 studet
747 3730 862 3787 nescire
873 3745 942 3804 qua
956 3745 1091 3805 perseru-
1144 3724 1235 3784 talem
1256 3726 1327 3785 talia
1342 3723 1462 3800 flagella
1474 3730 1628 3804 reciperet,
1651 3736 1765 3790 etcum
1779 3733 1851 3792 dicit
1861 3749 1925 3803 non
1941 3751 1974 3794 se

259 3817 315 3876 tari
326 3833 390 3875 non
402 3817 482 3876 velet
495 3833 590 3893 quem
604 3818 748 3878 audacter
761 3817 890 3877 diffinire
904 3835 972 3894 quse
983 3821 1087 3880 nescit.
1143 3830 1232 3889 aequo
1255 3815 1370 3888 iudicio
1393 3817 1548 3889 afflictum,
1577 3820 1636 3878 hoo
1650 3819 1754 3880 ibent
1767 3837 1841 3882 voce
1855 3823 1974 3882 locutu

260 3908 409 3983 Scriptum
434 3913 479 3967 est
503 3908 616 3984 quippe
637 3927 675 3966 :e
691 3909 772 3968 Siout
794 3909 847 3984 qui
873 3909 932 3967 mel
959 3911 1089 3969 multum
1144 3908 1198 3977 est,
1211 3905 1336 3978 quodie
1350 3911 1463 3966 secreto
1488 3924 1543 3967 suo
1560 3910 1706 3986 Dominus
1718 3911 1756 3970 de
1770 3911 1821 3970 illo
1835 3912 1975 3972 adverse·

258 3997 400 4070 comedit,
424 4011 487 4055 non
501 4001 546 4056 est
560 3996 587 4054 ei
608 3996 736 4068 bonum,
761 3997 803 4055 sic
817 3998 870 4072 qui
885 4002 1032 4058 serutatur
1045 4003 1090 4058 est
1142 3993 1187 4051 rio
1201 3994 1266 4067 ejus
1280 3993 1414 4054 dixerat:
1431 3999 1651 4058 «commovisti
1665 4015 1714 4058 me
1733 4000 1879 4060 advenas
1890 4017 1972 4072 eum,

258 4085 433 4159 majestatie,
462 4086 643 4163 opprimitur
671 4085 766 4160 glorie
795 4087 895 4162 (Proo.
917 4092 1054 4159 mmet.
1073 4111 1088 4140 »
1142 4086 1177 4142 ut
1200 4081 1365 4156 affligerem
1387 4101 1458 4144 eum
1486 4085 1597 4147 frustra
1621 4089 1683 4161 (tol
1699 4106 1728 4160 rr,
1741 4089 1783 4163 3).
1799 4111 1814 4142 »
1834 4090 1926 4162 lgr‘rru
1944 4096 1974 4148 et

259 4173 392 4233 lirrleedo
406 4175 517 4234 etenim
532 4175 639 4248 mellis,
656 4176 681 4233 si
706 4175 869 4252 plusquam
889 4193 1011 4235 necesse
1033 4180 1087 4246 est,
1142 4166 1470 4248 vasionensium
1484 4176 1578 4236 vitam
1592 4193 1664 4236 cum
1688 4178 1808 4252 flagello
1821 4181 1971 4254 pensavit,

258 4264 397 4334 sumitur,
412 4264 493 4322 unde
503 4265 666 4323 delectetur
678 4281 724 4337 es,
739 4265 809 4323 inde
827 4267 890 4325 rita
903 4266 1087 4325 comedentis
1104 4307 1128 4366 D
1142 4267 1172 4322 et
1180 4263 1258 4320 lieu
1280 4279 1343 4322 non
1367 4265 1480 4338 iniusto
1491 4266 1606 4339 iudicio
1622 4267 1678 4327 tob
1693 4267 1807 4340 afflixit,
1820 4269 1895 4344 quie
1907 4287 1973 4328 me-

257 4351 392 4404 necatur.
406 4347 506 4405 Dulcis
518 4363 640 4421 quoque
668 4353 714 4407 est
740 4349 894 4424 requisitio
910 4351 1086 4424 majestatis,
1141 4352 1199 4410 rita
1219 4367 1257 4408 ex
1272 4351 1392 4425 flagello
1407 4354 1581 4423 cumulavit,
1595 4360 1625 4415 et
1645 4356 1785 4416 diabolus
1808 4359 1892 4432 quod
1904 4375 1974 4434 pro

258 4433 312 4491 sed
325 4434 378 4508 qui
391 4435 472 4492 beno
485 4434 554 4509 plus
584 4437 709 4495 scrutari
734 4437 857 4511 appetit,
873 4453 968 4513 quam
981 4439 1089 4498 huma·
1141 4439 1274 4508 miserat,
1284 4456 1346 4500 non
1352 4441 1497 4518 implerit,
1510 4444 1582 4519 quie
1592 4444 1699 4506 beatus
1711 4447 1768 4506 lob
1777 4448 1854 4508 inter
1867 4449 1972 4521 verba,

257 4521 359 4580 nitatis
385 4521 517 4594 cognitio
545 4523 698 4597 permittit,
725 4523 792 4599 ipsa
805 4525 886 4583 bunc
903 4527 969 4600 ejus
993 4527 1087 4598 glorie
1140 4530 1331 4604 quardurum
1346 4535 1466 4603 sonant,
1482 4538 1511 4592 et
1524 4549 1623 4594 avere
1637 4537 1973 4608 sententia,etemsnte

257 4609 411 4684 opprimit,
440 4610 513 4684 quia
540 4609 622 4668 velut
635 4611 833 4670 immoderate
851 4613 912 4672 mel
931 4618 1087 4688 sumptum
1140 4617 1299 4678 humilium
1315 4634 1378 4679 non
1391 4621 1522 4680 recessit.
1535 4623 1674 4698 Sequitur
1689 4643 1696 4682 :
1713 4626 1751 4684 lit
1763 4627 1897 4700 flagellis
1909 4630 1973 4686 suri

257 4694 470 4768 perscrutantis
485 4707 618 4766 mesum,
642 4696 717 4754 dum
731 4711 793 4755 non
809 4697 935 4772 capitur,
963 4700 1085 4774 rumpit.
1140 4722 1186 4765 me
1198 4709 1339 4766 merit.
1355 4739 1390 4750 —
1404 4709 1493 4768 Aliud
1502 4710 1616 4786 quippe
1630 4716 1686 4784 est,
1706 4713 1833 4788 flagellis
1844 4717 1970 4790 percuti,

257 4783 419 4844 Nobiscum
432 4799 504 4844 vero
525 4801 591 4843 esse
607 4785 725 4858 dicitur,
745 4787 829 4863 quod
856 4803 912 4862 pro
928 4787 1017 4848 nobis
1031 4794 1085 4860 est,
1140 4793 1223 4854 uliud
1250 4795 1339 4866 cingi.
1365 4796 1502 4870 Flagellis
1528 4813 1662 4874 namque
1689 4802 1886 4874 percutimur,
1900 4819 1972 4860 cum

257 4876 417 4932 etrursum
444 4875 682 4934 nonnobiscum
705 4890 771 4933 esse
786 4876 903 4947 dicitur,
919 4878 1004 4953 quod
1018 4895 1088 4938 con-
1140 4882 1376 4942 consolationem
1416 4889 1445 4944 et
1474 4885 1506 4944 in
1537 4887 1693 4948 doloribus
1722 4906 1759 4948 ex
1790 4891 1881 4950 rebus
1905 4891 1972 4949 aliis

257 4965 304 5021 tra
328 4977 385 5020 nos
398 4967 454 5022 est.
470 4965 546 5032 Quia
571 4980 644 5038 ergo
659 4965 782 5025 misnae
807 4983 863 5026 sua
884 4983 936 5026 cor
955 4969 1087 5028 haretici
1139 4972 1299 5030 hahemus.
1325 4975 1400 5031 Nem
1426 4991 1496 5034 cum
1521 4979 1605 5036 tenta
1633 4993 1690 5036 nos
1718 4977 1839 5038 afflictio
1872 4979 1972 5055 depri-

256 5051 350 5122 mast,
374 5052 472 5111 tidelis
496 5057 600 5112 entem
613 5055 745 5128 cognitio
757 5057 935 5130 ignorantia
951 5075 1015 5116 sure
1031 5060 1087 5118 bu·
1139 5059 1204 5130 mit,
1230 5064 1264 5120 ut
1291 5076 1329 5118 ex
1361 5062 1474 5122 nullius
1510 5065 1554 5123 rei
1588 5067 1795 5128 consolatione
1822 5069 1972 5143 respirare

256 5139 361 5210 miliat,
387 5140 469 5200 dieat
494 5141 601 5201 beatas
625 5142 682 5202 lob
710 5160 766 5203 sue
791 5161 875 5217 voce,
895 5145 977 5206 dicat
994 5148 1086 5208 etiarn
1140 5149 1261 5208 animus
1288 5151 1394 5226 possit,
1432 5169 1494 5214 non
1518 5155 1584 5228 jam
1616 5155 1742 5230 flagellis
1775 5157 1972 5219 solummodo

256 5228 444 5290 confessione
455 5229 632 5290 universalis
647 5232 794 5306 Ecclesiae,
810 5251 924 5294 mecum
935 5238 993 5295 erit
1004 5239 1087 5310 ipae
1139 5238 1273 5311 terimur,
1290 5241 1344 5300 sed
1366 5242 1455 5301 etiam
1470 5243 1629 5316 cingimur,
1653 5247 1727 5321 quia
1741 5247 1973 5308 uhuaumum

256 5322 360 5378 raetia
372 5335 448 5380 mee.
465 5323 499 5379 lit
525 5321 674 5396 quiabaec
687 5324 757 5398 ipsa
778 5323 909 5383 haretici
928 5342 997 5400 quae
1011 5326 1086 5384 scire
1139 5329 1263 5388 verbere
1289 5346 1326 5388 ex
1355 5332 1440 5390 omni
1467 5337 1552 5406 parte
1578 5335 1812 5396 circumdamur.
1850 5339 1975 5398 Ginchrs

256 5414 406 5482 queritat,
419 5409 460 5469 ad
473 5425 564 5470 usum
580 5411 674 5470 solius
699 5413 836 5472 elationis
864 5415 1024 5488 accipiunt,
1053 5419 1087 5474 ut
1139 5417 1220 5476 enim
1256 5419 1382 5490 flagellis
1417 5422 1526 5480 Paulus
1568 5423 1665 5482 iuerat
1703 5443 1774 5484 curn
1814 5427 1936 5486 dicebat
1964 5447 1971 5485 :

257 5502 362 5556 cenna
386 5499 491 5560 fideles
516 5505 545 5560 et
569 5501 698 5560 humiles
725 5501 807 5560 docti
825 5502 992 5576 videentur,
1007 5509 1086 5563 reete
1140 5529 1155 5560 s
1171 5508 1251 5566 Foris
1269 5523 1389 5582 pugnes,
1415 5510 1507 5574 intus,
1524 5513 1645 5573 timores
1671 5517 1701 5584 (l
1724 5517 1793 5574 Cor.
1820 5533 1874 5588 vn,
1903 5519 1942 5590 5).
1956 5542 1972 5568 »

257 5583 470 5660 subruuntur:
561 5633 566 5638 ·
722 5645 725 5654 ,
1139 5597 1299 5672 Sequittrr:
1638 5633 1643 5642 ·
