4110 6138
143 5445 244 5498 .θὶ

188 226 240 278 ees
697 209 726 264 s
747 205 876 264 coevis
895 197 1041 258 leuans
1060 193 1314 253 CLUNlAcENsls
1341 193 1373 248 ιι.
1536 154 1539 160 ¹
1849 189 1899 243 ιιι

187 321 309 401 invenit.
326 341 395 394 Vere
409 336 516 392 beatus
540 333 627 405 cujus
646 331 710 388 dies
723 331 755 387 in
774 321 1055 396 dolore,etanni1t
1072 324 1153 377 ctum
1182 316 1317 374 Ecclesiae
1338 314 1439 372 vident
1464 313 1544 371 oculi
1558 311 1610 384 tui,
1626 315 1655 369 et
1675 309 1793 384 lapides
1817 313 1902 366 terra

186 433 217 488 in
245 427 358 500 gemitu
384 423 583 481 transierunt:
615 420 688 494 qnia
713 421 778 492 jam
805 419 945 490 expertus
973 414 1019 468 est
1072 411 1137 483 ejus
1153 408 1382 478 miserebuntur,
1398 420 1557 480 precamur
1572 408 1603 460 ut
1615 403 1656 472 hi,
1672 402 1791 476 quipro
1803 400 1902 457 solidi·

186 533 279 593 quam
307 529 420 586 magna
444 511 605 569 multitudo
628 508 805 578 dulcedinis,
822 521 915 580 quam
942 505 1019 559 Deus
1073 503 1131 557 tate
1152 514 1272 555 morum
1297 495 1413 571 lapides
1432 497 1589 566 vocantur,
1604 491 1702 560 nobis,
1720 489 1775 566 qui
1797 489 1903 546 merito

187 603 345 664 abscondit
369 601 542 660 timentibus
566 615 607 656 se.
625 599 681 665 Qui
700 597 791 654 etiam
812 596 842 652 in
856 594 1020 665 conspectu
1073 592 1181 647 nostrae
1196 587 1349 662 pravitatis
1363 590 1441 644 terra
1464 599 1581 655 sumus,
1596 581 1755 638 subvenire
1776 579 1904 651 dignen-

188 695 323 753 filiorum
337 692 506 758 hominurn,
519 689 598 748 hanc
622 688 811 762 aliquatenus
835 700 888 758 per
902 679 1021 753 singula
1074 683 1140 736 tur:
1155 681 1188 733 ut
1201 692 1257 733 nos
1270 675 1323 749 qni
1346 691 1408 732 non
1426 673 1575 731 habemus
1593 670 1805 728 indumentum
1818 667 1906 740 justi-

188 785 275 856 signa
288 783 485 840 demonstrat.
503 782 524 836 0
539 783 654 852 quanta
667 776 824 834 diversitas
843 777 887 830 est
900 772 976 828 inter
990 769 1022 826 ii-
1075 768 1133 839 tie,
1148 766 1264 840 lapides
1288 764 1515 839 amplectamur,
1531 765 1564 819 ut
1585 775 1690 818 eorum
1712 757 1825 814 meritis
1840 771 1908 813 nos·

187 875 263 946 lum,
279 877 308 930 et
321 870 434 938 vedios,
449 867 481 925 id
496 871 541 925 est
555 866 633 923 male
648 864 772 922 divites!
798 862 870 920 Huic
885 860 966 918 enim
979 858 1022 915 la·
1076 861 1154 914 trem
1174 855 1340 913 nuditatem
1356 858 1513 926 contegere
1531 849 1694 925 possimus.
1710 847 1760 904 llic
1774 861 1847 918 ergo
1862 844 1907 902 le·

190 977 302 1034 crymae
329 975 391 1014 suae
415 957 534 1013 luerunt
548 970 653 1028 panes,
669 957 697 1010 et
721 956 828 1026 potum
854 948 968 1023 aceepit
991 947 1023 1003 in
1078 945 1177 1004 mulus
1192 949 1261 1002 tuus
1277 943 1418 1002 affectum
1433 940 1603 1010 miserendi,
1620 954 1712 1013 quem
1726 937 1825 995 eidem
1837 936 1908 992 cha·

191 1048 334 1124 lacrymis
349 1044 674 1104 etmensura.llliver0
689 1042 804 1099 ducunt
817 1041 848 1097 in
862 1037 1023 1096 bonisdies
1076 1035 1149 1093 ritas
1175 1039 1227 1092 tua
1251 1033 1448 1104 invisceravit,
1473 1031 1503 1088 in
1530 1045 1587 1088 nos
1612 1028 1730 1099 dirigat,
1752 1029 1782 1083 ei
1799 1024 1838 1081 de
1858 1023 1910 1081 illa

191 1155 273 1207 suos,
300 1141 328 1194 et
354 1135 466 1193 hebent
494 1132 731 1190 consolationem
758 1146 857 1202 suam,
876 1129 962 1202 juxta
989 1127 1023 1183 il-
1078 1121 1260 1196 sempiterna
1275 1119 1411 1195 Capitolii
1425 1120 1518 1188 curia,
1531 1133 1593 1191 qua
1604 1117 1669 1190 jam
1681 1110 1910 1172 interconsules

191 1228 245 1286 lud
264 1223 523 1296 evangelicum,in
537 1222 688 1296 praesenti.
704 1221 762 1279 Sed
786 1220 867 1277 enim
886 1218 940 1275 iste
960 1217 1025 1290 jem
1080 1211 1146 1269 eoeli
1166 1211 1285 1280 residet,
1300 1211 1331 1268 in
1355 1210 1413 1268 hae
1435 1207 1569 1267 convelle
1591 1207 1795 1280 lacrymarum
1814 1217 1910 1276 quam

192 1319 224 1374 in
239 1332 312 1372 voce
324 1313 523 1380 exultationis,
541 1311 656 1368 transiit
679 1311 826 1367 inlocum
842 1306 1026 1367 tabernaculi
1080 1299 1173 1358 evasit
1187 1300 1234 1374 pie
1249 1299 1406 1374 respiciat:
1426 1297 1613 1371 singulorum
1634 1311 1737 1371 preces
1758 1290 1912 1360 exaudiat,

195 1405 254 1462 liei.
286 1407 324 1460 lie
352 1402 410 1458 illis
448 1401 566 1473 dicitur,
592 1401 676 1474 quod
711 1401 742 1456 in
775 1403 888 1473 puncto
916 1397 956 1454 ad
983 1395 1027 1451 in·
1081 1389 1278 1463 omniumque
1300 1389 1490 1446 necessitates
1515 1386 1598 1462 apud
1619 1391 1647 1442 te
1668 1383 1817 1458 expediat,
1834 1397 1913 1455 prae-

194 1494 280 1550 ferna
299 1491 496 1548 descendunt.
526 1491 672 1546 ceterum
697 1489 721 1545 si
742 1489 779 1545 de
805 1489 869 1560 ejus
892 1483 1028 1545 exteriori
1082 1484 1178 1538 stante
1194 1481 1320 1538 Domino
1344 1483 1444 1538 nostro
1467 1481 1538 1536 Jesu
1562 1476 1676 1535 Christo
1698 1474 1767 1532 Filio
1780 1477 1845 1544 tuo,
1859 1472 1916 1546 qui

196 1581 423 1639 conversatione
450 1579 613 1652 quisquam
644 1579 771 1648 dignum
800 1575 915 1650 aliquid
941 1573 1029 1631 refer·
1082 1575 1191 1641 tecum,
1206 1587 1276 1626 eum
1287 1569 1397 1642 Spiritu
1411 1573 1525 1640 sancte,
1541 1566 1612 1623 vivit
1623 1569 1652 1622 et
1664 1563 1805 1636 gloriatur
1823 1563 1914 1632 Deus,

195 1687 228 1730 re
255 1673 369 1744 posset,
389 1667 600 1725 delectationes
620 1671 733 1736 tamen,
756 1682 824 1741 qnae
850 1666 881 1722 in
908 1664 1030 1721 dextere
1044 1695 1065 1735 u
1083 1676 1136 1734 per
1149 1659 1267 1726 inlinita
1279 1657 1390 1714 saecula
1405 1656 1594 1714 sucinorum.
1610 1658 1716 1711 Amen.

196 1759 315 1817 Domini
336 1757 527 1831 repleverunt
554 1772 623 1813 eum
652 1772 749 1829 usque
777 1755 809 1812 in
837 1753 939 1825 linem
964 1752 1030 1810 nul·
1120 1751 1161 1805 lli.
1179 1746 1324 1804 Velociter
1345 1761 1429 1818 sane,
1446 1746 1524 1804 sicut
1546 1742 1583 1800 de
1607 1738 1761 1798 excellenti
1783 1749 1918 1812 persona

196 1841 246 1908 l‘us
271 1853 408 1906 nostrum
434 1863 497 1904 non
523 1847 591 1903 dieo
615 1846 715 1903 verbis
733 1845 892 1920 explicare,
908 1843 961 1901 sed
974 1858 1031 1900 nec
1084 1835 1148 1893 fieri
1160 1835 1243 1904 solet,
1258 1835 1399 1892 transitus
1421 1835 1485 1906 ejus
1499 1833 1734 1906 circumquaque
1747 1824 1915 1903 personuit

199 1956 290 1997 sensu
323 1936 450 2012 quidem
485 1937 629 2007 attingere
664 1936 753 2007 valet,
778 1935 835 1992 nisi
862 1934 936 1991 lorte
964 1931 1031 2007 qui·
1086 1929 1160 1986 eum
1175 1926 1299 2000 quidem
1312 1923 1660 1983 incredibilishominum
1673 1917 1919 1978 multitudomox

199 2028 271 2086 libet
291 2027 322 2084 in
353 2026 453 2100 seipso
487 2024 629 2097 sentiscit,
657 2025 730 2099 quid
758 2029 803 2083 est
829 2023 975 2081 delectare
1000 2022 1032 2078 in
1088 2017 1221 2092 undique
1247 2033 1332 2074 secus
1353 2015 1465 2073 irruere
1489 2014 1589 2089 eoepit,
1604 2011 1744 2070 examina
1766 2005 1920 2065 nobilium

201 2117 331 2174 salutare
352 2113 412 2171 Dei.
1086 2107 1229 2178 virorum,
1242 2106 1408 2163 innumera
1422 2109 1548 2162 caterva
1558 2101 1736 2178 pagensium
1749 2103 1840 2173 atque
1849 2110 1921 2167 ege»

236 2206 413 2262 vl11.Porro
440 2207 541 2260 autem
564 2202 637 2276 quia
664 2205 741 2259 Deus
761 2201 908 2259 mirabilis
934 2205 977 2259 est
1002 2200 1033 2257 in
1086 2213 1207 2270 norum,
1222 2196 1323 2271 plures
1345 2194 1497 2264 monachi,
1515 2198 1545 2252 et
1567 2191 1690 2266 agmina
1713 2187 1918 2248 sacerdotnm.

202 2294 312 2352 sanctis
333 2295 409 2363 suis,
424 2293 456 2349 in
471 2291 582 2366 quibus
598 2309 668 2350 eum
682 2292 807 2350 laudare
820 2291 973 2364 jubemur,
988 2290 1034 2348 di·
1088 2286 1470 2358 onemuniversigermano
1482 2283 1618 2358 quodam
1628 2275 1923 2340 etdulcissimoaffe·

202 2388 287 2464 cente
304 2383 474 2457 Scriptura:
492 2381 626 2439 Laudcte
639 2383 799 2439 Dominum
808 2383 960 2439 ivr-sanctis
971 2384 1034 2452 ejus
1089 2381 1139 2434 ctu
1151 2377 1380 2450 plangebant,et
1393 2375 1496 2433 nescio
1506 2391 1567 2450 quo
1577 2373 1677 2430 divino
1688 2371 1921 2428 instinctncom-

202 2473 296 2548 (Psol.
325 2487 367 2540 cn,
401 2470 438 2542 l),
464 2469 585 2538 ideirco,
610 2485 628 2526 0
656 2469 743 2527 beate
772 2467 907 2538 Geralde,
928 2469 1034 2544 quales
1088 2468 1229 2542 punctius
1244 2471 1335 2540 atquc
1350 2465 1475 2524 suavius
1491 2481 1561 2522 eum
1575 2463 1737 2535 lugebant:
1753 2459 1864 2518 obhoc
1876 2457 1922 2516 vi-
2042 2473 2043 2496 ι

201 2575 367 2636 possumus
390 2556 547 2614 relerimus
573 2557 615 2614 illi
636 2573 692 2631 pro
715 2563 753 2615 te.
779 2558 946 2615 laudantes
965 2573 1036 2614 eum
1089 2555 1196 2613 delicet
1209 2555 1292 2629 quod
1306 2555 1391 2612 illum
1411 2559 1469 2613 lieo
1484 2553 1633 2628 placuisse
1647 2567 1710 2609 non
1724 2547 1921 2622 ignorabant.

203 2649 288 2723 quod
314 2647 403 2718 elegit
428 2651 467 2717 te,
495 2651 524 2703 et
548 2646 633 2720 quod
666 2646 840 2718 justificavit
876 2651 923 2718 te;
953 2645 1037 2722 quod
1126 2645 1201 2718 (118)
1217 2648 1247 2703 ll.
1270 2647 1344 2704 Cum
1361 2645 1543 2718 igituresset
1566 2659 1604 2700 ex
1627 2657 1711 2700 more
1732 2639 1866 2698 nudatus
1880 2634 1925 2695 ad

204 2734 443 2794 misericordiam
468 2750 556 2793 suam
579 2733 749 2793 mirificavit
773 2736 805 2792 in
833 2739 871 2807 te,
886 2736 970 2810 quod
983 2751 1038 2812 per
1089 2733 1265 2808 lavandum,
1292 2733 1520 2807 Ragambertus,
1536 2737 1566 2791 et
1587 2731 1637 2791 elii
1662 2729 1791 2790 minishi
1812 2727 1865 2804 qui
1889 2725 1924 2784 id

204 2825 269 2884 vias
290 2828 387 2882 rectas
411 2822 535 2882 deduxit
557 2827 596 2898 tc,
611 2823 696 2898 quod
719 2823 850 2883 iructum
873 2825 916 2884 tui
938 2825 1038 2900 operis
1091 2824 1231 2896 agebant,
1247 2841 1356 2883 manus
1382 2828 1525 2898 utrasque
1549 2821 1662 2898 pectori
1687 2821 1752 2894 ejus
1766 2818 1924 2894 applicue-

205 2913 330 2972 inveniri
344 2913 412 2972 iecit
425 2913 499 2987 ipse,
514 2917 543 2970 et
557 2917 721 2987 postremo,
736 2915 819 2990 quod
834 2915 975 2990 usquein
991 2931 1037 2972 se·
1091 2919 1170 2984 runt,
1184 2931 1254 2972 eum
1269 2915 1367 2973 subito
1385 2916 1525 2972 dextrum
1536 2913 1695 2972 brachium
1711 2909 1807 2986 ipsius
1823 2913 1925 2967 exten·

170 3067 173 3074 ,
204 3005 325 3062 nectam
339 3007 368 3060 et
382 3003 500 3060 senium
513 3017 576 3060 non
594 3001 753 3078 dereliquit
778 3007 816 3074 te,
832 3008 860 3062 et
874 3004 958 3078 quod
976 3019 1074 3091 maa-C
1093 3020 1163 3062 sum
1185 3009 1240 3078 est,
1254 3008 1282 3062 et
1306 3007 1347 3062 ita
1362 3003 1542 3076 genitalibus
1562 3001 1708 3061 membris
1731 3016 1842 3058 manus
1856 2999 1925 3071 eins

203 3095 254 3166 jus
266 3097 321 3164 est,
337 3092 409 3166 quia
423 3092 499 3149 inter
513 3091 591 3149 filios
607 3092 659 3149 Dei
674 3095 860 3166 computavit
871 3098 908 3163 te,
918 3099 946 3151 et
959 3095 1039 3151 insu·
1094 3093 1253 3168 applicata,
1270 3098 1302 3151 ut
1325 3094 1431 3152 eadem
1455 3093 1593 3151 membra
1607 3092 1664 3150 sub
1679 3091 1779 3149 volam
1804 3088 1926 3147 conclu-

204 3199 260 3258 per
274 3183 306 3239 in
326 3181 422 3239 oeulis
444 3181 582 3238 omnium
603 3181 749 3253 glorificat
771 3187 808 3240 te.
824 3187 861 3240 At
880 3199 952 3240 vero
968 3182 1041 3257 quia
1094 3183 1185 3242 deret.
1202 3184 1288 3251 Quod
1303 3183 1344 3240 illi
1360 3184 1484 3259 quidem
1506 3199 1581 3240 casu
1595 3181 1756 3252 contigisse
1771 3183 1924 3254 putantes,

206 3275 328 3330 sanctos
342 3271 428 3327 decet
438 3268 584 3338 laudatio,
601 3270 641 3326 ad
653 3270 776 3328 laudem
788 3271 866 3328 illius
878 3271 1040 3328 laudamus
1094 3291 1221 3332 manum
1243 3273 1342 3347 ipsam
1369 3272 1409 3330 ad
1430 3276 1534 3346 pectus
1552 3271 1654 3329 denuo
1668 3269 1850 3328 inflixerunt.
1867 3266 1927 3326 Sed

207 3360 297 3460 etiam
305 3359 423 3432 te,quia
436 3359 636 3430 scilicetjuxta
646 3359 818 3426 ieremiam,
824 3361 934 3433 jugum
942 3361 1040 3419 Chris·
1094 3363 1215 3434 iterum,
1232 3362 1309 3418 sicut
1324 3362 1419 3436 prius,
1436 3365 1558 3419 extensa
1572 3365 1626 3430 est,
1642 3359 1720 3417 etad
1734 3374 1842 3416 sexum
1856 3371 1928 3414 con·

208 3448 285 3550 trab
309 3447 513 3504 adolescentia
526 3447 664 3520 portasti,
679 3447 752 3521 quia
766 3449 894 3520 gratiam
911 3449 1040 3507 vocatio-
1095 3452 1258 3525 tegendum
1273 3468 1336 3509 sese
1359 3451 1482 3526 aptavit.
1499 3455 1535 3510 At
1553 3451 1595 3508 illi
1610 3455 1729 3525 stupere
1748 3448 1814 3522 jam
1828 3463 1927 3520 empe-

208 3553 257 3637 ms
271 3538 336 3608 ejus
351 3551 414 3592 non
435 3535 572 3608 recepisti
593 3537 629 3607 [s,
646 3536 800 3610 sprevistil,
816 3539 889 3612 quia
904 3555 1041 3595 commu·
1094 3545 1174 3611 runt,
1199 3540 1256 3597 sed·
1277 3557 1341 3597 rem
1365 3540 1536 3613 diligentius
1561 3540 1635 3598 scire
1659 3538 1803 3608 volentes,
1824 3537 1926 3596 adhuc

207 3631 351 3728 maenam
366 3639 421 3698 pro
435 3624 538 3682 anima
553 3628 680 3682 tuanen
694 3625 812 3697 dedisti,
826 3627 899 3702 quia
913 3628 1042 3686 salutem
1096 3629 1180 3687 tertio
1194 3629 1352 3686 brachium
1367 3627 1531 3698 reflectunt,
1547 3644 1734 3703 manumque
1746 3643 1838 3702 super
1856 3641 1926 3700 peo-

208 3731 273 3788 eJus
287 3729 319 3771 in
339 3728 472 3770 vacuum
495 3728 558 3814 non
580 3713 731 3788 accepisti,
755 3714 828 3789 quia
849 3715 955 3774 intima
979 3721 1041 3788 tna,
1097 3723 1143 3776 tus
1167 3719 1206 3776 ad
1229 3719 1354 3777 alteram
1376 3719 1533 3777 reducunt.
1548 3721 1620 3786 Quae
1641 3718 1778 3794 protinus
1804 3731 1927 3773 summa

208 3819 278 3906 qum
292 3803 330 3860 de
348 3818 456 3905 amore
470 3802 577 3859 Christi
591 3818 783 3878 conceperas,
798 3821 859 3862 non
881 3805 1041 3880 projecisti,
1096 3809 1250 3868 velocitate
1269 3809 1414 3884 predicta
1435 3809 1582 3878 membra,
1597 3809 1673 3867 sicut
1693 3808 1777 3882 prius
1799 3806 1926 3881 repetiit,

208 3911 281 3970 quia
304 3897 473 3952 tentaboms
497 3897 631 3967 tempore
656 3910 718 3952 non
744 3897 901 3970 recessisti,
916 3897 989 3971 quia
1012 3897 1044 3954 in
1097 3904 1126 3958 et
1140 3899 1262 3958 obtexit.
1273 3899 1452 3957 Polinctores
1465 3904 1567 3956 autem
1582 3897 1780 3957 admiratione
1795 3896 1887 3954 simul
1899 3898 1929 3951 et

209 3987 333 4042 externa
342 3981 497 4057 praesentis
511 3984 577 4040 vitre
589 3983 702 4056 gaudia
713 3987 812 4042 tenen
824 3985 1045 4060 effecistique
1098 4005 1210 4066 pavore
1225 3989 1362 4064 perclusi,
1375 3989 1440 4062 jem
1459 3992 1530 4046 tunc
1545 3988 1829 4058 animadverterunt,
1843 3983 1930 4060 quod
2042 4011 2043 4014 ¹

209 4073 326 4130 honum
351 4071 489 4130 iaciendo
513 4087 575 4130 non
598 4071 740 4132 delecisti.
755 4076 863 4132 Verum
884 4080 1043 4140 tamenin,
1098 4081 1156 4138 hoc
1177 4079 1292 4154 absque
1314 4079 1342 4137 vi
1365 4078 1468 4137 divina
1481 4078 1652 4136 nullatenus
1677 4077 1844 4136 accidisset.
1859 4077 1930 4132 For-

211 4162 336 4262 liomine
351 4164 438 4230 Deus,
452 4165 488 4262 ¹tu
501 4177 555 4236 per
568 4162 670 4237 ipsum
683 4169 795 4221 nesure
814 4166 1045 4240 praesumptioni
1099 4169 1187 4228 tussis
1210 4169 1291 4226 enim
1314 4184 1367 4244 per
1382 4169 1439 4226 hoe
1454 4168 1569 4226 coelitus
1592 4167 1826 4235 monstrabatur,
1844 4162 1931 4240 quod
2042 4211 2043 4230 ι

210 4265 344 4321 ignosce.
361 4252 435 4308 Nam
450 4265 481 4306 vn
502 4251 560 4308 hae
572 4251 716 4309 relatione
731 4269 887 4311 excessum
902 4255 1044 4314 formida·
1100 4258 1293 4318 adcastitatis
1315 4259 1463 4333 pudorem
1486 4258 1729 4316 conservandum
1744 4251 1929 4331 semperillrt
2042 4283 2043 4294 ι

212 4356 291 4410 mus,
305 4339 451 4439 qnoniam
466 4338 498 4396 id
518 4340 707 4410 tentavimus,
723 4343 762 4399 ad
783 4343 868 4417 quod
891 4345 1044 4415 agendum
1100 4364 1170 4406 earo
1188 4348 1287 4407 vivens
1309 4347 1510 4406 verecundata
1531 4347 1574 4404 iit.
1589 4337 1806 4421 Corpusculum
1825 4345 1928 4418 itaque

213 4427 383 4484 nullatenus
398 4427 497 4485 idonei
513 4445 628 4486 sumus.
646 4429 721 4496 Quia
739 4430 807 4488 licet
821 4432 869 4489 ille
884 4433 993 4504 dignus
1008 4436 1045 4493 sit
1100 4439 1272 4495 festinanter
1292 4441 1483 4511 operuerunt.
1499 4439 1604 4496 Postea
1626 4453 1698 4494 vero
1721 4452 1816 4511 quam
1841 4433 1929 4492 indu·

213 4517 313 4586 laude,
329 4516 360 4574 in
374 4533 435 4592 quo
449 4521 481 4574 tu
493 4517 642 4588 landaris3
658 4535 714 4576 nos
730 4525 840 4591 tamen,
857 4525 993 4598 Domine,
1004 4525 1045 4583 ad
1098 4527 1234 4586 menium
1247 4527 1371 4602 accepit,
1387 4525 1557 4586 nullatenus
1582 4525 1703 4602 uspiam
1725 4541 1791 4582 sese
1815 4539 1928 4582 manus

213 4607 294 4666 hane
318 4605 507 4664 referendam
530 4607 647 4679 indigni
675 4625 791 4682 sumus,
815 4611 888 4684 quia
913 4628 973 4670 non
1002 4619 1045 4672 est
1098 4617 1149 4676 illa
1163 4617 1303 4676 extendit.

214 4697 346 4798 speciem
362 4699 428 4755 icus
442 4698 474 4755 in
490 4713 540 4757 cre
552 4700 717 4769 peccatoris
731 4699 836 4773 (Ereti.
851 4717 901 4774 xv,
915 4706 953 4773 e).
970 4704 1044 4762 San·
1133 4707 1176 4765 lll.
1190 4701 1930 4783 Suiautem,quamplurimismmitantibusturbis,

216 4790 255 4844 ch
278 4801 349 4858 ergo
373 4787 425 4860 tui,
448 4791 480 4846 ut
503 4787 648 4862 seriptum
673 4793 728 4862 est,
750 4788 931 4850 benedicent
954 4796 993 4864 te,
1017 4799 1069 4852 et·
1098 4791 1930 4868 corpusilludsanetumadAureliacumsieutipsejus·

216 4879 374 4947 operatua
388 4876 585 4942 confiteantur
600 4877 664 4945 tint.
681 4879 895 4968 sedquoniam
909 4881 1046 4974 imperia
1099 4887 1187 4966 serat,
1198 4883 1376 4963 detulerunt,
1387 4886 1453 4942 etin
1468 4887 1631 4948 aristonem
1640 4883 1785 4961 lapidem,
1796 4883 1874 4954 itit)
1888 4877 1931 4938 ad

216 5016 332 5147 ugfflelt
343 5020 417 5149 Ghtitm
430 5033 526 5154 ιρῖιαν
538 5046 577 5090 ecc
590 5047 672 5095 more
681 5035 812 5102 nudatus
820 5039 861 5105 ad
869 5040 1043 5113 meandum:
1099 5043 1193 5112 sensis
1214 5046 1245 5109 in
1260 5041 1327 5107 Vita
1341 5042 1435 5121 ipsius
1452 5037 1527 5100 Petri
1539 5031 1745 5096 Venerabilis:
1770 5020 1936 5085 «Defertur

238 5109 401 5222 ostmoroec
421 5113 457 5154 ve
471 5115 507 5156 us
529 5104 744 5170 nudandarum
768 5132 803 5174 ae
825 5119 1045 5183 abluendorum
1099 5123 1194 5183 sancti
1212 5121 1303 5180 Patris
1318 5133 1428 5192 corpus
1442 5115 1481 5173 ad
1504 5113 1607 5170 locum
1628 5106 1681 5164 ubi
1698 5115 1828 5177 corpore
1850 5107 1935 5154 moro

215 5173 303 5289 hmo
396 5182 427 5223 m
452 5185 624 5258 ⁰⁰PP⁰.¹'¹¹¹¹¹·
640 5182 936 5269 Petrusvenerabttis
958 5196 1009 5254 lib.
1024 5213 1045 5254 ιι
1099 5201 1220 5255 tuorum
1242 5192 1439 5252 levabantur:
1463 5189 1492 5244 et
1509 5182 1553 5242 ihi
1575 5175 1760 5239 vestimentis
1783 5169 1929 5238 nudatus,

215 5251 386 5361 niffen
410 5243 478 5311 '²³'
494 5243 547 5326 ¹¹·b¹
569 5246 607 5332 ἀρ
630 5257 780 5336 exsequris
804 5267 831 5319 el
847 5267 1044 5326 tumulatione
1099 5266 1255 5341 glorificati
1281 5261 1413 5322 hominis
1440 5257 1536 5329 gretia
1567 5251 1682 5310 cunctis
1705 5242 1879 5304 videntibus
1902 5243 1931 5296 et

214 5317 268 5428 ὦ
289 5321 361 5437 Πξῑα
377 5380 397 5438 d
412 5326 699 5451 anepsisneprseopr:
723 5349 737 5378 ιι
749 5331 850 5392 Fertur
864 5338 962 5396 statim
971 5334 1045 5412 justi
1099 5338 1288 5416 stupentibus
1303 5330 1505 5409 apparebat»
2042 5345 2043 5370 t

293 5449 362 5506 unta
398 5389 492 5468 ems
511 5404 582 5448 mm
597 5403 802 5481 metuebam
814 5409 1043 5482 monachorum,
1135 5412 1209 5485 (tle)
1223 5410 1273 5467 Ad
1286 5408 1440 5466 staturum
1465 5392 1596 5458 basilica
1615 5393 1709 5465 ipsius
1727 5391 1824 5461 Juxta
1841 5398 1931 5442 cram
2042 5419 2043 5432 ,

215 5513 263 5567 ¹111
287 5467 445 5578 Αιιιιιιᾳι01181
466 5475 549 5520 mom
563 5463 734 5538 psalm⁰d¹³
749 5476 882 5553 undique
901 5481 1044 5541 decanta·
1097 5483 1130 5541 S.
1145 5483 1239 5542 Petri.
1264 5476 1432 5536 chronicon
1456 5469 1686 5528 lemovicense:
1707 5483 1722 5512 e
1732 5461 1861 5540 sanctim
1877 5457 1933 5512 Ge·

214 5551 350 5645 elbidum
389 5533 479 5653 uehat
502 5535 646 5618 ⁸⁰·habet
668 5549 838 5606 mmmm
860 5557 982 5622 11105,θὶ
999 5571 1043 5614 se·
1097 5554 1201 5612 raldus
1215 5552 1299 5619 obiit,
1313 5554 1342 5606 et
1359 5548 1390 5604 in
1416 5539 1598 5602 monasterio
1619 5535 1831 5596 aureliacensi,
1846 5524 1935 5601 quod

213 5669 265 5711 mc
324 5607 425 5716 hquo
458 5617 522 5674 ¹9⁸⁰
538 5616 759 5695 Ῑ-υὲἓθῖἂῐιευο,
798 5637 836 5679 UO
852 5637 1044 5699 nunquume
1097 5625 1130 5686 in
1143 5626 1259 5683 honore
1275 5619 1371 5680 saneti
1383 5616 1458 5675 Petri
1481 5611 1692 5674 aedificaverat,
1708 5601 1883 5676 sepelitur.»
1899 5597 1937 5678 lit

266 5670 324 5716 nac
346 5677 521 5743 oceruerat,
533 5677 628 5736 cilicio
659 5699 732 5756 nus,
747 5635 857 5752 darino
870 5697 1044 5764 monachali
1098 5697 1281 5784 chronolog,
1293 5692 1441 5752 abbatum
1449 5678 1691 5746 sanctillartiulis
1703 5693 1710 5732 :
1721 5697 1736 5727 ι
1749 5669 1935 5756 sepultum

213 5727 537 5852 cucullavestiturpltt
550 5747 617 5809 Rad
649 5753 730 5826 phus
741 5766 913 5827 monachus
928 5769 1044 5856 Clupic3
1099 5761 1377 5856 Ιιιιςιιιιιιιρῃοιιιοιιὶ
1389 5755 1527 5834 apostoli,
1537 5751 1620 5830 qnod
1631 5743 1931 5826 ipseadiiicaverat.·

1186 5933 1224 5956 v''
1260 5913 1276 5932 'fl

1182 5955 1185 5968 “
1243 5969 1256 6016 ι

1255 6039 1259 6048 .
