4106 6148
115 124 167 178 933
375 143 377 147 ⁴
926 120 1007 180 Vm

117 243 295 316 synodalem
323 244 436 302 Odonis
474 244 633 302 sistolam
665 244 706 300 ad
736 243 944 316 suffraganeos
958 247 983 304 Α
996 244 1133 314 das,ime
1148 245 1238 318 (quod
1250 247 1335 304 dictu
1349 251 1679 320 quequemeticulennn
1692 253 1828 324 cellara-

118 331 190 371 suos
214 321 344 386 tempere
361 317 482 372 Edmuu
506 319 517 372 i
541 318 619 388 regis
642 315 796 382 directam,
817 333 878 389 qna
893 332 944 372 eos
1000 317 1616 390 laterumhorripilationeneglectas,cvm
1629 325 1828 394 indesenente

116 385 262 454 hortatur,
279 393 309 442 ut
330 403 368 444 ne
387 389 483 458 tepide
505 393 531 443 :st
547 388 732 468 negligenter
747 389 778 443 in
803 405 836 444 re
857 389 945 443 iatine
998 389 1069 450 Dee,
1083 389 1224 445 sciliceta
1240 391 1303 446 lece
1318 389 1451 459 sepulcri
1464 393 1538 460 ejus,
1561 395 1683 466 quidam
1697 400 1829 452 transtu-

118 460 288 514 animarum
303 465 525 540 conversentur,
540 475 601 531 qua
616 474 647 513 ιιι
661 458 823 586 epistolaO
847 475 945 514 enen
1000 459 1111 524 lisseol,
1132 463 1302 516 reverenter
1327 464 1440 531 accepi,
1463 467 1553 534 atque
1577 463 1660 521 intre
1684 465 1827 522 ambitum

117 529 272 595 mediocre,
288 533 319 584 ιιι
334 529 484 585 Willelmo
498 544 597 585 nsum
610 533 664 596 est,
691 532 849 587 itterermn
864 531 944 586 dedit
997 532 1247 598 metrepolitancr,
1264 533 1314 587 cui
1326 534 1428 602 pretio
1441 534 1496 590 Dei
1507 536 1662 604 presence,
1671 537 1826 593 collocavi.

118 601 272 666 indicium,
284 600 336 656 sed
347 601 445 672 majus
478 601 572 656 letalis
585 617 620 656 ac
632 600 838 658 sollicitudinis
848 607 946 674 pasto
997 601 1103 672 ltaque
1114 607 1205 658 conte
1216 608 1336 674 temque
1349 604 1516 674 Deodigna
1528 606 1690 676 esttriitotis
1702 607 1828 664 detecto-

118 670 198 726 ralis.
216 675 280 726 Haec
295 672 420 744 epistola
489 688 524 728 eo
544 671 721 745 scriptaest,
739 677 771 730 ut
785 677 858 744 puto
878 676 947 745 post
1000 677 1047 727 tus
1063 673 1224 738 vicinitate,
1236 679 1263 730 et
1279 675 1402 732 editiore
1416 689 1463 732 ees
1478 678 1602 734 entheca
1624 678 1776 742 decusare,
1800 683 1828 735 et

119 743 341 798 constitutiones
355 741 486 815 abipsos
501 742 576 800 latas
587 743 759 800 aubeodem
772 759 880 812 regan
905 741 946 798 ud
1000 743 1147 812 excerptis
1161 745 1197 800 de
1213 743 1288 800 libre
1319 745 1391 801 Vita
1412 749 1477 814 eius
1493 749 1627 817 flosculis
1647 765 1722 805 neve
1742 763 1829 818 opere

120 813 336 882 Spetmannum
349 813 453 880 editas,
478 813 509 870 in
530 813 641 886 quibus
655 819 777 870 cavetur
795 815 833 870 de
848 829 865 870 e
900 814 946 870 cio
996 813 1128 883 pretium
1143 815 1220 872 duci
1233 818 1367 872 carmine
1380 823 1547 888 venustare,
1562 818 1593 874 id
1608 823 1715 892 estper
1726 818 1827 875 Fride·

117 883 204 948 regis,
221 883 289 939 eleri
304 889 333 940 et
346 885 587 954 magistratuum.
617 889 648 940 ln
667 886 769 959 capite
790 890 816 950 e.
842 901 946 942 mena·
999 883 1138 954 gedum:
1182 885 1241 942 nod
1271 891 1371 942 tamen
1398 888 1573 958 Eadmerus,
1597 895 1625 946 ιι
1648 891 1750 947 forsan
1778 889 1828 947 alii

118 954 191 1009 chos
204 954 339 1012 hortatur
350 965 383 1012 ut
399 959 430 1012 in
445 958 527 1012 ernni
541 957 713 1014 humilitate
730 964 757 1013 et
781 957 946 1014 odedientia
1000 956 1147 1016 nonnulli.
1159 903 1259 1014 ίὗιιοιιι
1274 958 1449 1014 tribuerunt.
1466 961 1568 1016 Nescio
1583 977 1622 1018 an
1633 961 1757 1019 certiora
1768 963 1829 1018 sint

118 1026 166 1080 die
177 1033 325 1098 noctuque
338 1032 406 1084 veta
417 1043 473 1084 saa
485 1029 651 1098 adimplere
662 1029 812 1096 studeant,
827 1044 946 1098 purne-
1000 1042 1067 1098 qinr¹
1080 1029 1117 1084 de
1131 1029 1195 1084 aliis
1209 1028 1320 1086 Odonis
1335 1028 1451 1102 seriptis
1466 1029 1557 1087 habet
1581 1032 1703 1101 Pitseus,
1729 1031 1781 1106 qui
1801 1032 1828 1088 ιι

118 1104 219 1152 nentes
232 1099 263 1152 in
278 1101 382 1154 timere
396 1099 450 1155 Dei
465 1101 496 1153 in
515 1099 654 1158 ecclesiis.
671 1099 722 1154 ubi
742 1115 773 1156 se
796 1106 862 1155 vete
877 1115 946 1155 cen·
1000 1096 1123 1173 insuper
1136 1099 1237 1157 tribuit
1250 1099 1360 1155 librum
1377 1115 1471 1156 unum
1487 1099 1526 1157 ad
1547 1099 1747 1159 Floriacanses
1772 1115 1828 1178 pro

118 1169 319 1224 strinxerunt.
335 1171 402 1224 Neu
417 1171 477 1226 sint
490 1170 672 1240 vagabundi,
685 1185 779 1242 neque
789 1171 946 1241 perrevepi,
1000 1177 1175 1239 nepotesue
1191 1170 1346 1236 oswalde;
1359 1170 1450 1226 alium
1462 1171 1577 1228 itemde
1590 1173 1662 1229 reali
1673 1173 1828 1247 praesentia

118 1240 171 1309 evi
197 1255 303 1296 nomen
327 1242 467 1296 monachi
487 1241 668 1309 desiderent,
694 1243 826 1311 efficium
848 1249 946 1298 eutem
1001 1244 1117 1315 corpori
1147 1243 1251 1300 Christi
1276 1243 1308 1298 in
1336 1243 1529 1310 Eucharistia,
1557 1243 1689 1318 itemque
1716 1245 1827 1301 librum

119 1312 184 1379 ejvs
199 1317 393 1368 centemnunt
408 1328 415 1366 :
430 1313 482 1369 scd
495 1313 657 1369 secundum
673 1315 810 1382 canneto
829 1318 946 1382 epeste-
1001 1313 1827 1387 unumepistelarum,etalinmdiversorumpeemalum.

121 1381 229 1444 terum,
249 1398 306 1452 per
330 1383 463 1439 habiturn
491 1381 681 1452 humititatis,
709 1384 861 1442 tuberibus
886 1400 947 1440 rna·
1040 1389 1067 1442 ι.
1089 1385 1174 1451 Quod
1199 1390 1343 1459 superest,
1373 1385 1546 1454 Eadmerus,
1574 1385 1736 1443 willelmus
1759 1385 1829 1444 ltal-

118 1467 223 1519 nuum,
239 1459 266 1508 et
283 1453 407 1510 lectione
420 1469 518 1518 secra.
539 1459 566 1510 et
592 1456 740 1510 continuis
762 1455 948 1511 erationibus
1001 1455 1225 1528 mesburiensis‚
1246 1455 1399 1513 Matthaeus
1418 1455 1752 1527 westmonasteriensis,
1765 1455 1828 1513 alii-

119 1537 151 1600 se¹
170 1532 347 1580 exercentes.
369 1525 412 1580 Ad
439 1525 503 1581 haee
528 1524 691 1581 Eadmerus
713 1527 743 1580 in
767 1527 893 1607 prologo
908 1523 947 1581 ad
1001 1546 1060 1612 qne
1073 1527 1208 1584 Odonem
1220 1532 1356 1584 sanctum
1371 1531 1489 1593 vocant,
1506 1531 1534 1584 et
1545 1532 1614 1601 post
1625 1543 1676 1584 ees
1691 1527 1828 1584 cardina·

119 1593 217 1648 Vitam
245 1595 339 1651 sancti
358 1596 481 1652 wilfridi
505 1602 654 1652 memorat
679 1597 791 1654 edonis
814 1597 983 1662 ttbehuma
1001 1600 1037 1656 hs
1053 1599 1196 1656 Barenius
1209 1599 1240 1654 in
1254 1603 1337 1654 tomo
1349 1599 1376 1651 X
1387 1599 1559 1668 Annalium,
1575 1600 1692 1656 tametsi
1705 1600 1735 1655 in
1755 1602 1828 1657 Ιιι-

119 1665 214 1746 nostri
229 1665 341 1722 devita
356 1671 384 1722 et
398 1667 626 1724 conversatione
637 1667 731 1740 ipsius
742 1667 873 1724 Wiliridi.
891 1667 948 1724 Sed
1001 1671 1149 1744 tyrologio
1164 1673 1299 1726 Romano
1309 1669 1410 1726 lecum
1425 1685 1486 1726 nen
1501 1670 1593 1728 hahet
1607 1670 1681 1728 Ode.
1694 1673 1769 1728 Eam
1781 1669 1829 1726 die

118 1735 304 1793 libellusiste
324 1737 496 1794 sinedubio
517 1738 728 1796 nonaliusest
761 1738 946 1808 uamFride-
1024 1747 1109 1798 uarta
1120 1741 1189 1798 tulii
1206 1741 1245 1797 ad
1259 1739 1419 1796 Dominum
1434 1741 1579 1808 migrasse
1602 1758 1639 1798 ιιι
1664 1739 1829 1816 Capgrarie

120 1805 190 1876 godi
206 1823 338 1876 carmen,
349 1808 397 1864 cni
411 1808 442 1865 in
457 1809 611 1866 codicibus
626 1823 730 1866 nonnu
753 1827 777 1866 ιι
786 1809 948 1936 premissa
1001 1830 1019 1869 a
1032 1815 1126 1886 iisque
1135 1811 1329 1886 scriptoribus
1337 1811 1466 1880 anglicis
1474 1813 1657 1870 hlaiheuvius
1668 1811 1830 1882 decet,non

119 1877 483 1952 estodonisepistola,in
522 1881 767 1938 naheecverba:
800 1884 884 1954 gitur
900 1897 946 1938 ve-
1002 1885 1129 1957 septima
1143 1883 1303 1952 Februarii,
1326 1895 1388 1954 qua
1402 1882 1450 1939 die
1470 1883 1507 1940 de
1531 1887 1636 1940 sancte
1655 1884 1759 1941 odone
1769 1881 1830 1953 agit

120 1949 326 2008 ιιναιιιιιιιιιαι
342 1950 420 2008 beati
434 1895 611 2020 renasceris
627 1951 741 2008 Christi
760 1953 946 2022 Witsridire·
1001 1955 1134 2011 ltelanus
1155 1955 1186 2010 in
1207 1952 1416 2010 additionibus
1428 1954 1468 2010 ad
1483 1955 1662 2012 Usuardum.
1679 1955 1831 2012 Laudatur

122 2021 230 2091 liquim
243 2021 393 2079 indecenti
408 2029 565 2080 senticosa
588 2025 740 2096 vereginis
758 2025 818 2080 situ
840 2025 948 2080 merci
1000 2024 1828 2099 maximeinsequeutevnasbunsnuipereshemum.

267 2153 329 2211 Ode
340 2169 478 2226 paganos
490 2161 632 2225 parentes
647 2155 799 2227 relinquit.
1002 2159 1192 2232 aliquatenus
1209 2173 1273 2214 esse
1285 2157 1438 2230 judicans,
1454 2161 1487 2214 ut
1502 2154 1560 2215 tale
1585 2157 1677 2215 decus
1701 2159 1830 2232 paganis

158 2249 183 2298 t.
204 2243 383 2300 Venerabilis
398 2245 503 2302 Christi
522 2245 676 2303 confessor
695 2245 769 2316 Cdo,
796 2245 948 2302 nobilibus
1001 2248 1108 2305 ritihus
1121 2247 1178 2304 sub
1191 2249 1283 2322 patris
1298 2247 1423 2320 imperio
1438 2247 1609 2314 deserviret,
1637 2251 1764 2321 paterno
1788 2247 1830 2306 al·

121 2329 173 2386 sed
186 2331 313 2403 paganis
329 2333 403 2402 (267)
415 2333 589 2406 parentibus
604 2333 760 2404 oriundus,
782 2333 859 2390 sient
878 2349 948 2390 resa
1002 2337 1080 2393 fectu
1094 2335 1178 2393 illum
1193 2335 1333 2410 suscepit,
1356 2335 1530 2393 defensione
1548 2336 1685 2406 munivit,
1711 2335 1830 2394 auxiliis

120 2435 136 2476 ι
151 2420 245 2492 spinis
262 2419 370 2488 tloruit,
385 2421 433 2477 vel
445 2423 531 2495 quasi
546 2423 710 2495 pretiosum
723 2423 760 2479 de
774 2423 883 2479 ritihus
898 2439 948 2479 va·
1002 2425 1177 2481 necessariis
1193 2423 1283 2480 simul
1297 2429 1325 2480 ιι
1337 2439 1399 2480 non
1413 2423 1587 2482 necessariis
1610 2425 1692 2493 tevit,
1722 2423 1831 2482 deinde

120 2507 209 2565 scidis
224 2523 329 2566 aroma
341 2511 494 2582 processit.
510 2513 584 2569 Nam
597 2527 634 2568 ex
652 2511 746 2586 impia
759 2509 809 2570 illa
831 2515 949 2568 senate·
1003 2515 1104 2571 Graeca
1118 2530 1153 2570 ac
1168 2513 1271 2570 Latina
1284 2511 1388 2585 lingua
1400 2513 1552 2584 magistris
1564 2513 1754 2572 edocendum
1770 2519 1830 2572 tra·

119 2615 188 2654 ram
204 2597 392 2657 mullitudine
406 2597 499 2657 fertur
513 2615 608 2671 genus
625 2599 777 2670 habuisse,
793 2617 862 2675 quae
877 2599 949 2657 oh'm
1002 2601 1086 2673 didit,
1100 2617 1230 2676 quarum
1242 2603 1414 2673 linguarum
1430 2603 1579 2677 plerisque
1593 2609 1665 2661 tunc
1687 2603 1830 2678 temperis

121 2685 386 2745 sceleratissimum
406 2689 582 2762 praedonem
611 2693 770 2760 lngaarem
796 2689 948 2758 comitata,
1002 2691 1033 2748 in
1049 2697 1135 2762 gente
1151 2691 1316 2762 anglorum
1330 2707 1404 2748 usus
1419 2697 1491 2761 erat,
1516 2707 1535 2750 a
1559 2691 1713 2768 discipulis
1733 2693 1830 2750 beata

120 2775 222 2834 navah
245 2793 339 2834 mann
353 2777 383 2834 iu
398 2795 526 2850 regnum
548 2778 713 2850 anglorum
739 2783 785 2836 est
813 2779 947 2835 advecta.
1002 2779 1156 2836 memoriae
1165 2777 1312 2836 Theodori
1320 2780 1537 2854 archiepiscopi
1545 2779 1831 2854 profectuatauns·

122 2869 179 2922 llos
195 2865 241 2922 ille
254 2867 415 2925 nativitatis
429 2869 580 2942 principes
593 2871 724 2942 sortitus,
736 2873 764 2926 et
778 2885 883 2926 eorum
898 2883 949 2925 ac·
1002 2872 1118 2941 quaest
1132 2867 1163 2923 in
1175 2871 1301 2941 utraque
1312 2867 1417 2940 lingua
1428 2867 1517 2925 valde
1528 2881 1650 2940 gnarus,
1662 2869 1703 2926 ita
1712 2873 1746 2926 ut
1759 2881 1830 2943 pos-

120 2955 309 3014 curatissima
320 2957 496 3014 educatione
509 2957 638 3032 pueriles
654 2973 751 3015 annos
778 2955 948 3028 translatus,
964 2959 985 3017 C
1004 2961 1047 3014 ιιι
1061 2960 1202 3030 poemata
1216 2955 1338 3029 tingere,
1354 2971 1478 3031 prosam
1502 2957 1694 3028 concinnare,
1718 2961 1746 3014 ιι
1769 2971 1833 3014 em·

121 3139 164 3191 ter
174 3135 267 3206 adire,
283 3135 401 3192 divinos
413 3137 466 3209 qul
482 3135 521 3192 ab
535 3135 591 3193 illis
606 3136 783 3193 dicebantur
794 3152 949 3192 sermones
1004 3147 1143 3191 sermone
1154 3133 1296 3208 proferre.

121 3237 234 3294 magna
250 3223 342 3281 animi
356 3223 552 3282 oblectatione
568 3223 681 3295 audire,
707 3223 884 3298 donumque
906 3240 950 3279 re·
1325 3282 1331 3292 ,
1358 3281 1363 3294 ,
1439 3281 1445 3294 ‚
1472 3281 1502 3294 ,,

121 3317 239 3369 vertens
251 3329 319 3387 qnae
335 3313 470 3370 audierat
483 3319 643 3388 parentum
656 3313 779 3371 auribus
792 3313 897 3370 sedule
907 3312 950 3368 in·
1255 3279 1417 3338 O'd'mbu'
1432 3285 1583 3338 ''um''

122 3401 256 3460 tundere.
280 3403 375 3476 Super
389 3404 500 3477 quihus
515 3403 667 3460 bonorum
696 3405 865 3461 studiorum
890 3402 950 3476 pri·
1041 3410 1067 3463 3.
1102 3405 1249 3462 Posthac
1277 3409 1465 3462 sacramento
1489 3404 1678 3479 baptismatis
1699 3407 1832 3474 renatas,

124 3491 246 3548 inordiis
272 3497 357 3566 pater
383 3493 493 3566 impius
515 3493 606 3568 impie
629 3493 770 3562 irritatus,
794 3493 952 3567 prohibeat
1006 3491 1133 3550 clericali
1146 3493 1451 3564 tensnradecoratus,
1468 3507 1562 3566 usque
1577 3491 1617 3550 ad
1632 3491 1834 3550 subdiacona-

124 3581 247 3638 omnino
275 3597 312 3638 ne
338 3583 485 3640 Christum
512 3584 690 3653 nominaret,
716 3599 791 3641 neve
811 3589 952 3657 paternas
1006 3589 1053 3640 tus
1078 3583 1277 3640 ministeriam
1304 3583 1419 3641 demini
1444 3582 1491 3639 sui
1509 3581 1713 3640 admonitione
1729 3584 1836 3656 perdu-

123 3671 321 3728 institutiones
336 3672 508 3730 Christiana
523 3671 674 3744 religionis
688 3674 881 3731 veneratione
894 3673 951 3729 im·
1007 3678 1071 3730 ctus
1086 3677 1151 3730 est:
1168 3673 1199 3730 in
1214 3689 1275 3746 qne
1291 3673 1388 3744 gradu
1402 3687 1456 3746 per
1471 3671 1586 3746 aliquot
1600 3685 1697 3729 annos
1712 3672 1754 3729 ita
1768 3685 1836 3728 san-

124 3765 264 3816 mutaret.
279 3763 387 3817 Verum
402 3761 459 3829 ille,
475 3763 662 3835 prohibentis
687 3763 847 3836 imperium
867 3761 951 3835 peni·
1007 3763 1106 3818 etitate
1121 3764 1188 3818 vilre
1199 3765 1228 3818 ιι
1241 3763 1462 3835 praedicationis
1477 3761 1643 3818 sinceritate
1653 3761 1838 3834 pellebat,nt

124 3854 172 3905 tus
198 3847 377 3920 despiciens,
406 3849 504 3920 magis
523 3865 558 3906 ac
582 3850 679 3920 magis
699 3851 834 3906 Ecclesiae
848 3849 954 3905 limina
1007 3850 1180 3924 quicunque
1194 3847 1279 3904 illum
1293 3851 1478 3918 agnosceret,
1502 3849 1627 3920 Spiritus
1643 3845 1738 3904 sancti
1761 3853 1836 3904 tem·

125 3941 227 4004 terere,
243 3941 271 3993 et
284 3935 376 3992 divini
386 3937 472 3993 Verbi
484 3937 597 3994 intento
611 3937 713 3994 animo
724 3937 840 3994 semina
857 3937 952 4011 perci·
1007 3939 1092 4012 plum
1105 3953 1172 3995 esse
1187 3953 1249 3994 non
1263 3937 1432 4007 dubitaret;
1448 3937 1645 4010 omniumque
1666 3935 1838 3994 testimonio

125 4041 206 4099 pere,
220 4029 248 4081 ιι
262 4041 330 4098 quas
355 4027 486 4099 coeperat
512 4025 627 4100 absque
648 4041 760 4100 pavore
779 4026 862 4082 domi
877 4041 954 4082 nun·
1008 4025 1119 4098 dignus
1144 4029 1221 4083 esset
1249 4025 1301 4099 qui
1325 4025 1364 4081 ad
1387 4025 1494 4082 altiora
1512 4023 1648 4082 Ecclesiae
1663 4025 1837 4095 ministeria,

125 4115 208 4172 tiara.
225 4115 297 4171 ltine
311 4114 418 4171 iterum
432 4119 517 4188 pater
539 4129 631 4188 supra
644 4113 814 4172 humanum
828 4113 954 4171 medum
1007 4115 1076 4172 lieet
1099 4120 1170 4172 retas
1199 4115 1264 4186 ejus
1292 4115 1452 4188 (quantum
1474 4111 1514 4170 ad
1537 4113 1671 4171 instituta
1686 4129 1839 4171 canonum

125 4209 330 4278 exasperatus,
346 4203 525 4276 gravissima
539 4203 623 4260 illum
638 4204 824 4280 correptione
839 4203 953 4275 affligit,
1009 4207 1131 4280 spectat)
1157 4203 1215 4261 hoc
1242 4203 1423 4277 prohiberet,
1451 4203 1577 4276 provehi
1600 4201 1732 4260 deberet.
1756 4201 1839 4260 Unde

123 4295 234 4368 jusque
248 4291 440 4361 haereditatis
453 4291 537 4367 quod
553 4291 592 4350 ad
605 4291 688 4349 illum
699 4293 764 4364 lega
775 4291 956 4367 primogeni-
970 4310 993 4375 p
1010 4311 1120 4352 suasus
1137 4311 1155 4351 a
1169 4293 1294 4352 demine
1307 4309 1362 4350 sue
1372 4297 1405 4350 ιιι
1420 4291 1459 4350 ad
1475 4293 1677 4350 sacerdotium
1691 4309 1723 4351 se
1732 4293 1841 4352 sineret

127 4387 225 4439 terum
241 4383 341 4439 venire
356 4381 497 4449 debehat,
514 4379 672 4439 subtrahit.
685 4383 758 4438 Tum
769 4397 844 4455 puer
854 4379 955 4437 exsul-

125 4471 235 4528 lausia
253 4471 379 4528 Domino
391 4470 475 4544 qued
488 4469 578 4528 talem
594 4485 650 4544 pre
665 4469 730 4542 ejus
749 4469 872 4526 nemine
887 4483 955 4542 pre·

127 4561 318 4636 scriptionem
331 4560 444 4618 subiret
457 4561 488 4618 in
503 4565 582 4618 terra
599 4563 722 4634 prepter
746 4575 840 4633 qnam
864 4557 955 4616 asert-

126 4649 262 4706 bendum
275 4665 305 4706 se
320 4665 386 4706 esse
399 4639 568 4706 consideret
589 4647 621 4704 iu
643 4646 730 4720 eoelc,
755 4645 887 4704 dimissis
902 4662 955 4719 pa-

127 4737 271 4806 rentibus,
283 4741 442 4812 parentum
458 4737 576 4806 divitiis,
592 4735 737 4794 andaset
760 4737 843 4794 omni
867 4751 956 4794 mun·

128 4827 209 4885 dano
224 4827 331 4885 decere
344 4827 480 4902 privatus
493 4825 619 4898 aufugit.

283 4918 456 4975 athelmum
471 4917 536 4974 adit
544 4930 556 4990 ;
572 4917 679 4974 litteris
691 4917 799 4974 studet.

162 5009 189 5062 ι.
211 5005 297 5063 adite
309 5006 410 5080 itaque
424 5003 501 5061 duce
516 5005 663 5077 quedam,
674 5005 796 5062 nemine
809 5003 956 5074 athelmo,

1009 4381 1171 4452 ιιιιιιιιιιι,
1186 4389 1336 4458 quatenus
1352 4383 1391 4441 ah
1406 4382 1457 4440 itte
1471 4383 1608 4440 ιιιιιιιιιιιι
1627 4383 1762 4457 quetidie
1776 4379 1840 4440 effi-

1009 4473 1090 4531 cium
1115 4473 1241 4544 audiret,
1271 4473 1357 4545 cujus
1381 4471 1476 4529 vitam
1498 4471 1709 4539 castissimam,
1730 4487 1840 4528 manns

1008 4577 1079 4619 vero
1093 4559 1248 4619 munditia
1263 4561 1369 4636 plenas
1384 4561 1563 4632 agnovisset,
1579 4559 1638 4629 ιιιι,
1654 4559 1772 4632 objecta
1785 4559 1841 4615 im·

1009 4655 1129 4708 matura
1143 4655 1238 4718 ιιιιι,
1253 4653 1400 4724 quantam
1411 4649 1507 4723 pontit
1518 4647 1638 4705 obstitit.
1648 4649 1840 4705 Postmodum

1009 4755 1092 4807 vere,
1118 4739 1233 4797 ratione
1262 4738 1352 4795 simul
1374 4743 1403 4795 et
1427 4737 1841 4812 antiquorumexemplorum

1011 4829 1185 4887 auctoritate
1198 4829 1305 4896 victus,
1321 4825 1460 4899 religioso
1474 4825 1624 4884 desideria
1643 4827 1732 4885 cessit
1744 4845 1751 4896 3
1773 4825 1842 4885 levi·

1011 4919 1102 4976 ticam
1117 4917 1226 4975 stolam
1240 4918 1368 4974 humero
1382 4915 1588 4988 circumdedit,
1602 4929 1758 4991 parvoque
1769 4921 1842 4975 tem-

1011 5021 1084 5081 pere
1097 5005 1202 5079 elapso
1217 5019 1406 5061 summorum
1420 5019 1542 5078 qnoque
1563 5003 1775 5079 mysteriorum
1795 5019 1842 5062 sa·

127 5095 180 5170 qai
196 5099 329 5170 tempere
344 5081 422 5166 regis
437 5093 575 5151 Eluvredi
588 5097 617 5150 et
632 5093 914 5162 christianissimas,
931 5097 960 5152 et
1012 5099 1110 5152 crater
1137 5093 1271 5150 accessit.
1299 5095 1341 5149 Ex
1363 5107 1425 5167 qno
1446 5097 1581 5167 tempore
1605 5098 1667 5151 mm
1690 5095 1755 5167 ipse
1779 5091 1842 5148 dux

127 5185 340 5242 intercalares
354 5183 513 5259 optimates
526 5182 611 5254 regni
635 5183 800 5254 anglorum
822 5199 902 5240 unus
920 5183 958 5240 de
1013 5197 1106 5257 quam
1120 5181 1216 5239 ιιιιιιι
1229 5195 1307 5256 pene
1322 5195 1428 5240 omnes
1442 5181 1551 5254 regatis
1575 5181 1679 5254 palatii
1691 5177 1842 5252 principes

128 5273 354 5332 sublimioribus
369 5277 442 5338 erat,
454 5271 627 5346 postulabat
642 5288 674 5327 se
690 5271 767 5328 iltius
786 5273 920 5345 potentia
932 5277 961 5329 ιι
1013 5273 1044 5328 in
1057 5287 1178 5329 summa
1192 5287 1262 5329 eum
1274 5271 1466 5329 veneratione
1481 5269 1613 5338 habere;
1634 5271 1748 5324 secreta
1761 5266 1841 5324 male

128 5363 302 5424 auctoritate
325 5380 343 5422 a
369 5367 528 5438 parentum
557 5377 682 5418 snorum
708 5361 807 5418 lurore
828 5361 958 5419 delendi.

1014 5367 1088 5418 acta
1102 5360 1169 5418 vita
1184 5361 1210 5417 ιι
1234 5361 1359 5435 aperire,
1389 5365 1418 5417 ιι
1441 5359 1479 5416 de
1503 5357 1549 5414 his
1563 5353 1761 5412 emendandis
1776 5354 1842 5428 eJ‘us

130 5455 184 5523 Qui
197 5455 281 5513 bona
294 5451 598 5511 adolescentisindele
612 5451 758 5523 gaudens,
767 5467 822 5508 nee
833 5449 960 5524 dignum
1015 5449 1138 5508 consilio
1154 5449 1279 5508 libenter
1294 5449 1423 5507 credere.

166 5565 237 5636 (267)
259 5566 370 5634 Nempe
385 5577 421 5616 ex
435 5559 552 5618 Dacica
564 5561 697 5630 scitale,
714 5563 746 5616 ιιι
771 5557 874 5616 scribit
898 5557 962 5616 Wil-

1015 5559 1150 5618 trihunnt
1169 5557 1305 5616 nonnulli
1318 5557 1378 5628 fide
1391 5555 1485 5626 digni,
1503 5555 1574 5611 teste
1589 5551 1766 5626 llaiheuvie,
1789 5551 1842 5610 sed

129 5635 247 5722 letmas,
263 5633 551 5692 Bremtonenatione
561 5631 785 5692 Dunus.Severe
792 5628 963 5704 cognomen
1014 5633 1203 5706 recentiores,
1213 5647 1291 5706 ques
1304 5629 1381 5687 inter
1394 5627 1517 5684 Pitseus.
