4120 6154
80 143 121 196 ιιι
430 103 432 108 ⁴
471 143 618 200 serrone
637 146 819 201 ιιοιιιιιιιιι
840 146 867 201 s,
889 143 990 200 snae.
1011 143 1045 198 tu
1064 145 1134 200 toa.
1155 177 1190 186 -
1211 148 1274 202 tra.
1295 151 1364 204 viu.
1716 154 1767 208 sec

80 275 139 316 vero
149 259 281 316 torrentis
293 263 426 334 nomine,
449 263 505 320 nisi
530 263 577 321 ilie
602 282 620 322 a
643 272 805 340 conspectu
828 271 885 322 tre·
906 287 928 340 Α
945 266 1001 322 tius
1015 281 1134 324 nstrum.
1147 267 1224 332 Quid
1237 284 1291 342 ρει
1304 269 1418 340 glebas,
1430 272 1488 332 nisi
1503 272 1690 334 collectiones
1711 273 1768 332 sin-

79 349 283 420 mcndijudicis
296 367 349 424 per
362 351 497 409 ultimum
514 369 641 412 examen
657 357 822 426 egrediens,
846 359 887 412 et-
944 354 1083 423 gaiorum
1096 357 1236 420 ordinum
1259 375 1294 416 ac
1318 359 1524 420 multitudines
1548 363 1768 434 designantur?

78 455 128 512 que
142 439 246 496 electos
261 443 288 496 et
303 441 447 516 reprobos
465 442 613 513 dividens,
633 445 711 515 ignis
737 443 888 506 vocaturi
944 442 1041 500 Glehae
1057 450 1157 506 auten
1173 463 1207 504 ex
1222 447 1348 504 humore
1362 453 1397 508 ct
1417 449 1538 522 pulvere
1560 452 1769 524 constringun-

78 529 151 585 llnde
162 544 214 602 per
226 531 403 604 prophetam
418 531 543 590 dieitur:
559 557 572 582 «
589 535 705 592 l'lurius
718 535 825 606 igneus
841 550 889 590 ra·
944 536 1000 590 tur.
1018 536 1127 592 Omnes
1142 552 1212 606 ergo
1226 537 1279 612 qui
1294 553 1359 596 rore
1374 537 1476 608 grane
1495 538 1586 600 infusi
1600 557 1635 606 er
1665 541 1770 606 mores

76 617 224 692 pilus,qui
233 619 555 690 egrediebaturafacie
568 624 633 698 ejus
644 625 794 696 (Doara,
812 627 889 696 ιιι.»
945 621 1045 680 debito
1070 625 1222 698 pidverem
1252 641 1284 680 se
1308 643 1374 682 esse
1397 627 1496 688 veraci
1518 629 1688 698 cognitione
1702 647 1770 694 criti·

77 707 245 767 Quisautem
260 707 289 764 in
304 709 360 766 hcc
387 711 504 768 mundo
520 715 726 784 peregrinatur
749 713 890 788 populus,
946 711 1107 782 fessisunt,
1123 713 1197 770 dum
1220 714 1287 772 vitre
1313 715 1417 774 virtute
1446 715 1652 784 clarescerent,
1681 719 1770 794 quasi

77 797 126 852 nisi
136 793 183 872 qui
199 797 238 854 ad
254 804 363 856 sortem
377 799 540 860 electorum
565 819 697 872 currens,
725 805 837 860 habere
861 819 892 858 se
947 816 1027 856 aurae
1042 803 1072 859 in
1086 801 1135 864 illc
1149 801 1242 871 glebae
1255 804 1423 878 jacuerunt.
1438 805 1545 865 Glebas
1558 807 1620 866 hac
1635 808 1770 867 terrcha·

76 888 188 960 patriam
205 887 288 944 novit
300 889 331 945 in
342 888 510 948 eoelestihus
525 896 581 952 ?Et
602 898 684 952 tanto
709 894 806 964 magis
835 893 892 952 illic
946 889 1055 948 buiiin
1072 893 1237 964 prophetis,
1254 893 1600 964 glebaslndoctoribus
1620 895 1725 970 glebae
1741 895 1771 960 in

78 981 164 1046 sperat
178 976 309 1032 invenire
320 994 350 1034 se
365 981 497 1054 propria,
513 986 627 1054 quanto
643 982 690 1038 hic
704 987 811 1040 cuncta
824 997 893 1056 quae
947 978 1086 1038 Patribus
1100 981 1241 1054 antiquis,
1256 982 1307 1055 qui
1319 998 1432 1054 magna
1444 1000 1475 1040 se
1497 984 1644 1042 infusione
1670 984 1771 1056 gratie

75 1069 243 1137 praetereunt
258 1083 323 1124 esse
339 1083 357 1126 a
373 1083 403 1124 se
418 1069 543 1142 deputat
556 1070 663 1130 aliena.
690 1072 764 1128 llinc
785 1071 892 1130 Paulus
947 1066 976 1122 in
992 1067 1186 1140 professionis
1202 1073 1230 1126 et
1257 1071 1355 1142 operis
1382 1071 1576 1130 unanimitate
1603 1076 1770 1138 tenuerunt.

76 1153 125 1209 ait:
141 1177 153 1204 ι
166 1157 243 1210 llum
259 1172 364 1211 sumus
379 1155 409 1212 in
420 1157 478 1214 hoc
502 1174 636 1234 corpore,
666 1160 894 1232 peregrinantur
949 1155 1107 1228 Sequitur:

74 1243 221 1300 allomino
237 1245 284 1316 (II
296 1245 365 1304 Cor.
380 1263 408 1315 v.
426 1247 463 1318 6).
477 1271 491 1298 »
505 1249 603 1306 Potest
626 1248 751 1306 fortasse
779 1249 809 1308 in
839 1253 894 1306 tor·
984 1247 1268 1302 tererestereres
1297 1249 1448 1318 fenerabit
1470 1251 1544 1323 ovis,
1571 1266 1625 1308 nec
1646 1251 1773 1310 ιἰιιιιιιιιι

73 1333 155 1388 rantis
167 1333 290 1390 nomine
302 1334 368 1410 ipsa
382 1335 514 1406 irrigatio
537 1343 647 1394 sancte
673 1338 894 1414 predicationis
949 1339 990 1389 est
1006 1350 1069 1390 eum
1085 1337 1188 1392 ocutus
1202 1337 1452 1404 culturis—Quis
1463 1339 1520 1394 hoc
1536 1338 1603 1402 loco
1630 1339 1694 1400 avis
1720 1354 1775 1394 no·

73 1419 196 1492 intelligi,
210 1422 298 1494 juxta
312 1423 342 1478 id
358 1425 440 1498 quod
465 1441 518 1502 per
541 1425 734 1484 Salomonem
761 1427 868 1490 dicitnr
886 1442 892 1480 ι
949 1423 1029 1480 mine
1041 1423 1097 1480 nisi
1112 1424 1159 1480 ille
1174 1424 1318 1494 signatur,
1334 1427 1386 1500 qui
1399 1443 1510 1500 corpus
1525 1444 1667 1490 carneum
1693 1426 1777 1506 quod

74 1531 85 1558 ι(
97 1511 219 1566 Oculum
231 1511 283 1584 qui
298 1511 465 1568 subsannat
479 1519 606 1586 patrem,
622 1520 651 1572 et
674 1515 800 1591 despicit
825 1530 893 1586 par-
950 1513 1127 1586 assumpsit,
1143 1513 1335 1570 ascendendo
1357 1514 1397 1570 ad
1423 1515 1535 1578 aethera
1556 1516 1696 1574 libravit?
1722 1515 1778 1581 Qui

74 1603 130 1653 tum
146 1600 250 1656 matris
265 1617 337 1670 suae,
350 1600 494 1660 effodiant
507 1603 589 1660 illum
606 1604 687 1662 corvi
702 1604 739 1659 de
758 1603 894 1662 torrenti·
916 1605 1017 1692 Bapte
1032 1619 1154 1676 quoque
1167 1601 1258 1662 etiam
1273 1602 1397 1662 vulturis
1410 1604 1609 1678 appellatione
1635 1605 1776 1680 exprimi-

72 1687 124 1742 bus
139 1689 240 1758 (Pron.
253 1707 319 1762 xxx,
340 1690 392 1756 li).
410 1709 425 1742 ι
442 1693 617 1748 Sanctorum
626 1692 738 1766 quippe
753 1692 896 1766 praedica·
951 1695 1007 1758 tur,
1023 1691 1075 1764 qui
1090 1707 1216 1753 manens
1226 1691 1256 1748 in
1268 1691 1423 1750 altitudine
1433 1692 1595 1756 divinitatis
1606 1691 1777 1768 cumquest

72 1775 108 1831 tio
123 1776 288 1836 obduratas
303 1783 418 1836 mentes
446 1781 644 1856 reproborum
664 1781 782 1850 deserit,
808 1787 837 1838 el
857 1780 897 1838 ad
951 1781 1085 1852 quodam
1102 1781 1201 1843 volatu
1217 1781 1350 1848 sublimi,
1366 1781 1496 1838 cadaver
1510 1781 1697 1843 mortaiitatis
1710 1796 1777 1838 nos·

69 1864 115 1936 pia
130 1865 292 1924 humilium
307 1885 338 1924 se
353 1869 446 1924 corde
458 1869 611 1929 convertit·
628 1869 784 1942 Sequitur:
797 1871 836 1926 Et
851 1885 897 1926 eos
953 1874 1003 1924 trae
1018 1871 1173 1944 conspexit
1185 1870 1216 1928 in
1230 1871 1353 1936 infimis,
1369 1876 1397 1928 et
1410 1887 1478 1928 sese
1492 1871 1529 1928 de
1544 1870 1716 1931 coelestibus
1738 1869 1778 1946 ed

67 1969 138 2024 qnos
151 1957 263 2014 oblitus
276 1963 317 2014 est
328 1973 381 2026 pes
394 1959 506 2030 eqentts
527 1959 664 2026 hominis,
686 1965 714 2016 et
735 1959 841 2014 incius.
865 1988 899 1997 -
954 1959 1013 2016 ima
1028 1960 1176 2018 submisit.
1193 1960 1265 2018 Fieri
1276 1960 1389 2034 quippe
1404 1965 1525 2035 propter
1541 1977 1596 2018 nos
1606 1961 1699 2021 homo
1712 1959 1778 2032 dig-

67 2045 138 2108 Quis
154 2045 294 2100 hocloco
310 2045 386 2101 alius
401 2046 545 2117 accipitur
560 2061 651 2115 egens
665 2046 768 2111 homo,
785 2045 900 2104 nisiille
954 2051 1112 2112 natusest,
1128 2050 1166 2114 et,
1177 2047 1251 2109 dum
1263 2051 1417 2110 mortuum
1443 2048 1556 2106 animal
1584 2047 1676 2124 petiit,
1701 2063 1779 2112 inor-

67 2131 179 2205 dequo
193 2133 383 2204 perpaulum
398 2134 523 2189 dicitur:
539 2157 552 2183 u
563 2134 618 2200 Qui
629 2139 751 2206 propter
765 2151 820 2190 nos
832 2150 900 2203 ege·
955 2140 1015 2194 tern
1030 2135 1112 2208 apud
1123 2150 1190 2201 nos,
1205 2135 1258 2208 qui
1268 2136 1350 2211 apud
1364 2151 1394 2192 se
1407 2141 1470 2195 erat
1488 2136 1675 2206 immortalis.
1699 2137 1780 2196 inve·

66 2237 124 2276 nus
141 2221 243 2276 factus
258 2227 303 2278 cst
317 2222 390 2278 dum
404 2227 483 2278 esset
497 2222 605 2278 dives?
620 2221 665 2294 (ιι
676 2223 746 2278 Cor.
760 2237 819 2290 vin,
835 2223 875 2294 t.)
886 2243 900 2271 »ι
956 2223 1007 2282 nit.
1024 2223 1080 2280 Sed
1091 2223 1182 2296 hujus
1196 2223 1321 2282 vulturis
1336 2223 1441 2282 oculus
1456 2224 1509 2282 fuit
1522 2224 1644 2288 intenlio
1671 2227 1781 2280 nostra

68 2311 160 2380 Cujus
173 2309 312 2366 videlicet
323 2312 437 2380 egentis
451 2311 581 2367 hominis
593 2311 685 2386 pedes
704 2311 798 2366 sancti
827 2327 902 2384 pree·
955 2311 1187 2377 resurrectionis,
1205 2311 1401 2384 quiaipsead
1421 2311 1554 2378 triduum
1578 2316 1715 2370 mortuus
1743 2309 1782 2372 ab

68 2399 219 2455 diastolas
232 2399 362 2466 luerunt,
377 2415 430 2472 per
440 2415 569 2472 quorum
592 2401 743 2473 profectus
769 2415 900 2474 praesen·
956 2406 1066 2458 reterns
1082 2405 1176 2458 morte
1192 2416 1248 2458 nos
1262 2400 1406 2458 liberavit.
1425 2400 1473 2458 llle
1489 2416 1560 2472 ergo
1575 2401 1708 2476 pertidus
1732 2403 1782 2464 in·

69 2490 138 2544 tiam
155 2489 351 2559 gendlitatcrn
366 2490 545 2560 circumens,
565 2488 715 2544 mundum
740 2489 901 2562 perambu-
956 2490 1027 2546 doere
1044 2489 1174 2564 populus
1189 2489 1348 2550 mortalem
1374 2489 1455 2560 vidit,
1485 2490 1548 2562 sed,
1577 2490 1659 2566 quod
1687 2493 1782 2550 morte

70 2577 140 2634 terit
150 2578 374 2636 universorum.
389 2579 445 2634 Sed
457 2593 565 2634 eorum
581 2579 632 2650 qui
661 2578 769 2634 umbra
797 2579 902 2636 mortis
958 2595 1013 2636 sua
1028 2583 1161 2637 nostram
1176 2583 1303 2637 mortem
1318 2578 1492 2644 destrueret.
1510 2579 1633 2644 minime
1646 2577 1780 2646 attendit.

71 2667 189 2739 ellepis
204 2667 343 2736 caliginis
359 2667 604 2736 exstiteruntper
634 2665 760 2722 hominis
791 2667 902 2736 speretis
959 2667 1119 2742 Conspexit
1132 2666 1256 2738 quidem
1268 2667 1426 2730 vulturem,
1452 2667 1504 2724 scd
1529 2668 1633 2728 oculos
1657 2667 1782 2731 vulturis

69 2756 178 2812 oblitus
193 2762 251 2820 est,
264 2756 336 2829 quia
348 2756 379 2812 iu
395 2755 461 2830 ipso
475 2756 558 2812 initio
587 2755 737 2810 nascentis
767 2753 902 2811 Ecclesia
960 2773 1021 2812 non
1032 2755 1158 2828 aspexit,
1173 2755 1227 2827 qui
1242 2755 1314 2812 dum
1330 2755 1506 2817 humilitatis
1520 2758 1586 2830 ejus
1596 2758 1659 2817 vias
1671 2757 1784 2832 quibus

67 2846 135 2902 (lum
153 2846 258 2904 sancti
273 2845 399 2918 apostoli
415 2846 697 2914 coelnrumregnurn
711 2843 820 2900 iudaeae
830 2861 905 2917 prae·
960 2862 1016 2904 nos
1028 2845 1066 2901 ad
1079 2843 1138 2900 alla
1149 2843 1322 2914 sublevavit,
1332 2844 1521 2903 considerare
1531 2845 1636 2914 noluit,
1648 2845 1786 2908 semitam

64 2935 162 2992 (licere
177 2935 365 2997 voluissent,
380 2936 514 2992 videntes
527 2935 609 3008 quod
622 2936 654 2990 in
669 2934 711 2990 eis
738 2933 812 2989 nihil
839 2949 904 2989 om·
962 2936 1025 2990 avis
1036 2932 1193 3003 ignoravit.
1210 2935 1310 3004 Neque
1325 2933 1405 2988 enirn
1420 2948 1546 3005 pensare
1573 2934 1685 2992 studuit
1704 2933 1787 3008 quod

67 3027 136 3082 nino
150 3027 349 3099 proficerent,
362 3025 401 3081 ad
412 3023 790 3098 praedicandumgentiltus
814 3021 906 3078 deliu-
962 3025 1026 3094 ejus
1040 3020 1193 3079 humilitas
1206 3035 1266 3077 non
1281 3019 1392 3078 levaret
1403 3020 1443 3076 ad
1459 3020 1600 3090 coelestie,
1630 3025 1659 3078 et
1684 3021 1788 3081 mortis

68 3121 186 3187 rerunt,
206 3115 288 3172 sicut
301 3113 376 3186 ipsis
390 3115 421 3170 ln
436 3115 499 3171 suis
511 3113 634 3170 Actibus
647 3111 770 3169 dicunt:
789 3111 905 3168 «Vobis
962 3113 1027 3184 ejus
1037 3109 1160 3166 intenlio
1172 3109 1347 3168 reformaret
1362 3107 1403 3164 ad
1417 3109 1521 3166 vitam.
1537 3108 1675 3184 Sequitur
1691 3126 1698 3163 :

69 3206 234 3276 oportebat
250 3203 617 3278 primumloquiverbum
632 3201 695 3269 ilci,
712 3201 763 3257 sed
777 3217 906 3274 quomo-
999 3201 1085 3256 Vsus.
1102 3204 1128 3254 8.
1139 3199 1208 3255 Non
1224 3198 1418 3254 calcaverunt
1445 3212 1511 3255 enm
1534 3199 1595 3268 ttttt
1619 3195 1790 3259 institorum

69 3293 106 3350 do
117 3295 270 3368 repellitis
285 3293 369 3360 illud,
386 3299 414 3350 et
428 3293 569 3366 indignos
584 3307 637 3348 vos
649 3291 794 3362 judicalis
823 3295 907 3346 aeter-
963 3306 1016 3348 nec
1026 3288 1226 3359 pertransivit
1237 3301 1295 3360 per·
1308 3301 1372 3347 cnm
1390 3287 1568 3344 tenna-tn
1582 3287 1696 3344 cunctis
1718 3286 1791 3348 Lati-

70 3399 113 3438 nas
130 3385 215 3456 ritae,
231 3399 303 3440 eccs
316 3381 518 3439 convertimur
543 3381 580 3438 ad
605 3383 708 3449 gentes
738 3379 816 3452 (Art.
847 3397 907 3448 xur,
963 3381 1009 3436 nis
1021 3376 1176 3436 codicibus
1193 3374 1342 3433 institores
1358 3375 1473 3450 positos
1488 3375 1663 3450 reperimus,
1675 3376 1706 3434 in
1715 3378 1791 3434 Gras-

69 3474 121 3540 te).
141 3495 156 3524 s
167 3475 260 3540 Quos
276 3477 354 3528 recte
364 3487 486 3545 quoque
499 3469 632 3526 etlnvios
644 3472 742 3539 vocat,
753 3467 825 3542 quia
835 3467 909 3525 dum
964 3470 1006 3526 cis
1022 3483 1090 3526 vero
1101 3465 1301 3536 negotiatores
1317 3464 1499 3525 invenimur.
1514 3466 1570 3533 Qui
1583 3465 1717 3526 hocloco
1730 3464 1792 3532 ins-

69 3559 252 3619 inlidelitatc
269 3577 326 3617 sua
341 3561 480 3618 obdurati
494 3563 574 3628 sunt,
590 3557 690 3614 verbis
701 3557 768 3614 vitae
795 3557 835 3614 ad
858 3575 910 3614 cor
964 3559 1076 3628 litores,
1092 3553 1151 3612 nisi
1165 3554 1318 3626 prophete
1327 3553 1422 3614 sancti
1433 3555 1531 3613 vocati
1544 3555 1684 3630 sunt,qui
1697 3556 1792 3630 Syna-

70 3649 148 3706 viam
163 3651 309 3724 praebere
324 3649 494 3706 uoluerunt.
510 3645 648 3721 Sequitur
662 3664 668 3702 :
966 3662 1051 3719 gogoe
1065 3661 1165 3702 mores
1179 3643 1220 3700 ad
1233 3642 1326 3704 fidem
1340 3643 1485 3702 instruere
1503 3645 1713 3720 prophetando
1741 3660 1793 3702 cus

102 3741 199 3799 Vens·
215 3745 246 3798 5.
264 3741 357 3796 Terra
374 3741 410 3796 de
424 3755 483 3812 qen
499 3737 651 3794 ονιειαιιιι·
676 3737 764 3806 ponis
788 3737 820 3791 in
849 3737 912 3793 leco
966 3734 1130 3794 raserunt?
1146 3735 1279 3800 Quarum
1300 3732 1444 3790 nimirum
1468 3733 1521 3790 filii
1549 3734 1644 3793 sancti
1668 3731 1795 3810 apostoli

69 3845 119 3885 suc
134 3833 213 3904 ipsse
227 3829 372 3886 sulcem
385 3835 438 3885 est.
450 3859 485 3868 —
499 3829 609 3882 Panem
624 3823 728 3880 Judaea
739 3825 810 3880 dare
840 3841 912 3881 con·
967 3827 1191 3896 nuncupantur,
1202 3821 1254 3896 qui
1276 3826 1308 3880 nt
1329 3824 1422 3884 licum
1449 3821 1604 3879 hominem
1630 3822 1794 3890 crederent,

68 3926 231 3990 sueverat,
248 3933 317 3990 quae
344 3915 419 3985 legis
441 3915 535 3972 verba
560 3914 741 3988 proferebat,
770 3913 822 3968 sed
850 3915 914 3970 haec
970 3909 1010 3966 ad
1023 3907 1162 3964 eamdem
1184 3906 1275 3964 iidem
1302 3924 1339 3964 ex
1367 3923 1472 3964 eorum
1494 3911 1564 3967 sunt
1586 3907 1797 3980 predicatione

69 4011 146 4066 terra
164 4010 201 4065 in
215 4007 289 4062 loco
303 4021 359 4060 suo
374 4005 442 4074 igne
456 4001 600 4059 subversa
613 4007 666 4070 est,
686 4001 758 4073 quia
781 4001 915 4056 fidelium
971 3995 1112 4067 generati.
1130 3994 1283 4052 calcarent
1297 3995 1409 4068 quippe
1422 3994 1594 4054 institorum
1609 3994 1671 4062 filii,
1685 3995 1709 4052 si
1723 4009 1798 4070 prn-

68 4099 159 4172 signa
190 4093 400 4166 conspiciens,
431 4110 462 4150 se
492 4093 570 4150 fasse
593 4089 818 4148 concremavit.
842 4091 917 4156 Quia
971 4085 1119 4140 dicatores
1146 4081 1242 4140 sancti
1268 4081 1405 4154 ejusdem
1432 4083 1600 4156 synagogae
1623 4081 1695 4143 vitia
1717 4080 1799 4144 calce

68 4190 150 4246 enim
178 4200 311 4258 semper
335 4183 449 4242 invidia
470 4181 508 4242 de
526 4179 668 4256 superbia
704 4179 789 4238 nesci
820 4179 915 4248 solet,
971 4171 1088 4230 virtutis
1112 4175 1291 4245 premerent.
1315 4171 1344 4228 Si
1373 4175 1474 4230 eutem
1500 4170 1652 4230 institores
1676 4170 1800 4232 eosdem

69 4278 189 4336 tn1000
206 4291 272 4332 suo
286 4273 357 4345 igne
373 4272 469 4346 periit,
484 4287 553 4345 quae
566 4271 679 4336 idcireo
693 4268 767 4328 arsit
793 4269 915 4338 invidia,
973 4266 1084 4319 sancte
1098 4259 1235 4317 Ecclesioe
1248 4261 1457 4333 praedicatores
1479 4260 1654 4337 accipimus,
1683 4261 1799 4321 instito-

70 4368 142 4440 quia
159 4363 349 4440 superbiam
363 4379 425 4420 non
439 4361 589 4435 relinquit.
607 4359 745 4434 Sequitur
761 4376 767 4414 :
938 4325 1042 4410 Drurn
1056 4351 1134 4408 lilios
1148 4355 1283 4426 pastores
1297 4354 1325 4411 et
1339 4351 1487 4422 doctores,
1514 4352 1568 4426 qui
1595 4351 1800 4426 apostolorum

105 4457 201 4514 Vens.
218 4463 251 4512 ιι.
270 4453 365 4510 Locro
378 4452 518 4522 ιιιιηιιιιι
532 4449 646 4520 lapides
668 4451 743 4518 ejus,
768 4453 797 4504 ct
824 4449 918 4518 platta
975 4443 1057 4500 viam
1072 4441 1164 4498 secuti
1177 4446 1255 4510 sunl,
1272 4441 1314 4498 nil
1328 4441 1428 4500 obstat
1440 4441 1573 4512 intelligi.
1590 4442 1646 4510 Qui
1664 4444 1801 4515 synago·

71 4545 156 4602 iltius
173 4557 355 4602 aarum—
370 4537 610 4606 Quidenimlroc
633 4536 699 4592 loen
726 4551 779 4608 per
802 4534 919 4608 lapides
976 4549 1047 4605 gem
1061 4531 1183 4590 minime
1197 4531 1399 4599 calcaverunt,
1429 4531 1501 4606 quia
1524 4532 1599 4590 dum
1622 4548 1727 4591 eorum
1751 4533 1802 4590 Pa=

71 4633 128 4690 nisi
144 4636 336 4692 sanctorum
351 4645 387 4686 ac
398 4628 520 4689 fortium
539 4631 655 4684 mentes
680 4624 844 4698 accipimus
859 4626 873 4680 ‘l
887 4629 920 4684 ln
976 4629 1045 4691 tres,
1059 4623 1154 4690 idest,
1170 4621 1299 4694 apostoli
1312 4621 1352 4678 ab
1363 4619 1415 4678 ille
1429 4620 1539 4694 repulsi
1549 4625 1629 4694 sunt,
1652 4620 1710 4696 ipsi
1726 4634 1803 4694 quo-

72 4723 237 4798 Scriptnra
255 4718 368 4778 etenim
383 4735 468 4778 εεειε
482 4715 647 4790 aliquando
661 4713 776 4788 lapides
787 4714 819 4770 iu
830 4714 922 4786 malo,
977 4729 1036 4786 que
1049 4711 1089 4768 ab
1104 4711 1168 4782 ejus
1178 4710 1336 4768 vocatione
1347 4714 1550 4768 cessaverunt.
1564 4711 1620 4773 Per
1644 4723 1738 4785 quam
1765 4706 1804 4770 vi·

72 4811 255 4888 aliquando
274 4824 345 4866 vcro
360 4807 390 4864 in
404 4807 487 4864 bono
497 4805 593 4878 accipi
608 4803 713 4860 solent.
732 4802 806 4860 ilinc
832 4805 924 4862 loen·
979 4801 1085 4858 delicet
1107 4801 1300 4872 synagogam
1323 4798 1421 4859 leaena
1440 4814 1502 4856 non
1528 4797 1709 4872 pertransiit,
1733 4798 1806 4874 qnia

73 4917 127 4958 nes
142 4899 280 4974 [Lucas]
293 4897 334 4954 eit
350 4915 356 4954 ι
372 4920 385 4945 «
401 4899 507 4952 Potens
533 4898 579 4950 est
607 4897 685 4950 llens
708 4892 747 4950 de
772 4892 925 4966 lapidibus
980 4894 1083 4948 sancte
1099 4889 1228 4948 Ecclesia
1240 4887 1406 4946 collectioni
1418 4888 1551 4960 gentium
1566 4889 1668 4948 dedita
1690 4905 1805 4968 nequa-

72 4990 137 5050 istis
153 4990 318 5052 suscitare
342 4985 418 5044 lilios
446 4985 573 5042 Abralns
600 4985 684 5056 (Luc.
710 4999 750 5051 ιιι,
767 4984 804 5055 8).
822 5006 836 5034 »ι
852 4983 926 5042 ilinc
980 4996 1074 5054 quarn
1090 4995 1120 5036 se
1131 4978 1171 5036 ad
1185 4976 1389 5038 illumludaee
1399 4979 1806 5052 poputumdlutiusoecupa.

74 5085 182 5140 Petrus
196 5081 247 5140 ait
265 5097 273 5138 :
290 5101 304 5128 «
322 5080 355 5134 Et
367 5081 575 5149 rostanquem
589 5073 705 5147 lapides
721 5073 779 5128 vivi
798 5089 928 5146 superte-
981 5070 1030 5127 vit.
1048 5071 1135 5126 Recte
1149 5073 1250 5128 aulem
1265 5067 1394 5126 Ecclesia
1408 5067 1503 5131 lesus
1517 5073 1719 5144 aucupatur,
1735 5066 1808 5138 quie

74 5169 258 5230 dilicamini
275 5166 385 5226 domos
400 5165 546 5239 spiritales
560 5166 590 5232 tl
600 5165 683 5222 Pete.
700 5179 729 5234 u,
756 5163 796 5234 5).
820 5185 834 5212 n
856 5165 928 5234 Sap·
983 5157 1247 5220 maleviventesin
1273 5157 1349 5216 vitiis
1372 5173 1423 5216 ore
1451 5163 1564 5220 sancte
1586 5151 1807 5232 predicationis

75 5261 189 5334 plrirus
206 5256 345 5334 quidem
358 5255 435 5329 lapis
445 5255 577 5312 colorem
592 5253 669 5310 seris
685 5252 786 5320 trabat,
803 5257 830 5310 et
857 5251 929 5324 quie
981 5248 1128 5308 interficit.
1143 5247 1272 5304 Ecclesia
1287 5247 1388 5322 itaque
1403 5264 1457 5322 per
1475 5251 1669 5321 synagogam
1681 5237 1807 5313 transiit,

76 5349 114 5408 de
126 5352 248 5408 ludaea
263 5361 427 5420 nunquam
442 5343 762 5415 sanctisssimaeque
778 5341 930 5398 coelestem
984 5339 1111 5396 sednon
1126 5338 1304 5412 pertransiit,
1321 5337 1392 5411 quie
1406 5353 1443 5394 cx
1456 5337 1507 5394 illa
1523 5335 1563 5392 ad
1583 5333 1675 5389 fidem
1698 5345 1810 5402 paucos

77 5441 177 5496 vitam
193 5439 362 5502 ducerent,
376 5431 545 5492 defuerunt.
559 5429 686 5486 dicitur:
704 5431 798 5486 Locus
808 5430 930 5499 sappiri·
985 5427 1091 5502 rapuit.
1110 5426 1247 5500 Sequitur
1264 5447 1270 5483 :

79 5531 107 5588 ῃ·
121 5528 257 5602 lapides
272 5527 348 5594 ejus.
365 5525 399 5580 Et
410 5535 504 5593 quam
519 5533 633 5588 magna
646 5517 712 5576 vite
728 5535 763 5576 ac
777 5517 931 5592 sepientis
1021 5517 1109 5574 Vens.
1122 5519 1148 5574 tl.
1162 5517 1332 5574 adclinem
1345 5512 1479 5572 extendit
1492 5523 1613 5566 ameum
1633 5523 1728 5582 cnam,
1742 5509 1811 5570 sub,

78 5621 226 5678 claritate
238 5628 300 5688 per
313 5611 405 5668 fidem
420 5607 510 5676 fulsit,
522 5605 696 5678 adjungitur
710 5624 716 5662 ι
733 5608 773 5662 et
786 5609 879 5679 plebs
894 5607 933 5664 tt.
987 5607 1074 5663 vertit
1086 5606 1265 5662 eradicitus
1279 5601 1559 5660 montes-limum
1571 5598 1683 5671 quippe
1698 5597 1737 5655 ad
1752 5595 1812 5651 sili·
