4156 6182
88 208 91 220 ·
198 181 233 236 st
534 125 539 132 1
786 169 814 226 S.
835 166 905 224 0ὓο
925 163 1039 220 ABBAS
1057 163 1319 226 CLUNIACENSIS.
1516 161 1521 169 ’
1872 161 1914 215 96

198 304 297 364 altiori
309 302 450 374 gravitas
460 295 644 371 superponit.
657 294 749 351 Licuit
759 293 801 350 illi
814 306 932 364 semper
939 289 1022 363 quod
1044 289 1070 343 A
1082 290 1132 347 vit.
1145 292 1187 348 lta
1199 292 1317 348 virtutis
1340 289 1476 347 minister
1489 291 1519 344 et
1560 358 1565 368 Ι
1579 285 1655 368 atie,
1672 285 1845 369 ubicunque
1857 302 1916 359 op·

198 376 307 442 licebit,
319 371 401 447 quod
416 369 488 425 nulli
502 367 552 424 alii
562 367 653 438 licuit,
662 364 825 423 vellicabit.
839 365 948 420 Omnes
959 360 1023 417 atie
1082 363 1249 434 portunitas
1272 379 1304 418 se
1327 360 1491 435 praebebat,
1515 375 1546 414 re
1569 373 1665 439 gionis
1680 357 1862 430 profectibus
1882 363 1916 414 et

199 447 268 504 filiae
281 449 349 501 sunt
362 443 391 497 in
406 443 517 498 matres
531 438 782 520 obtemperantes,
799 451 861 492 non
875 434 1024 518 imperan-
1081 433 1232 505 pudicitie
1245 433 1449 490 delectabatur
1459 433 1639 500 augmentis.

200 523 244 574 ¹0⁵
270 517 382 572 V⁰0⁸ioe
397 512 428 566 1¹¹
443 515 560 592 Vallem
573 509 788 574 ⁵0fl1⁰¹²¹¹d11¹¹⁵v
804 522 867 590 ,¹1⁰ss
880 520 910 560 ¹¹¹
946 503 1023 583 ¹⁰⁰¹?
1080 521 1252 580 sacerdotio
1271 523 1421 578 initiatur.
1437 519 1542 574 Libros
1566 523 1625 574 tres
1641 518 1742 574 condit
1757 517 1794 574 de
1809 531 1913 574 sarm·-

201 562 336 645 tudinem
350 585 514 664 potestatis.
534 583 716 664 argumento
731 592 853 650 gemino
866 591 922 658 con
933 577 1026 656 ,uisus
1453 591 1543 646 gogo,

199 672 260 714 non
274 657 343 730 ipsa
356 652 510 710 conclusio
526 652 579 710 sed
589 651 747 708 inductum
757 647 956 731 conclusionis
968 646 1026 700 hoc
1117 667 1161 720 23,
1174 665 1293 721 mmm,
1307 666 1400 719 Remo
1411 661 1508 717 abbas
1521 660 1552 717 in
1568 659 1631 715 viro
1646 657 1697 714 Dei
1709 657 1914 716 virtutum,

199 728 263 800 erit,
290 730 324 783 ut
342 725 469 781 inaniter
488 727 647 780 satuentes
662 727 690 778 et
703 720 803 777 illicita
827 720 1025 785 susurrantes,
1081 734 1174 807 piam,
1186 734 1404 792 abundantiam
1437 730 1724 800 ,afiarum'dmum
1736 745 1805 786 eum
1812 729 1914 787 altiori

199 791 834 877 (1911101115ὓθῦφῑῖθθθβΰῑιθῑΡῙῑθΓῘΠΒΠΟΠ
853 789 1024 871 1011111111Πὶ
1083 805 1179 876 gradu
1194 805 1401 879 pronuntians,
1416 749 1551 859 decernit
1569 800 1668 858 officio
1684 800 1846 858 sacerdotis
1860 817 1911 858 sa-

200 867 338 927 11ὓῦ0811
358 871 491 924 ³⁰t0l⁰m
511 866 654 922 llbffl'talls
679 867 789 946 1¹05?oe
816 861 1027 917 bfflVSfflmum
1082 877 1141 932 cris
1154 872 1843 949 altaribusadpromovendumlteclamantem
1852 889 1910 946 pro

199 946 318 1013 patrem
331 942 466 995 1¹08V11m
483 937 619 994 odonem
639 935 760 992 humllss
774 935 908 989 1110111181
921 928 1025 1002 Stilus·
1081 947 1197 1004 viribus
1210 948 1402 1005 etnolentem
1423 951 1556 1002 extrema
1579 942 1756 1000 obedientiae
1783 945 1911 1000 necessi-

468 1025 595 1082 Factam
611 1025 648 1080 de
667 1023 760 1079 mica.
1083 1023 1142 1076 tate
1152 1019 1312 1093 compellit.
1330 1018 1483 1074 Advocato
1512 1014 1711 1072 bisuntinensi
1727 1015 1781 1085 (tit)
1797 1015 1910 1072 archie-

236 1097 281 1155 24.
311 1097 488 1168 Legitimum
513 1095 609 1152 fuerat
628 1095 660 1151 in
688 1091 836 1150 Balmensi
850 1087 984 1169 ecclesia,
1000 1089 1029 1142 et
1083 1091 1209 1218 giacopo
1220 1095 1248 1147 et
1260 1090 1386 1147 solemni
1401 1087 1623 1169 consecratione
1638 1085 1911 1168 praemissasacer-

201 1167 291 1244 quasi
326 1183 360 1224 ro
382 1168 449 1239 jure
465 1166 641 1223 servabatur
661 1165 692 1220 in
704 1164 781 1230 loco,
797 1165 829 1218 ut
853 1161 948 1217 inicas
964 1157 1028 1214 illas
1106 1161 1162 1218 otis
1176 1161 1273 1218 induit
1286 1161 1472 1231 dignitatem.
1498 1161 1580 1214 Dicin
1602 1161 1832 1214 consecrationis
1845 1158 1911 1228 ejus

223 1257 268 1296 uae
321 1238 546 1296 scumbentihus
569 1239 767 1310 superessent,
784 1231 894 1302 singuli
904 1231 1028 1287 fratrum
1084 1233 1219 1289 insecuta
1230 1247 1292 1288 nox
1304 1232 1410 1299 fuerat,
1426 1230 1457 1287 in
1467 1246 1529 1303 qua
1543 1227 1586 1285 vir
1601 1228 1719 1285 Domini
1745 1233 1815 1301 post
1830 1229 1912 1302 quie·

201 1257 371 1394 diligentius
387 1309 524 1366 collectas
539 1308 718 1381 exciperent,
743 1320 782 1362 ne
797 1305 966 1373 fragmenta
976 1301 1028 1356 be·
1086 1309 1145 1360 tem
1162 1303 1317 1374 evigilans,
1341 1307 1369 1358 et
1393 1318 1454 1358 suae
1468 1299 1700 1357 consecrationis
1714 1315 1770 1356 nec
1784 1316 1911 1370 memor,

201 1380 377 1439 nedictionis
400 1379 600 1450 negligentius
625 1377 805 1450 deperirent.
835 1373 961 1442 Contigit
981 1370 1029 1426 die
1088 1374 1195 1432 stolam
1224 1371 1440 1430 sacerdotalem
1461 1371 1537 1428 collo
1553 1387 1609 1426 suo
1628 1370 1737 1443 reperit
1750 1370 1914 1427 circumfle-

201 1452 334 1578 3uadam
351 1455 384 1507 ut
401 1451 509 1506 beatus
523 1450 570 1506 vii·
598 1449 637 1506 ad
662 1463 800 1504 inensam
825 1445 932 1500 sedens
948 1445 1030 1498 tanta
1086 1462 1167 1502 xam.
1182 1445 1297 1502 Timore
1312 1444 1441 1514 diriguit,
1462 1448 1491 1498 et
1505 1447 1587 1499 tanto
1602 1441 1788 1498 verecundiae
1804 1441 1913 1498 rubore

224 1523 360 1579 ulcedine
375 1522 510 1579 lectionis
525 1521 700 1588 traheretur,
716 1521 749 1573 ut
762 1515 833 1589 quia
849 1515 886 1570 ad
905 1512 1031 1570 coelestis
1088 1515 1220 1572 suffusus
1233 1521 1286 1584 est,
1301 1520 1334 1571 ut
1347 1515 1449 1596 ipsum
1465 1512 1632 1570 claustralis
1649 1513 1717 1570 ostii
1734 1512 1914 1594 permultos

200 1593 367 1650 harmoniae
378 1592 525 1648 sonumin
554 1589 1031 1660 uemdamrapereturexoessum,
1053 1653 1054 1658 .
1087 1588 1150 1644 dies
1164 1591 1347 1644 revereretur
1360 1601 1539 1657 ingressum.
1552 1588 1584 1640 ln
1599 1599 1690 1654 grave
1703 1583 1915 1640 etiamlamen-

201 1664 398 1736 antepositas
416 1663 510 1718 micas
525 1677 548 1717 si
570 1661 580 1717 i
600 1660 709 1717 oblitus
723 1659 818 1715 fuerat
833 1673 889 1731 pro
904 1669 1031 1712 consue·
1052 1639 1073 1694 Β
1088 1663 1152 1715 tum
1167 1674 1198 1714 se
1213 1658 1307 1739 dedit,
1317 1662 1345 1714 et
1358 1656 1452 1714 oculis
1468 1656 1530 1712 suis
1542 1671 1604 1736 non
1629 1671 1767 1729 parcens,
1783 1656 1855 1737 quia
1878 1656 1915 1710 si-

202 1734 306 1792 tudine
320 1734 500 1806 suscepisse.
517 1733 595 1788 Finis
610 1731 745 1787 lectionis
760 1745 829 1785 euin
840 1729 1032 1784 revocaverat
1086 1730 1214 1786 nistrum
1225 1730 1251 1785 ei
1265 1728 1429 1801 aliquando
1454 1727 1619 1793 accidisset,
1644 1725 1816 1782 solvebatur
1826 1742 1856 1782 in
1870 1726 1915 1782 la-

203 1805 243 1862 ub
258 1821 392 1868 excessu.
409 1821 478 1860 cum
493 1804 557 1876 ipse
571 1802 678 1860 videns
693 1817 724 1857 se
737 1805 805 1856 ante
821 1799 921 1881 ⁸ositas
937 1797 1031 1878 micas
1087 1817 1217 1882 arpinas.
1228 1799 1360 1856 Tandem
1375 1798 1503 1880 occurrit
1516 1796 1646 1879 occasio,
1656 1801 1689 1853 ut
1698 1796 1862 1880 mitteretur
1874 1797 1915 1854 ad

202 1867 1031 2022 attiliititatitlatttltltutilit
1085 1887 1264 2016 latitatis
1278 1869 1913 2022 {latitudtlt.tttt⁶.ta‚⁰tfttttt

204 2017 308 2088 gillam
320 2017 463 2090 implevit.
490 2016 651 2086 Versutltt)
666 2014 756 2081 dicto,
781 2029 836 2086 prc
850 2011 1032 2081 neghgentia
1086 2014 1198 2071 donem
1237 2016 1370 2070 ieremias
1397 2027 1428 2068 in
1467 2010 1638 2068 sacerdotes
1666 2017 1911 2094 repetensque

204 2089 408 2146 satisfacturus
423 2087 535 2156 abbati,
552 2091 580 2142 et
595 2087 659 2158 ejus
671 2086 702 2140 in
716 2083 921 2141 testimonium
931 2086 1031 2137 reatus
1107 2101 1178 2142 rare
1193 2084 1349 2142 sacerdotii
1361 2082 1482 2156 pondus
1497 2087 1551 2148 est,
1561 2082 1638 2138 mira
1653 2081 1762 2155 eloquii
1775 2081 1912 2138 facilitate

204 2161 251 2218 sui
265 2159 419 2216 communi
444 2157 612 2232 praesentire
636 2157 781 2237 illaturus,
807 2153 977 2236 escuntium
993 2151 1031 2207 de
1087 2101 1234 2212 gisseruit.
1249 2158 1380 2224 Rogatur
1396 2153 1435 2209 ab
1451 2153 1603 2234 episcopo,
1621 2157 1653 2208 ut
1666 2168 1702 2209 ea
1727 2152 1914 2234 quesibi-di

203 2223 1030 2311 oratoriopedibassanctusadvolviturzanimadversum
1086 2231 1179 2294 xerat,
1195 2226 1242 2282 vel
1256 2240 1383 2299 quecun
1427 2240 1443 2280 e
1457 2223 1582 2280 meliora
1592 2227 1790 2288 occurrerent,
1802 2239 1833 2278 in
1846 2223 1912 2280 libri

203 2305 329 2358 esteum
345 2317 376 2356 in
395 2300 496 2373 aliquo
523 2298 695 2372 deliquisse.
725 2299 835 2352 Ductus
853 2296 884 2351 in
898 2309 1030 2368 praesen-
1087 2298 1193 2354 scriem
1206 2300 1369 2369 coaptaret.
1421 2295 1489 2351 ibus
1503 2293 1642 2350 libellulis
1654 2310 1731 2368 opus
1745 2295 1914 2366 injunctum

203 2372 276 2428 tiam
291 2371 410 2428 abbatis
424 2373 481 2438 sui,
495 2370 617 2442 culpam
629 2372 778 2444 prostrato
794 2381 919 2447 corpore
941 2365 1031 2420 conti·
1086 2367 1245 2442 explicuit;
1261 2367 1313 2424 ubi
1327 2367 1448 2440 spiritus
1462 2365 1527 2438 ejus
1540 2365 1640 2422 bonus
1664 2366 1696 2421 in
1712 2369 1826 2422 tantam
1850 2365 1914 2448 ple-

203 2447 289 2513 tetur,
304 2443 428 2516 porrigit
441 2457 577 2506 manum,
594 2445 622 2496 et
636 2438 823 2509 negligentiae
839 2451 926 2506 signa
942 2435 1030 2491 datu·
1087 2439 1254 2495 nitudinem
1267 2437 1398 2494 veritatis
1422 2436 1529 2510 erupit,
1554 2440 1587 2493 ut
1600 2435 1729 2492 Ecclesia
1743 2435 1835 2492 libros
1848 2437 1915 2494 illos

202 2530 254 2569 rus
278 2513 412 2638 rheginum
439 2511 565 2637 {paruit
591 2505 1030 2652 Qucderffisoltputspuggitileljffiiirs
1086 2510 1310 2650 Ιοςίιιέᾁοιθιιιιιι
1322 2508 1586 2581 amoresuscipiat,
1603 2511 1631 2564 et
1644 2507 1768 2564 omnino
1783 2508 1915 2578 gaudeat

204 2599 252 2639 ere
276 2600 283 2638 i
307 2597 384 2639 ievi
408 2597 662 2650 eaur,micasos
1020 2607 1031 2617 ·
1087 2598 1118 2637 se
1144 2597 1159 2637 e
1182 2597 1251 2636 iss.

205 2654 326 2725 garitae.
339 2656 427 2708 Extra
439 2668 470 2708 se
483 2652 551 2708 facti
572 2651 625 2724 qui
647 2651 782 2718 aderant,
797 2649 840 2706 rei
853 2648 970 2718 cognita
984 2663 1032 2703 ve·
1087 2653 1186 2709 Remo
1212 2666 1392 2708 successores
1422 2651 1558 2721 designat
1571 2665 1582 2707 .·
1598 2650 1761 2707 widonem
1786 2651 1914 2720 Botmoe,

204 2725 289 2781 ritate
301 2723 382 2794 negli
404 2723 515 2780 entiam
541 2722 651 2778 mutari
673 2719 819 2777 miraculo
833 2719 941 2776 divinis
955 2719 1032 2774 voci·
1355 2723 1484 2779 Odoacri
1501 2721 1652 2778 Cluniaci.

203 2796 262 2851 bus
276 2738 468 2850 insonabant.
494 2796 516 2851 0
531 2793 657 2850 mutatio
669 2791 809 2862 dexteris,
825 2789 877 2873 sed
893 2788 1006 2846 Excelsi
1023 2790 1028 2844 !
1122 2798 1166 2850 27.
1183 2792 1302 2850 Interim
1318 2795 1413 2850 Bcrno
1438 2792 1534 2850 abbas
1549 2807 1666 2848 annosa
1681 2791 1755 2848 senii
1770 2791 1914 2862 gravitate

206 2868 238 2922 ln
253 2881 348 2922 manu
362 2865 474 2922 Odonia
503 2863 573 2920 vilia
587 2879 715 2946 quaque
732 2867 762 2919 et
775 2863 901 2918 minima
914 2865 1031 2917 vertun·
1086 2863 1238 2932 deficiens,
1249 2864 1359 2921 exitiali
1381 2863 1471 2922 etiam
1495 2864 1547 2920 lan
1569 2879 1641 2920 ucre
1659 2869 1813 2944 correptus
1827 2861 1916 2918 decu·

205 2942 253 2993 tur
265 2938 296 2993 in
308 2937 447 3010 pretium,
464 2939 493 2992 et
507 2936 639 2992 minutiae
654 2934 892 3016 fragmentorum
905 2932 936 2988 in
962 2947 1030 3005 pre·
1053 2983 1057 2990 .
1085 2936 1160 2992 huit.
1187 2936 1351 3006 Urgebatur
1378 2935 1489 3009 duplici
1503 2879 1652 3005 molestia,
1678 2934 1863 3014 aegritudinis
1887 2938 1915 2989 et

205 3008 298 3064 tiosos
324 3006 440 3080 lapides
467 3007 642 3064 formantur.
670 3008 741 3061 Vere
766 3008 864 3077 iustus
882 3009 910 3060 et
929 3003 1030 3059 multe
1051 2979 1191 3077 eastatis,
1208 3011 1297 3080 atque
1312 3007 1351 3063 ad
1363 3007 1525 3064 tollendam
1542 3006 1580 3062 de
1603 3005 1703 3062 medio
1724 3005 1822 3062 vitam
1849 3004 1914 3076 ejus

163 3098 166 3106 ¹
205 3079 306 3150 metite
320 3078 403 3152 apud
416 3081 520 3148 Deum,
536 3077 588 3151 qui
602 3077 676 3133 dum
688 3092 719 3132 se
734 3080 860 3132 conatur
874 3074 1031 3156 ostendere
1086 3077 1212 3134 morbus
1231 3085 1260 3134 et
1281 3078 1397 3134 senium
1423 3077 1454 3133 in
1467 3077 1574 3133 eodem
1587 3091 1711 3149 corpore
1731 3091 1916 3158 compugna-

203 3149 405 3222 negligentem
418 3153 447 3206 et
460 3165 557 3218 reum,
569 3149 668 3221 justus
684 3153 712 3203 et
730 3147 875 3203 innocens
892 3149 963 3202 teste
978 3161 1032 3201 mi·
1086 3149 1170 3206 bant.
1188 3149 1308 3204 Vicinos
1320 3148 1461 3204 adsciscit
1474 3148 1644 3221 episcopos,
1654 3147 1770 3204 consilii
1781 3163 1858 3204 viros
1871 3145 1916 3202 in·

204 3221 308 3277 raculo
322 3220 546 3293 comprobatur.
560 3219 657 3274 Virtus
666 3217 842 3274 humilitatis
857 3217 922 3288 ejus
932 3233 967 3272 ex
991 3216 1033 3272 iat
1087 3219 1170 3287 vitat,
1184 3235 1314 3292 quorum
1329 3218 1488 3292 prudentia
1502 3223 1531 3275 et
1544 3217 1697 3291 responsis
1720 3223 1748 3275 et
1773 3217 1827 3274 sibi
1842 3232 1911 3274 con·

205 3293 236 3348 in
250 3307 288 3372 eo
295 3291 431 3372 culpam,¹
441 3295 551 3416 purfat
562 3293 689 3369 reatum,
702 3294 731 3344 et
740 3289 908 3369 fragmenta
922 3231 1032 3368 nuffius
1088 3289 1239 3371 sulatjam
1266 3290 1417 3360 migranti.
1444 3294 1472 3346 et
1486 3289 1618 3372 filiorum
1664 3290 1799 3372 rovideat
1825 3287 1914 3370 disci-

205 3366 291 3436 pretu
305 3377 336 3416 in
351 3361 499 3416 admirabi
512 3377 543 3416 es
557 3363 736 3430 margaritas
758 3357 888 3415 mirabili
900 3360 1032 3413 novitate
1088 3361 1188 3434 plinae.
1205 3363 1280 3418 Cum
1295 3375 1408 3431 magno
1422 3365 1534 3432 gemitu
1549 3365 1623 3418 etin
1659 3365 1693 3418 tis
1708 3359 1851 3433 lacrymis
1866 3359 1914 3415 de-

206 3431 469 3490 transformantur.
492 3431 578 3497 Quod
605 3429 792 3510 miraculum·
808 3429 873 3510 duo
887 3427 976 3509 nobis
991 3427 1034 3484 in·
1088 3432 1202 3488 ducens
1216 3432 1247 3488 in
1285 3432 1418 3488 ublieum
1437 3447 1534 3488 annos
1550 3448 1632 3498 suos,
1652 3431 1831 3505 praeteritum
1847 3430 1913 3486 vitae

205 3504 271 3560 nuit
283 3519 346 3559 non
361 3501 541 3576 spernenda,
554 3505 583 3558 et
594 3499 810 3556 benedictionis
823 3498 963 3580 rehquias
976 3497 1034 3554 col·
1089 3519 1152 3558 suae
1166 3503 1197 3558 in
1207 3447 1389 3572 negligentia
1405 3507 1559 3585 ettcrpore
1568 3519 1598 3559 se
1610 3502 1737 3560 inaniter
1751 3517 1914 3574 consump-

206 3574 344 3644 ligendas
358 3589 395 3629 ne
410 3577 542 3646 pereant,
559 3577 587 3628 et
600 3571 656 3627 viri
669 3571 834 3628 beatissimi
846 3575 1034 3651 sanctitatem
1090 3574 1164 3630 sisse
1180 3590 1236 3630 eon
1261 3574 1380 3630 aeritur.
1399 3575 1434 3631 Se
1448 3573 1539 3630 fuisse
1561 3573 1703 3630 abbatem
1718 3573 1840 3630 nomine
1853 3587 1915 3630 non

207 3643 389 3702 successuris
404 3643 519 3699 saeculis
533 3641 767 3716 praedicandam.
792 3643 859 3715 lpse
875 3645 974 3696 autem
989 3655 1035 3696 vu·
1089 3643 1231 3711 merit0,o
1266 3644 1509 3714 aiononvirtute;
1527 3660 1557 3700 se
1569 3645 1752 3701 infructuose
1762 3649 1790 3700 et
1812 3644 1864 3700 diu
1875 3644 1916 3700 lo-

207 3715 326 3772 Domini
340 3719 528 3788 contemptor
538 3713 753 3796 ¹temporalium
763 3712 1035 3838 etapfietitoregre-
1089 3715 1318 3785 cumregiminis
1326 3730 1501 3788 occupasse.
1522 3715 1593 3772 inde
1605 3715 1851 3772 sedamnationis
1864 3715 1915 3770 ob·

207 3786 274 3859 gius
289 3785 469 3856 futurorum,
485 3799 523 3841 ne
536 3800 566 3841 in
582 3789 721 3858 praesenti
736 3799 837 3840 cuma
860 3799 923 3864 qua
936 3799 1035 3864 remu·
1089 3785 1214 3842 noxium
1224 3787 1454 3859 termento,quia
1461 3785 1560 3842 locum
1567 3787 1695 3860 pastoris
1702 3786 1914 3854 mercenarius,

173 3913 178 3920 ,
207 3855 322 3913 neratio
339 3855 439 3926 gloriae
457 3861 639 3929 sequeretur,
664 3854 861 3912 transferebat
887 3869 918 3908 in
942 3853 1035 3910 alium
1089 3857 1190 3914 locum
1198 3857 1375 3914 innocentiae
1387 3873 1457 3913 reus
1469 3856 1608 3930 implens,
1620 3857 1772 3930 dignitatis
1783 3856 1915 3914 officium

208 3927 292 4002 quod
314 3943 402 3983 suum
427 3931 500 3984 erat.
518 3929 686 4008 suppresso
710 3926 822 4000 quippe
837 3924 958 3982 nomine
970 3939 1035 3998 per·
1089 3927 1221 3999 indignis
1237 3927 1404 3984 actionibus
1421 3927 1630 3985 ministrasset.
1649 3931 1738 4011 Spem
1760 3943 1916 4002 superesse

208 4014 315 4055 sonam
331 3997 452 4055 alterius
467 4015 527 4054 sue
541 3997 665 4055 rationis
692 3996 776 4054 titulo
789 3995 991 4080 proponebat,
1007 3999 1036 4052 et
1090 3999 1224 4065 remedii,
1234 3999 1916 4068 utdumsuaelibertatisestammus,abrenun-

207 4069 324 4126 vclente
340 4072 399 4126 Deo
426 4086 487 4144 quo
504 4068 669 4126 studiosius
689 4069 817 4136 evitant,
846 4083 884 4124 ne
903 4071 1036 4140 patrator
1091 4071 1168 4127 tians
1192 4069 1340 4128 cathedrae
1355 4071 1508 4144 pastorali,
1525 4071 1628 4128 sedem
1653 4071 1833 4144 praelationis
1850 4087 1917 4126 eva-

208 4139 344 4198 miraculi
359 4141 538 4204 crederetur,
554 4157 589 4198 eo
604 4140 717 4196 factum
732 4145 777 4196 est
790 4139 864 4196 utin
880 4139 955 4196 facie
969 4155 1034 4196 om·
1090 4145 1167 4212 caet,
1183 4146 1212 4198 et
1224 4141 1325 4198 locum
1340 4141 1450 4200 tribuat
1460 4142 1584 4199 meliori.
1596 4141 1629 4198 ld
1643 4157 1673 4198 se
1686 4148 1799 4215 optare,
1809 4141 1841 4198 id
1854 4157 1917 4198 cin-

207 4211 293 4270 nium
306 4211 405 4284 operis
427 4212 518 4283 hujus
546 4216 628 4268 actor
653 4211 838 4267 clarissimus
863 4210 1033 4266 haberetur.
1090 4211 1222 4268 nimodis
1234 4229 1265 4268 se
1275 4213 1442 4286 proderint
1452 4213 1491 4268 ad
1501 4229 1605 4269 curam
1614 4213 1783 4286 spirituum,
1795 4213 1834 4270 ad
1844 4213 1917 4280 regi·

207 4281 310 4338 Abbas
325 4297 396 4338 vero
407 4283 582 4362 praemissas
608 4281 648 4336 ad
662 4282 841 4337 miraculum
855 4281 1034 4348 margaritas
1090 4299 1159 4340 men
1180 4283 1361 4350 animarum,
1387 4283 1528 4340 submoto
1554 4283 1740 4340 infructuoso
1763 4289 1792 4340 et
1815 4283 1916 4352 sterili,

208 4367 301 4410 aureo
324 4355 415 4407 textui
439 4353 527 4423 jussit
554 4350 646 4420 affigi,
661 4365 699 4406 ne
714 4356 802 4407 tantae
817 4349 955 4406 novitatis
970 4366 1033 4406 me·
1054 4343 1076 4398 D
1090 4353 1242 4424 dignioret
1249 4355 1346 4422 magis
1354 4353 1917 4425 idoneussubrogetur.Pudicalibertas

207 4423 305 4480 moria
315 4437 388 4478 casu
401 4420 502 4494 aliquo
514 4421 670 4476 deleretur.
1090 4423 1222 4480 ecclesie
1250 4423 1406 4496 provideat
1433 4423 1584 4497 pudicitiae
1606 4441 1668 4483 suae
1683 4427 1849 4491 custodem,
1865 4427 1917 4499 qui

332 4493 477 4549 Parentes
492 4492 533 4548 ad
551 4491 733 4547 monasticen
753 4491 909 4548 canumet.
1090 4495 1156 4567 ejus
1166 4494 1286 4568 puritati
1297 4495 1471 4552 meritorum
1481 4502 1510 4553 et
1517 4497 1660 4555 virtutum
1670 4497 1836 4568 integritate
1846 4499 1915 4568 jun-

242 4563 287 4620 25.
305 4566 421 4645 Naturae
449 4561 591 4619 violentia
614 4561 787 4644 cogebatur,
807 4565 840 4617 ut
857 4561 1034 4644 parentibus
1089 4571 1185 4638 gatur.
1199 4565 1292 4637 Eligat
1300 4566 1356 4624 sibi
1366 4572 1483 4640 patrem
1493 4567 1701 4626 castadevotio
1712 4568 1854 4636 filiorum,
1867 4585 1916 4624 cu·

252 4651 287 4692 cs
302 4633 441 4708 periculis
457 4633 667 4704 mandibulas
683 4631 842 4706 rehquerat
855 4637 1034 4714 innatantes,
1086 4637 1137 4712 jus
1148 4637 1651 4706 sobrietasimitationem‚dootrina
1660 4637 1915 4704 informationem,

232 4706 345 4764 ebitum
370 4721 432 4762 suae
446 4704 623 4764 visitationis
644 4703 773 4760 offerret.
788 4705 929 4784 Querens
947 4703 1035 4761 licen·
1090 4703 1916 4782 magisteriumpariatdisciplinam.lpsisibipraefieiant

209 4777 282 4835 tiam
297 4777 477 4852 impetravit,
494 4781 522 4833 et
534 4782 656 4849 accepta
668 4773 875 4832 benedictione
885 4775 1035 4848 profectus
1089 4779 1225 4852 ducem,i
1248 4781 1272 4836 si
1280 4781 1374 4837 sancti
1384 4784 1598 4854 preceptorem
1608 4777 1772 4856 instituant,
1784 4774 1841 4854 sub
1851 4775 1916 4845 ejus

209 4851 264 4903 est.
281 4849 390 4904 Direxit
404 4848 548 4904 Dominus
562 4847 617 4904 iter
630 4846 720 4915 illius,
736 4849 764 4901 et
785 4849 898 4902 tantam
913 4845 1037 4904 contulit
1089 4851 1216 4924 imperio
1226 4795 1331 4908 floreat
1339 4852 1441 4918 virtus,
1452 4849 1614 4906 revirescat
1632 4849 1729 4903 bonor
1741 4849 1873 4916 justitiae,
1888 4851 1917 4903 et

209 4917 375 4974 efficaciam
389 4919 489 4974 verbis
504 4919 578 4990 ejus.
595 4923 628 4975 ut
648 4917 747 4990 primo
768 4915 973 4975 collocutionis
987 4934 1036 4975 oc·
1090 4937 1217 4978 censura
1228 4923 1318 4978 totius
1328 4921 1441 4977 ordinis
1450 4917 1622 4976 recalescat.
1634 4917 1849 4998 Verumtamen
1860 4917 1917 4974 nisi

208 5003 300 5046 cursu
330 4993 423 5044 atrem
437 4991 622 5045 monachum
632 4988 689 5060 (50)
701 4987 819 5053 faceret,
828 4993 955 5046 matrem
964 5005 1036 5047 vero
1091 4993 1377 5050 acommunisensu
1392 4991 1458 5062 ejus
1473 4989 1620 5046 sententia
1640 4987 1819 5054 dissentiret,
1836 4989 1917 5046 vide·

208 5073 281 5116 mon
325 5075 376 5115 um
389 5073 517 5116 numero
532 5060 660 5116 traderet
675 5059 862 5116 sociandam.
885 5061 1036 5131 Virginem
1089 5067 1171 5120 retur
1190 5061 1248 5118 sibi
1276 5065 1309 5118 ut
1334 5061 1492 5134 pastoralis
1508 5059 1715 5116 sollicitudinis
1738 5059 1916 5131 magnitudo

209 5145 331 5214 quoque
346 5129 506 5211 cujusdam
520 5129 645 5212 hospitis
655 5130 701 5186 sui
711 5131 804 5187 filiam
815 5147 884 5188 cum
892 5131 1037 5258 precibus
1089 5132 1193 5208 partiri
1220 5131 1343 5189 deberet
1365 5131 1396 5188 ia
1419 5131 1506 5204 duos,
1536 5145 1667 5204 quorum
1687 5129 1805 5187 alteria
1824 5131 1917 5188 altero

208 5217 288 5328 itta
301 5199 1037 5347 ittitttttittttiltttntttltt,Titii
1091 5201 1917 5348 trattatititttatitlttitulusita

209 5343 336 5400 Domino
346 5343 539 5400 dedicantem
555 5315 679 5400 moniali
693 5345 849 5418 proposito
875 5345 1035 5414 consigna·
1090 5314 1201 5403 habeat
1213 5361 1362 5419 sponsum
1378 5344 1674 5414 suum,cluniaeensi
1686 5359 1756 5402 vero
1765 5343 1915 5416 filioe,jam

246 5468 301 5540 (tt)
317 5468 350 5524 ld
376 5472 421 5524 est
439 5467 540 5540 gratiis
558 5471 629 5542 post
654 5467 756 5524 cibum
777 5466 873 5537 dicbs,
887 5483 949 5540 qua
962 5483 1036 5524 voce
1092 5469 1225 5528 cluniaci
1234 5471 1421 5528 monachum
1431 5471 1544 5528 factum
1552 5470 1644 5528 fuisse
1654 5473 1775 5528 constat
1784 5485 1821 5526 ex
1832 5471 1918 5526 ioan-

209 5539 301 5597 utitur
316 5541 344 5596 S.
357 5540 531 5597 Benedictus
544 5539 577 5596 in
591 5537 710 5608 negate
725 5553 791 5610 cap.
805 5541 850 5594 4³.
1090 5541 1138 5598 nis
1151 5541 1203 5599 lib.
1221 5559 1241 5613 i,
1255 5557 1339 5598 num.
1356 5547 1400 5599 35.

243 5611 304 5684 (50)
319 5612 426 5668 Neuter
435 5610 545 5666 horum
563 5614 724 5680 auctorum
737 5608 874 5666 meminit
888 5613 1037 5666 monaste·
1126 5613 1182 5686 151)
1197 5617 1260 5671 lmo
1285 5613 1499 5681 Lemovicansi,
1515 5615 1638 5673 nomine
1661 5611 1819 5684 Turpione,
1841 5611 1916 5668 utin

209 5681 257 5756 rii,
272 5682 303 5738 iii
313 5697 375 5756 quo
388 5680 603 5740 Odcnismater
613 5681 715 5740 velum
726 5680 891 5754 assumpsit
902 5698 908 5737 :
920 5685 1036 5755 patrem
1092 5681 1189 5754 elogio
1200 5683 1362 5760 probatum
1372 5689 1425 5742 est.
