4106 6148
132 143 186 200 car
387 91 389 96 ’
756 139 931 198 srtsroen
949 138 992 194 ar
1009 135 1218 196 rnrvraseu.
1409 120 1413 128 ’
1788 148 1841 206 930

132 263 212 321 tione
227 279 281 320 seu
299 262 473 322 definitione
492 262 694 320 indifferenter
710 278 765 320 vos
786 263 851 321 stne
865 262 959 320 dubio
974 261 999 318 Δ
1016 259 1152 317 ccdimus
1177 260 1308 319 detinere
1330 262 1449 334 deberi;
1477 267 1640 322 statuentes
1659 271 1748 342 atque
1772 285 1841 344 pro-

132 357 328 426 ptocnrantes
343 352 488 410 efficiatur
500 369 507 422 ;
521 351 663 425 nullaque
681 352 872 426 pretercaad
884 351 960 408 den·
1016 348 1186 420 nugantes
1201 350 1258 408 sub
1271 351 1364 408 divini
1386 353 1490 424 judicii
1504 355 1715 414 observatione
1728 362 1757 415 et
1771 374 1841 418 ana·

133 441 207 498 dum
221 457 321 498 annue
331 457 444 516 pensus
456 457 473 498 a
488 441 574 498 robis
584 457 670 498 mora
681 441 909 514 proveniat,scd
920 439 962 497 ul·
1016 437 1154 496 thematis
1166 438 1382 511 interdictione,
1393 446 1425 498 ut
1435 442 1510 498 nulli
1523 459 1658 517 unquam
1668 451 1841 505 nostrorum

134 535 179 588 tro
194 530 364 588 actionariis
386 535 496 588 sanctae
510 534 621 588 nostra
650 530 786 588 Ecclesia
801 535 872 604 apto
891 535 962 586 tem
1015 543 1223 584 successorum
1238 528 1425 602 pontificum,
1439 531 1487 588 vel
1502 531 1566 588 alta
1588 534 1709 592 cuilibet
1722 553 1840 609 magnae

132 635 206 692 pore
228 619 417 693 persolvant3
444 623 606 676 statuentes
632 619 798 692 apostolica
821 633 958 686 censura,
1013 632 1176 690 parvaeque
1200 633 1338 691 personae
1364 619 1539 676 subtrahere
1570 629 1744 695 praesumat,
1772 641 1841 700 quae
1924 647 1928 656 ·

133 709 305 766 auctoritate
319 707 399 766 beati
413 709 489 766 Petri
512 709 721 784 apostolorum
733 709 886 782 principis,
903 707 960 764 sub
1013 703 1115 777 ipsum
1129 703 1230 760 locum
1251 706 1290 762 ad
1313 706 1556 776 restaurandum,
1574 713 1604 765 et
1620 711 1660 766 ad
1680 712 1841 785 pristinum

131 795 224 854 divini
236 796 341 868 judieii
351 796 549 855 obtestatione
561 798 760 856 anathematis
771 797 960 854 interdictum
1014 793 1144 866 madum
1167 795 1416 868 revocandurn,a
1432 797 1520 854 uobis
1534 813 1588 872 per
1599 800 1767 860 remedium
1779 802 1841 860 ani·

131 890 164 942 ut
179 884 251 942 nulli
266 901 403 960 uuquam
427 891 599 944 nostrorum
616 885 960 959 successornmpontiti-
1014 899 1072 940 mae
1096 884 1264 957 stephaniae
1282 885 1444 960 spiritualis
1462 891 1572 943 nostrae
1587 886 1656 944 tiliae
1679 890 1840 964 recepistis

132 991 202 1032 cum
216 974 264 1032 vel
287 974 353 1032 aliar
369 975 490 1034 cuilibet
504 991 622 1048 magnae
649 992 809 1050 parvaeqne
823 991 959 1050 personna
1015 969 1044 1029 Si
1058 971 1126 1044 quis
1139 975 1250 1044 autem,
1262 973 1346 1047 quod
1355 989 1417 1030 non
1431 978 1582 1047 optamus,
1594 976 1752 1034 temerario
1763 993 1842 1035 ausu

130 1064 198 1138 ipsa
211 1063 432 1138 praenominata
447 1065 514 1123 toea
535 1081 553 1122 a
566 1069 712 1139 potestate
730 1071 759 1121 et
772 1065 883 1122 ditione
894 1065 959 1136 jam
1015 1065 1120 1118 eontra
1134 1062 1192 1118 hoc
1218 1067 1357 1119 nostrum
1382 1063 1581 1137 apostolieum
1596 1071 1779 1140 preceptum
1799 1067 1842 1126 ire

130 1153 183 1211 tati
207 1154 380 1211 monasterti
400 1153 516 1211 amerre
531 1157 706 1228 prasumat.
721 1153 750 1210 Si
774 1153 841 1227 quis
858 1156 960 1209 antem
1012 1149 1179 1219 tentamrit,
1196 1151 1270 1209 sciat
1291 1168 1322 1209 se
1343 1152 1518 1210 auctoritate
1545 1155 1606 1223 bei,
1626 1159 1655 1212 et
1672 1155 1753 1214 beati
1765 1156 1842 1214 Petri

130 1243 288 1300 temerario
303 1259 382 1300 ausu
399 1259 513 1314 magna
533 1258 689 1318 parvaque
709 1258 841 1316 persona
856 1246 960 1299 contra
1013 1239 1218 1312 apostolorum
1233 1241 1376 1315 principis
1397 1243 1598 1300 anathematis
1622 1245 1743 1301 vinculo
1758 1245 1842 1302 inno

130 1331 212 1389 hunc
223 1336 361 1390 nostrum
375 1331 576 1407 apostolicum
588 1337 772 1406 preceptum
787 1345 875 1404 agere
885 1347 959 1405 prae·
1013 1327 1129 1396 datum,
1146 1334 1174 1386 et
1199 1346 1217 1386 a
1234 1345 1327 1400 regno
1354 1330 1404 1387 ilci
1419 1331 1561 1387 alienum.
1576 1331 1632 1398 Qui
1651 1349 1720 1390 vero
1733 1334 1783 1407 pio
1798 1333 1842 1391 in·

130 1421 302 1494 sumpserit,
320 1421 393 1478 sciat
408 1438 439 1478 se
456 1421 655 1478 anathematis
673 1419 794 1478 vinculo
809 1420 958 1485 innodari,
1014 1417 1090 1472 tuitu
1104 1420 1215 1488 custos,
1231 1423 1260 1475 ct
1273 1417 1451 1475 observator
1464 1419 1555 1492 hujus
1570 1420 1663 1477 nostri
1686 1421 1842 1495 apostolici

130 1515 159 1566 et
177 1527 196 1566 a
219 1524 313 1581 regno
329 1511 379 1566 Dei
401 1509 544 1578 alienum,
565 1514 594 1566 et
612 1525 682 1566 cnm
697 1509 840 1566 omnibus
861 1508 961 1582 impiis
1014 1505 1165 1561 constituti
1178 1505 1208 1562 in
1225 1505 1368 1562 omnibus
1380 1507 1529 1577 exstiterit,
1545 1507 1761 1566 benedictionis
1777 1525 1843 1582 gra-

129 1603 241 1657 aaterno
261 1599 391 1656 incendii
415 1598 562 1674 supplicio
574 1598 821 1657 condemnatum.
837 1602 873 1654 att
889 1613 994 1672 rerog
1013 1591 1096 1660 ham,
1112 1597 1141 1650 et
1154 1593 1391 1652 misericordiam
1406 1595 1514 1667 ajusto
1527 1596 1628 1668 judice
1641 1599 1768 1655 Domino
1781 1602 1841 1656 lleo

129 1689 181 1762 qui
198 1688 375 1746 observator
389 1688 531 1746 exstiterit
548 1688 700 1763 praecepti.
716 1687 844 1760 gratiam
869 1691 959 1760 atque
1011 1685 1116 1738 nostro
1130 1682 1275 1756 consequi
1288 1687 1449 1740 mereatur.

129 1777 378 1850 miscricordiam,
402 1778 556 1852 vitamque
580 1782 723 1835 aeternam
749 1793 767 1834 a
794 1775 959 1833 misericor·
1048 1770 1196 1844 Scriptum
1209 1787 1264 1845 per
1277 1787 1404 1829 manum
1416 1772 1585 1830 acritioneri
1597 1773 1743 1832 scriniarii
1755 1790 1841 1832 sanc·

129 1865 252 1922 dissimo
267 1865 393 1922 Domino
407 1869 509 1922 nostro
522 1865 667 1939 consequi
681 1869 844 1922 mereatur.
1012 1862 1067 1915 ctte
1088 1861 1230 1915 Romame
1258 1859 1405 1932 Ecclesiae,
1418 1859 1450 1922 in
1471 1877 1575 1918 mense
1603 1861 1753 1930 octobrio,
1767 1862 1842 1920 iudi-

166 1956 314 2028 Scrtptum
329 1970 382 2028 per
396 1969 523 2010 manum
551 1953 656 2010 Leonis
681 1953 827 2010 scriniarii
849 1957 958 2010 sancte
1011 1946 1107 2003 ctione
1123 1962 1216 2021 supra
1230 1946 1352 2020 scripta,
1368 1947 1619 2022 quartadecima.
1646 1953 1722 2008 tlcne
1734 1950 1840 2009 valete.

130 2046 273 2099 ttouranre
296 2041 433 2100 Ecclesiae
453 2042 484 2099 iu
506 2058 612 2100 mense
637 2041 781 2110 Octobris,
797 2041 958 2099 indictione
1011 2037 1085 2092 Data
1094 2037 1220 2110 septime
1230 2035 1348 2092 decimo
1363 2036 1514 2094 Kalendas
1530 2037 1707 2095 Novembris
1716 2055 1770 2114 per
1779 2055 1842 2096 ma-

3 2121 6 2158 ³
117 2146 192 2200 χιιι,
209 2133 286 2187 Bene
296 2129 403 2188 vatem.
1012 2139 1086 2180 num
1100 2125 1226 2182 Andreae
1252 2124 1354 2194 divini,
1370 2129 1507 2200 respectu
1521 2127 1633 2199 gratias,
1649 2127 1756 2185 arcarii
1770 2144 1840 2187 sau·

394 2225 400 2232 ·
511 2222 575 2277 xxl,
1013 2217 1065 2271 ctas
1089 2215 1168 2272 sedis
1189 2214 1372 2288 apostolica.
1389 2218 1488 2282 Anno,
1513 2217 1642 2290 propitio
1656 2219 1725 2286 ileo,
1745 2217 1841 2291 ponti·

171 2325 290 2366 serrari
309 2325 387 2366 rara
406 2325 428 2365 rr
448 2325 623 2366 rarrrrscruu
642 2325 695 2366 rnc
716 2324 890 2366 uortsreruo
1010 2301 1116 2361 ficatus
1130 2303 1236 2360 domni
1249 2304 1379 2377 Agapiti,
1396 2305 1842 2380 summipontitieis‚etnniver-

421 2414 524 2456 uosrrs
543 2414 662 2456 ctssrrr.
1012 2393 1081 2451 salis
1093 2409 1193 2468 papae,
1213 2393 1245 2450 in
1269 2393 1472 2452 sacratissima
1492 2396 1562 2452 sede
1575 2395 1655 2454 beati
1678 2397 1754 2454 Petri
1769 2411 1841 2470 apo

446 2491 546 2557 (Auno
563 2489 636 2560 955).
1013 2482 1089 2551 stoli,
1101 2499 1182 2540 anno
1199 2482 1328 2551 decimo,
1343 2482 1374 2539 in
1390 2499 1505 2554 meuse,
1518 2489 1547 2541 ct
1558 2484 1720 2542 indictione
1734 2500 1841 2558 supra-

127 2575 282 2634 Bctduiuo
301 2577 406 2634 abbati
424 2577 581 2634 Cariamst
599 2580 722 2650 ejusque
741 2578 959 2635 successorihus
1014 2571 1135 2646 scripta.

163 2666 376 2722 nronostertum
390 2665 421 2722 S.
435 2665 583 2737 Stephani
594 2668 627 2723 in
647 2668 800 2724 territorio
821 2667 957 2724 Terraci-
992 2699 1003 2712 -
1388 2661 1465 2718 xxtt.

162 2753 248 2810 censi
261 2753 351 2810 sitem
367 2753 513 2811 concedit.
1026 2764 1145 2805 terreri
1164 2765 1242 2806 rara
1260 2766 1280 2806 ιι
1300 2766 1487 2807 resurrecturi
1507 2765 1562 2807 rao
1581 2767 1666 2807 ceant
1686 2767 1712 2808 s.
1732 2767 1827 2809 santa

270 2841 540 2914 [testamentarii
559 2843 662 2902 Monte
685 2842 816 2916 Carin0J.
1161 2853 1194 2893 ar
1215 2853 1240 2894 s.
1264 2854 1453 2895 uurrscurnts
1473 2855 1688 2896 nuuoutamrsr.

163 2935 309 2988 horreres
322 2931 609 3005 episcopusservus
631 2949 795 2990 servorum
812 2933 872 3003 Dei,
889 2936 994 3028 Bru-C
1336 2928 1433 2998 (Α11110
1447 2928 1521 2998 955)-

129 3035 212 3078 norro
231 3019 339 3078 dilecto
353 3019 425 3090 tilio,
438 3025 464 3078 et
475 3021 579 3079 abbati
592 3022 773 3080 venerabilis
785 3022 959 3079 monasterii
1067 3013 1220 3086 [cottana
1236 3014 1392 3072 th⁰ite⁸
1404 3015 1445 3070 du
1464 3013 1667 3082 vermandois,
1681 3014 1787 3086 15⁶³]-

3 3121 10 3154 t
127 3108 241 3166 Cassini
255 3109 368 3182 honde,
379 3113 408 3167 et
422 3109 566 3168 omnibns
579 3111 644 3184 ejus
659 3111 836 3182 regulariter
845 3113 957 3168 intren-
1049 3103 1082 3159 111
1105 3103 1228 3160 nomine
1257 3107 1366 3160 sancte
1388 3109 1417 3160 et
1441 3102 1650 3176 inseparabilis
1673 3101 1839 3160 Trinitatis:

129 3197 208 3256 tibus
223 3197 253 3255 in
268 3203 459 3274 perpetuum.
1014 3196 1172 3264 horreres,
1187 3191 1292 3250 Christi
1304 3191 1539 3249 adminiculante
1549 3191 1763 3264 misericordia,
1775 3206 1842 3249 sau·

164 3288 309 3346 convemr
332 3289 498 3362 apostolico
524 3289 726 3348 moderamini
739 3290 791 3364 pia
816 3289 959 3362 religione
1014 3285 1067 3338 ttae
1080 3283 1223 3338 Romen&
1238 3280 1460 3338 sedisantistes·

129 3377 310 3452 pollentibus
328 3377 475 3437 benevole
497 3380 707 3454 compassione
731 3395 915 3452 succurrere,
931 3385 960 3438 et
1051 3370 1081 3428 Si
1097 3371 1209 3427 sanetis
1228 3370 1420 3444 petitionibus
1439 3369 1625 3444 praettabiles
1638 3375 1709 3428 voto
1721 3371 1841 3444 piorum

128 3468 198 3538 justi
230 3467 369 3525 desiderii
392 3485 561 3542 congruum
589 3471 740 3545 impertire
769 3470 957 3544 suffragium,
1014 3474 1174 3516 assensum
1185 3458 1368 3532 pracbemus,
1380 3457 1528 3516 voluntati
1543 3458 1660 3516 Domini
1671 3457 1843 3517 nosmilita·

127 3561 223 3630 Atque
237 3557 305 3616 ideo
318 3558 390 3632 quia
405 3559 580 3634 postulastis
596 3560 717 3618 anobis
728 3566 878 3636 quatenus
889 3577 959 3619 con·
1011 3565 1043 3607 ΡΘ
1064 3549 1225 3607 credimus·
1241 3551 1318 3620 Ergo
1331 3552 1438 3606 ¹1⁰i11m
1464 3547 1502 3605 Sit
1524 3548 1671 3606 univer-‘³1⁸
1689 3549 1842 3607 ⁰³th0110ae

128 3645 304 3704 cederemus
319 3646 635 3706 vobismonastcrium
650 3651 745 3707 sancti
760 3649 866 3706 Christi
890 3666 959 3723 pr0-·
1013 3639 1118 3696 mattis
1142 3638 1280 3696 Ecclesiffi
1306 3637 1383 3706 filiis,
1398 3637 1482 3711 t11¹⁰d
1508 3637 1589 3696 misit
1615 3638 1656 3695 fid
1683 3655 1739 3696 110⁸
1762 3637 1841 3695 filius

130 3735 303 3807 tomartyris
332 3737 485 3810 stephani,
509 3739 591 3811 quod
613 3753 667 3811 per
687 3738 812 3810 longam
830 3743 960 3796 vetusta.
1013 3731 1114 3783 noster
1128 3725 1263 3797 gloriose
1274 3725 1384 3782 indolis
1397 3741 1483 3798 puer,
1499 3725 1776 3783 scilicctbotharius
1789 3741 1842 3784 rex
1885 3742 1888 3748 ·

128 3828 189 3880 tem
204 3823 234 3878 in
259 3822 365 3890 ruinis,
380 3829 409 3880 et
426 3825 457 3881 in
472 3825 596 3882 desertis
618 3826 750 3899 positum
769 3831 813 3883 est
825 3843 895 3883 cum
914 3843 960 3884 ec-
1011 3817 1206 3884 Francorum,
1221 3814 1431 3888 paternitatem
1446 3814 1856 3874 ⁰⁰⁸¹ffimh¹1fflffi101⁸⁰b80⁶

129 3910 237 3982 etesiis
251 3927 304 3968 scu
319 3911 410 3982 cellis,
422 3913 520 3986 aquis,
530 3913 611 3982 rivis,
633 3931 703 3971 eum
723 3915 817 3979 terris,
829 3916 956 3990 campis,
1013 3921 1113 3978 orans,
1124 3909 1156 3962 ut
1170 3903 1339 3978 quamdam
1352 3903 1458 3961 cellam
1473 3903 1842 3977 issP880Vir0mtnde11⁸i

128 4000 259 4076 pascuis,
275 3999 367 4064 silvis,
391 4000 476 4058 cultis
490 4001 536 4059 rel
550 4002 679 4074 incultis,
694 4009 803 4061 etcum
816 4005 958 4062 omuibus
1012 3994 1112 4064 tim,
1133 3995 1165 4050 in
1192 3994 1307 4050 honore
1326 3993 1424 4050 beat&
1448 3992 1499 4049 ⁰01
1518 3992 1667 4064 &enitritiss
1691 3992 1798 4063 Malim,
1813 3997 1843 4050 0¹

128 4090 169 4148 ad
184 4089 422 4164 suprascriptum
439 4091 655 4149 monasterium
680 4091 856 4165 generaliter
869 4091 900 4148 in
915 4091 959 4148 in·
1012 4087 1124 4140 sancite
1141 4081 1471 4154 Hunegundisvitginis
1493 4085 1708 4153 constructam,
1723 4085 1841 4156 aposto·

128 4183 246 4251 tegrum
261 4179 488 4254 pertinentibus,
513 4180 647 4254 positum
661 4181 808 4238 territorio
827 4179 958 4239 Terraoi-
1012 4171 1077 4230 lieoe
1091 4171 1274 4230 auctoritatis
1285 4170 1428 4246 presidio
1449 4171 1647 4242 muniremus,
1660 4187 1755 4244 quam
1770 4185 1841 4242 sng-

129 4283 233 4336 nense,
247 4273 276 4326 et
289 4267 427 4326 internas
436 4269 522 4327 fines,
536 4276 559 4328 ,ι
574 4271 672 4345 primo
686 4271 777 4330 latere
791 4269 890 4328 casale
906 4269 958 4344 qui
1013 4261 1186 4333 gerentibus
1202 4259 1329 4334 genitori
1341 4276 1397 4318 suo
1412 4259 1563 4318 Ludovieo
1574 4259 1712 4318 videlicet
1725 4261 1798 4332 regi,
1812 4263 1842 4319 et

128 4361 254 4415 vocatur
268 4357 377 4430 vorke,
392 4362 421 4415 et
434 4358 531 4416 casale
547 4358 673 4429 devina
690 4359 854 4417 asecundo
866 4357 958 4416 latere
974 4325 994 4380 Β
1014 4351 1071 4408 sibi
1086 4351 1144 4426 ipsi
1166 4367 1252 4425 teque
1270 4350 1344 4422 regi,
1365 4350 1472 4407 comite
1494 4349 1666 4422 Adelberto,
1681 4354 1710 4407 ot
1730 4349 1841 4408 idoneo

128 4445 206 4520 pade
218 4446 329 4504 montis
341 4446 956 4523 devolvitquomodoaseenditperpedem
1012 4440 1083 4498 satis
1098 4440 1163 4498 viro
1187 4439 1315 4511 iliberto,
1334 4440 1387 4513 qui
1410 4437 1550 4496 camdem
1571 4437 1756 4497 abbatiolam
1773 4439 1841 4512 jure

129 4535 240 4593 montis
255 4535 313 4592 sub
327 4535 395 4610 ipso
421 4541 533 4607 monte,
546 4553 600 4612 per
612 4537 722 4613 pedem
737 4537 847 4595 montis
862 4535 957 4594 sancti
1011 4528 1149 4586 beneficii
1161 4529 1347 4603 possidebat,
1362 4527 1402 4586 ed
1418 4545 1510 4586 sacrae
1525 4527 1677 4600 religionis
1689 4527 1841 4585 venerabi·

131 4623 231 4695 Laeui,
243 4629 271 4682 et
285 4624 374 4682 veluti
386 4625 468 4683 vadit
479 4625 511 4682 in
525 4631 627 4684 moute
639 4626 677 4684 de
697 4625 852 4701 campilla,
864 4631 891 4683 et
904 4641 958 4699 per
1010 4617 1071 4678 lem
1085 4619 1200 4676 cultum
1213 4618 1325 4692 erigere
1336 4622 1471 4686 conatur,
1486 4621 1577 4691 atque
1588 4617 1676 4689 regias
1687 4617 1840 4691 potestatis

129 4711 229 4770 rivum
249 4712 360 4783 Beleni,
377 4719 406 4772 et
420 4719 554 4772 montem
573 4715 611 4773 de
636 4717 797 4783 ttontania,
817 4719 847 4772 et
860 4713 958 4772 casale
1011 4715 1162 4784 praecepto
1172 4709 1367 4767 corroborare
1392 4709 1508 4766 nititur:
1523 4709 1610 4780 cujus
1625 4707 1758 4781 petitioni
1772 4723 1841 4766 con-

129 4801 290 4858 Rustizann
314 4801 492 4860 ellanrih
516 4809 624 4877 quarto
649 4821 720 4862 vero
744 4805 836 4862 latere
861 4803 959 4862 casale
1012 4799 1188 4872 gaudentes,
1204 4797 1397 4856 ecelesiastici
1410 4797 1659 4870 vigorismanum
1672 4798 1838 4868 exerimns;

129 4887 303 4959 Sallissanu,
319 4893 349 4947 et
362 4889 459 4962 Plaga,
475 4897 504 4948 et
519 4889 697 4950 baleranum
712 4909 809 4968 usque
836 4893 867 4950 in
894 4892 959 4950 rivo
1011 4893 1041 4946 et
1066 4905 1103 4946 ex
1131 4904 1212 4962 aqua
1239 4887 1378 4944 fulcimur
1398 4887 1573 4946 auctoritate
1599 4887 1791 4962 praecipimus
1810 4890 1842 4946 ut

129 4977 225 5036 David
250 4983 279 5038 et
305 4979 425 5038 revertit
443 4980 474 5038 in
496 4981 588 5039 casali
612 4983 733 5040 Barkes.
749 4983 828 5040 turis
848 4988 964 5050 sancta
1012 4975 1169 5052 praefatam
1192 4976 1351 5036 abbatiam
1376 4993 1467 5035 nemo
1489 4993 1627 5052 unquam
1651 4977 1841 5036 sacratarium

129 5069 566 5141 Romanae,cui1)eoauctore
592 5071 778 5129 deservimus
808 5072 957 5143 Ecclesiae,
1011 5067 1175 5142 possideat,
1186 5083 1286 5142 neque
1313 5085 1350 5125 ex
1375 5067 1466 5125 rebus
1494 5067 1631 5141 ejusdem
1655 5067 1735 5124 cellae
1753 5065 1840 5138 qnid·

128 5157 216 5215 vobis
231 5159 394 5216 bnendnm
416 5159 569 5234 perpetuis
589 5159 776 5235 temporibus
795 5161 959 5218 concedere
1011 5173 1106 5232 quam
1127 5156 1183 5214 sibi
1207 5156 1316 5232 aliquis
1334 5163 1468 5231 usurpet,
1483 5173 1545 5214 non
1563 5173 1625 5225 rex,
1642 5170 1703 5211 non
1724 5169 1838 5222 comes,

129 5245 321 5318 deberemus,
336 5247 469 5306 inclinati
491 5249 631 5322 precibus
657 5247 760 5306 vestris
789 5263 843 5322 per
865 5249 958 5321 hujus
1011 5262 1074 5304 non
1089 5246 1258 5321 episcopus,
1272 5263 1327 5304 nec
1341 5247 1467 5321 quilibet
1489 5245 1640 5320 princeps,
1655 5256 1839 5316 quacunque

129 5337 271 5410 praecepti
282 5337 387 5394 senem
400 5353 493 5412 supra
506 5338 650 5413 scriptum
661 5337 877 5395 monasterinm
888 5354 958 5395 cum
1012 5340 1158 5411 potestate
1170 5337 1322 5412 praeditus,
1338 5337 1395 5394 uisi
1409 5336 1483 5393 forte
1504 5332 1606 5391 tuendi
1616 5336 1645 5388 et
1659 5329 1840 5388 ostendendi

129 5425 272 5482 omnibus
287 5425 416 5484 adeum
431 5427 660 5500 pertinentibus,
681 5428 757 5484 sicut
782 5425 959 5500 supralegi-
1012 5442 1117 5500 causa,
1140 5432 1168 5484 et
1195 5427 1252 5484 hcc
1280 5441 1342 5483 non
1366 5425 1422 5480 nisi
1450 5421 1586 5495 ejusdem
1610 5421 1668 5477 loci
1693 5419 1839 5492 regularis

129 5517 189 5584 tur,
205 5529 224 5571 a
250 5515 390 5587 praesenti
417 5520 526 5589 quarta
554 5517 672 5574 decima
695 5515 858 5573 indictione
871 5515 958 5572 vobis
1012 5515 1130 5574 abbatis
1145 5516 1198 5574 tiat
1210 5513 1416 5591 permissione.
1435 5511 1463 5568 Si
1475 5511 1543 5584 quis
1558 5525 1629 5568 vero
1642 5526 1698 5586 pro
1711 5509 1839 5568 hacadi·

129 5605 295 5678 roseisque
309 5605 532 5663 successoribus
546 5607 770 5682 inperpetuum
788 5604 874 5664 vobis
888 5619 959 5662 con·
1012 5605 1157 5680 piscenda
1179 5604 1351 5679 pecuniam,
1371 5601 1418 5659 vel
1436 5595 1520 5675 quod
1548 5599 1620 5660 libet
1642 5615 1755 5660 munus
1776 5597 1840 5671 regi
