4160 6162
253 183 303 234 tet
774 176 802 232 S.
824 175 952 231 ononis
972 163 1118 228 lenitis
1134 171 1392 231 cluniacensis
1410 175 1435 229 ll
1909 176 1970 227 l56

289 302 375 357 Vens.
392 303 434 355 20.
449 303 589 356 Demeae
603 297 744 370 usquead
757 313 907 368 vesperem
924 297 1075 352 sttreiden-
1096 296 1262 368 Antiquom
1277 301 1639 354 sanctoramconoertere.
1657 325 1691 336 —-
1707 297 1748 348 ltc
1780 294 1804 349 si
1820 293 1970 350 deridens
2065 293 2066 310 *

252 397 359 447 tun-
374 392 411 444 De
426 403 516 444 mane
532 389 679 461 usquead
690 404 845 462 vesperam
857 393 996 460 peccator
1012 403 1077 440 suc-
1132 385 1211 442 dicat
1227 405 1233 442 ι
1248 391 1370 443 sanctos
1385 401 1506 459 quoque
1526 384 1658 440 invenire
1687 384 1717 439 in
1736 381 1897 440 afflictione
1909 383 1967 438 ed-

252 480 366 542 ciditur,
383 478 457 534 dum
473 494 491 535 a
505 479 570 534 ritae
585 495 649 534 suae
663 479 787 534 exordio
804 493 899 548 nsque
927 477 963 530 td
978 475 1077 530 termi-
1130 476 1243 546 jutores
1254 491 1314 532 non
1330 476 1422 543 vales,
1439 491 1516 548 quos
1529 474 1639 530 habere
1649 472 1746 529 socios
1759 473 1790 528 in
1813 472 1967 529 hilaritate

251 582 335 629 num,
369 566 533 639 iniquitatis
571 566 790 640 perpetratione
822 565 1005 630 vulneratur,
1047 568 1078 619 ut
1132 565 1261 621 noluisti.
1280 566 1441 638 Sequitur:

250 653 408 710 Psalmista
421 655 461 711 ait
476 672 482 710 :
500 655 579 711 «Viri
596 655 778 724 sanguinum
802 669 864 708 non
877 651 1078 708 dimidiabunt
1168 657 1248 710 Vsus.
1265 661 1291 711 2.
1313 657 1413 710 Virum
1437 656 1563 710 stultum
1579 654 1719 722 interficit
1737 652 1910 708 iracundas.
1929 685 1965 692 -

249 741 314 798 dies
328 759 399 798 snos
412 744 505 814 (Psoi.
522 761 577 814 niv,
593 747 649 810 tt).
668 767 681 794 a
698 742 835 814 Sequitur
851 759 857 796 :
871 743 909 796 nt
924 743 995 812 quio
1011 741 1078 795 nul-
1133 747 1198 799 llaec
1214 744 1356 799 nimirum
1369 742 1514 798 sententia
1528 753 1598 798 vera
1620 745 1706 807 esset,
1724 741 1748 794 si
1763 739 1845 795 illata
1857 745 1966 796 contra

252 833 299 887 lut
308 833 464 904 intentati.
477 835 509 890 ia
520 839 662 890 &terbum
673 833 816 902 peribunt
820 873 825 884 ·
840 829 981 886 -Nullus
996 828 1078 884 intel·
1133 833 1205 889 tanti
1219 832 1272 888 viri
1286 833 1460 905 patientiam
1473 845 1535 886 non
1549 830 1665 886 fuisset.
1683 828 1832 901 Scriptum
1846 828 1964 901 qnippe

251 921 316 990 ligit
329 921 374 977 vel
386 935 491 978 eorum
506 921 558 995 qui
568 920 757 996 pereunt,rel
768 936 873 976 eorum
884 919 936 992 qui
946 918 1078 992 perditos
1132 927 1176 978 est
1192 940 1197 977 :
1213 945 1225 972 «
1243 925 1284 977 Tu
1300 926 1401 978 eutem
1417 937 1487 976 oum
1512 918 1722 992 tranquillitate
1736 917 1855 988 judicas
1875 918 1961 988 (Sep.

252 1013 441 1085 pereuntium
465 1028 564 1068 mores
592 1012 755 1068 imitantur.
784 1013 818 1066 Ut
836 1010 1077 1066 illud:‹.tnstus
1132 1027 1182 1080 xn,
1201 1011 1279 1080 titi.»
1299 1010 1459 1066 Sciendum
1473 1023 1545 1064 vero
1560 1009 1632 1080 qnia
1643 1007 1760 1080 quotics
1773 1005 1963 1062 turbulentos

252 1102 347 1174 periit,
360 1107 392 1158 et
404 1118 493 1158 nemo
506 1102 613 1174 estqui
627 1102 767 1170 recogitet
781 1103 852 1172 (Iso.
867 1117 932 1166 nvn,
947 1101 981 1171 l).
995 1117 1009 1152 s
1025 1103 1078 1154 Po·
1132 1106 1232 1156 motus
1247 1099 1356 1155 animas
1383 1098 1439 1154 sub
1455 1096 1696 1153 mansuetudinis
1720 1095 1827 1151 virtute
1842 1095 1962 1150 restrin-

255 1196 310 1247 test
334 1192 423 1247 etiam
449 1207 503 1265 per
530 1207 619 1247 mane
635 1191 829 1264 prosperitas,
849 1203 972 1262 vespere
987 1190 1077 1258 hujus
1133 1189 1242 1258 gimus,
1259 1187 1355 1243 redire
1384 1187 1422 1242 ad
1446 1186 1672 1242 similitudinem
1687 1184 1857 1240 conditoris
1873 1199 1963 1240 cona-

251 1280 358 1335 mundt
374 1281 535 1337 adversitas
549 1281 709 1351 designari.
730 1285 767 1336 lte
783 1295 872 1334 titane
888 1295 958 1338 ereo
984 1295 1077 1350 nsque
1133 1293 1209 1332 mttr.
1239 1277 1334 1338 Quam
1361 1277 1505 1331 nimirum
1534 1274 1771 1342 similitudinem,
1797 1277 1962 1329 cumtran-

252 1369 293 1424 ad
322 1384 479 1442 vesperam
506 1369 627 1442 reprobi
655 1370 860 1435 succiduntur,
889 1370 1001 1440 quiact
1024 1383 1077 1438 per
1132 1365 1307 1438 quillitntem
1322 1365 1430 1420 mentis
1449 1365 1493 1419 ira
1503 1363 1669 1437 perturbat,
1686 1363 1803 1418 amittit.
1818 1366 1872 1417 Per
1883 1363 1962 1418 iram

251 1468 397 1528 prospera
423 1457 610 1514 lascivientes
639 1459 813 1531 depereunt,
840 1463 935 1528 etpcr
951 1457 1078 1514 adverse
1133 1455 1279 1526 sapientia
1305 1454 1449 1526 perditur,
1478 1459 1508 1508 ut
1531 1452 1604 1508 illud
1621 1469 1628 1507 ε
1645 1453 1719 1508 «ira
1747 1452 1777 1506 in
1793 1451 1861 1507 dun
1876 1451 1960 1507 stulti

251 1544 441 1618 impatientes
454 1546 492 1602 ed
506 1547 655 1604 insaniam
671 1549 932 1612 exsurrecturos
943 1547 1077 1603 «lornano
1131 1543 1290 1615 requiescit
1320 1543 1428 1612 (lisele.
1455 1559 1502 1612 vn,
1531 1543 1591 1612 ld).
1623 1561 1633 1593 s
1662 1543 1715 1596 Per
1740 1540 1817 1596 iram
1847 1539 1963 1611 justitia

251 1650 348 1706 usque
362 1635 402 1690 ad
416 1651 573 1707 vesperam
590 1636 678 1707 culpa
694 1651 886 1708 nequaqnam
903 1636 1076 1704 sticriderct,
1098 1647 1117 1701 g
1133 1631 1316 1704 relinquitur,
1334 1631 1409 1685 sieut
1424 1629 1628 1702 scriptumest
1644 1627 1799 1685 :circuiri
1814 1629 1960 1699 justitiam

156 1777 160 1786 ,
253 1719 277 1772 si
291 1718 337 1773 vel
350 1734 497 1790 prospera
509 1719 675 1775 tomentum
703 1721 867 1789 crederent,
883 1721 930 1775 vel
951 1720 1078 1775 adversa
1135 1721 1183 1775 ilci
1196 1733 1258 1774 non
1273 1724 1414 1791 operatur
1428 1721 1504 1786 (dcc.
1526 1733 1548 1786 1,
1559 1722 1616 1786 20).
1633 1741 1647 1768 a
1662 1720 1715 1773 Per
1728 1717 1805 1773 iram
1817 1717 1869 1772 lnx
1885 1717 1961 1772 veri·

252 1806 414 1862 sectionem
431 1808 476 1862 sui
492 1808 621 1864 trulneris
636 1809 827 1864 aestimarent.
846 1811 1004 1881 Sequitur:
1132 1808 1199 1863 tatis
1212 1807 1364 1874 amittitur,
1383 1812 1414 1862 nt
1436 1807 1510 1862 illud
1531 1825 1537 1862 :
1555 1829 1568 1859 e
1586 1806 1635 1862 Sol
1653 1821 1715 1862 non
1733 1807 1851 1862 occidat
1869 1821 1961 1878 snper

290 1895 378 1952 Veris.
395 1899 439 1951 at.
456 1896 513 1962 Oui
536 1903 635 1954 cutem
646 1900 758 1970 reliqui
769 1900 883 1967 fecerint
900 1900 1079 1968 auferentur
1132 1896 1320 1953 iracundiam
1348 1901 1477 1952 vestram
1508 1896 1629 1967 (pres.
1651 1911 1690 1962 tv,
1717 1898 1773 1966 25).
1797 1915 1811 1944 »
1839 1895 1961 1950 bnobns

252 1997 291 2039 aa
304 1985 354 2040 eis.
376 2015 405 2024 -
419 1984 556 2057 Reliquos
569 1992 669 2042 autem
682 1987 773 2058 liujus
789 1987 893 2043 mundi
921 1987 1077 2060 despectos
1133 2001 1203 2040 vero
1229 1985 1328 2040 modis
1355 1984 1513 2040 iracundia
1539 1983 1690 2039 vincitur:
1707 1981 1824 2038 Primus
1847 1988 1903 2046 cst
1927 1987 1961 2037 ut

253 2071 333 2140 dicit,
362 2089 439 2145 quos
466 2089 596 2145 praesens
618 2076 765 2132 saeculum
786 2077 825 2131 ad
841 2077 950 2132 nullius
977 2077 1077 2145 gloriae
1132 2090 1238 2130 omnes
1263 2073 1320 2128 sibi
1348 2073 1435 2146 quasi
1450 2073 1513 2146 pati
1527 2077 1626 2144 potest
1639 2070 1837 2128 contumelias
1850 2086 1960 2143 propo-

253 2177 342 2216 usnm
355 2161 447 2232 eligit,
462 2164 513 2218 sed
524 2164 613 2235 quasi
623 2165 764 2220 minimos
780 2165 980 2237 indignosque
996 2165 1077 2220 dere·
1132 2167 1192 2217 nat.
1208 2162 1363 2218 Secundus
1375 2163 1484 2216 modus
1497 2165 1552 2233 est,
1568 2165 1680 2217 uicum
1694 2160 1807 2217 abenos
1819 2175 1960 2215 excessus

250 2249 367 2322 linquit.
385 2252 442 2307 Sed
454 2252 510 2308 bos
525 2253 667 2309 Dominus
682 2253 789 2322 eligere
805 2269 865 2309 non
885 2254 1075 2321 dedignatur.
1132 2249 1305 2321 aspicimus,
1322 2255 1424 2305 nostra
1437 2249 1549 2322 quibus
1565 2251 1597 2304 in
1625 2249 1689 2306 aliis
1704 2249 1897 2318 excessimus,
1911 2248 1960 2304 de·

251 2339 342 2394 Paulo
350 2344 519 2410 attestante,
534 2343 587 2413 qni
601 2343 661 2398 ait:
677 2345 775 2408 «Quae
790 2343 879 2398 stulta
886 2343 993 2398 mnndi
1009 2349 1076 2397 sunt
1132 2339 1200 2394 licta
1215 2340 1390 2409 cogitemus.
1408 2331 1567 2395 &lendum
1580 2353 1649 2394 vero
1664 2344 1717 2406 est,
1745 2337 1830 2410 qnod
1844 2338 1960 2394 aliaest

251 2427 338 2497 elegit
351 2430 440 2494 lleus,
456 2435 489 2485 ut
501 2431 839 2504 contundetsaptentei,
853 2451 863 2477 ν
875 2436 904 2486 et
914 2451 919 2486 :
931 2454 944 2480 u
958 2431 1077 2486 intirma
1131 2427 1184 2494 ira,
1210 2443 1304 2498 quam
1330 2427 1517 2499 impatientia
1545 2427 1663 2495 leitilai,
1688 2426 1747 2484 filla
1763 2441 1860 2500 qnam
1881 2426 1960 2481 zelus

251 2516 357 2572 mundi
367 2517 456 2586 eligit,
471 2518 773 2575 utcontnndattontia
785 2520 887 2590 (lCor.
903 2535 924 2583 1,
937 2519 991 2590 tt).
1003 2541 1015 2568 e
1030 2521 1077 2574 Se·
1132 2517 1249 2572 ionnat.
1269 2516 1318 2571 tila
1333 2533 1368 2572 ex
1385 2517 1463 2583 vitio,
1479 2517 1537 2572 isla
1549 2531 1586 2571 ex
1614 2515 1720 2574 virtute
1735 2520 1905 2585 generatur.
1921 2517 1960 2570 De

251 2605 373 2676 quitur:
391 2607 559 2662 Morientur
580 2614 607 2663 et
634 2623 694 2664 non
717 2609 749 2663 in
778 2611 935 2677 supientia.
962 2641 995 2648 -
1019 2612 1077 2664 lloe
1133 2607 1188 2660 liae
1210 2605 1366 2660 Psalnnste
1385 2606 1425 2661 ait
1442 2624 1476 2660 :«
1490 2603 1655 2661 irascimini
1670 2608 1699 2660 et
1727 2604 1817 2660 nolite
1835 2619 1960 2676 peecare

251 2691 317 2748 loco
330 2691 449 2764 Elipltas
462 2707 531 2749 eum
545 2695 582 2750 de
596 2694 694 2751 electis
706 2696 826 2762 diceret,
838 2697 888 2768 qui
901 2697 1004 2768 reliqui
1019 2697 1078 2751 t'ne-
1133 2696 1227 2760 (Psoi.
1244 2711 1284 2762 tv,
1302 2700 1338 2752 bt.
1354 2713 1368 2744 s
1389 2699 1428 2750 lle
1454 2695 1512 2750 hae
1537 2693 1678 2750 Salomon
1699 2693 1739 2749 ait
1753 2710 1759 2748 :
1774 2714 1789 2741 «
1804 2692 1902 2748 llelior
1915 2696 1960 2746 est

251 2780 309 2837 rint
323 2781 531 2838 auferenturet
543 2784 598 2852 eis,
615 2784 691 2839 illico
704 2785 891 2855 adjungens:
909 2787 1078 2841 Morientur
1132 2783 1176 2838 ira
1187 2784 1249 2839 risu
1264 2784 1388 2850 (Eccles.
1406 2800 1455 2850 vn,
1470 2787 1508 2845 4).
1523 2801 1537 2835 a
1556 2787 1595 2838 lle
1610 2781 1660 2839 illa
1675 2800 1680 2838 :
1696 2783 1820 2838 «Virum
1837 2782 1960 2838 stultum

251 2876 348 2926 deon
359 2872 391 2925 in
402 2873 559 2941 sapientie,
572 2873 611 2928 ad
621 2873 694 2928 illud
704 2874 839 2946 protinus
850 2875 982 2936 recurrit,
995 2875 1076 2946 quod
1131 2871 1268 2928 interficit
1291 2873 1448 2928 iracundia
1475 2873 1545 2942 (tob.
1560 2889 1589 2937 v,
1604 2875 1641 2940 a).
1659 2889 1674 2924 s
1701 2873 1743 2928 Ae
1757 2872 1782 2927 si
1796 2871 1877 2927 dicat
1892 2888 1900 2925 :¹
1916 2875 1961 2925 lrs

252 2959 416 3030 sapientius
436 2960 476 3016 de
499 2961 634 3032 reprobis
658 2963 779 3034 protulit
806 2963 908 3018 dicens
923 2981 929 3018 :
944 2965 982 3019 Et
1005 2966 1077 3034 quio
1097 2977 1186 3046 oper
1213 2960 1309 3016 celum
1339 2963 1486 3034 sapientes
1513 2961 1622 3016 turbat.
1649 2965 1775 3016 lravero
1788 2975 1841 3032 per
1855 2960 1960 3016 vitium

250 3049 521 3119 nuttustntettqit,
537 3051 701 3123 etreliqua.
717 3083 752 3092 -
767 3055 886 3109 ltortem
911 3053 1034 3124 quidem
1049 3058 1077 3107 et
1133 3050 1254 3105 stultum
1271 3051 1407 3106 trucidat.
1424 3050 1561 3123 Sequitur
1579 3067 1586 3104 :
1602 3051 1641 3104 lit
1663 3051 1828 3118 peractum
1852 3049 1960 3105 occidit

251 3137 428 3209 sapientiam
443 3139 554 3210 pariter
564 3139 682 3211 reprobi
695 3140 823 3210 lugiunt,
835 3142 886 3196 sed
898 3143 1077 3214 sapientiam
1132 3140 1256 3196 invidie.
1274 3171 1306 3179 --
1324 3140 1456 3195 invidere
1483 3139 1564 3194 enirn
1578 3153 1639 3194 non
1654 3153 1829 3211 possumus,
1844 3138 1903 3194 nisi
1917 3138 1960 3193 eis

251 3226 369 3296 penitus
384 3225 535 3289 deserunt,
551 3229 655 3282 mortis
670 3235 770 3284 antem
784 3230 907 3302 laqueos
929 3247 989 3287 non
1005 3247 1076 3288 cva-
1131 3243 1208 3299 quos
1234 3227 1264 3282 in
1292 3227 1395 3300 aliquo
1421 3227 1508 3283 nobis
1522 3226 1660 3284 meliores
1684 3231 1838 3299 putamus.
1853 3230 1961 3282 Par-rn-

250 3311 335 3367 dunt.
352 3315 385 3368 Et
398 3315 450 3384 qui
461 3315 584 3386 quando
599 3317 732 3372 morituri
746 3317 843 3373 vivere
858 3319 1014 3374 moriendo
1025 3335 1078 3393 po·
1131 3315 1178 3371 lus
1203 3331 1275 3385 ergo
1304 3322 1347 3374 est
1372 3318 1423 3389 qui
1451 3316 1543 3372 livore
1566 3316 1721 3388 occiditur,
1738 3315 1811 3388 quia
1825 3316 1890 3388 ipse
1903 3316 1959 3372 sibi

251 3403 378 3468 tuerent,
391 3402 465 3458 dum
480 3408 607 3459 mortem
620 3420 687 3475 quoe
703 3406 807 3476 procul
833 3405 927 3462 dubio
955 3414 1077 3465 ventura
1132 3405 1336 3462 testimonium
1352 3406 1498 3478 perhibet,
1516 3405 1600 3478 quod
1614 3421 1650 3461 eo
1674 3405 1773 3462 minor
1797 3407 1844 3473 sit,
1872 3406 1959 3476 cujus

252 3493 487 3557 salmanansar
500 3493 593 3548 vitam
603 3493 738 3564 simulet
748 3495 925 3567 sapientiam
937 3498 1076 3568 perdunt.
1131 3493 1244 3550 invidia
1259 3499 1422 3567 torquebit·
1439 3495 1515 3560 Quia
1528 3495 1584 3550 nisi
1596 3495 1661 3568 ipse
1673 3495 1795 3550 inferlm
1808 3494 1958 3565 existeret,

253 3577 411 3648 Sequitur:
784 3585 787 3592 ’
1132 3583 1263 3639 debono
1278 3583 1398 3640 alterius
1415 3597 1475 3640 non
1488 3583 1610 3641 doleret.
1623 3584 1696 3640 ilinc
1726 3583 1957 3657 scriptumest:

580 3688 691 3744 cgpgp
710 3687 745 3744 v¹
1135 3693 1144 3724 ι
1164 3671 1277 3727 lnvidia
1289 3671 1400 3728 diaboli
1415 3686 1497 3728 mors
1508 3671 1640 3729 introivit
1651 3672 1682 3728 in
1695 3671 1799 3728 orbem
1811 3677 1959 3729 terrarum

1131 3761 1329 3832 (Sssp·1¹‚24l·
1349 3783 1362 3810 a
1379 3761 1493 3818 invidie
1511 3761 1677 3818 enimcum
1701 3767 1833 3817 mentmn
1848 3761 1959 3822 tabefe-

287 3803 372 3862 Μ
389 3813 412 3864 ¹¹
442 3809 516 3865 νοω
532 3825 601 3880 ⁶r⁹⁰
622 3811 648 3866 si
670 3816 711 3866 Μ
737 3813 789 3881 qui
811 3813 866 3867 ‘ibi
888 3814 1074 3881 ''esp‘mdem'
1132 3851 1211 3910 cerit.
1227 3855 1335 3906 cuncta
1356 3865 1425 3922 quae
1439 3849 1584 3906 invenerit
1606 3850 1683 3906 bene
1698 3853 1783 3920 geste
1797 3851 1958 3919 consumit,

251 3895 495 3970 -Omnipotens
510 3901 586 3953 licus
609 3915 687 3972 saepe
702 3900 767 3971 ejus
782 3916 899 3972 precem
916 3901 947 3955 in
962 3907 1076 3974 pertur-

250 3981 370 4039 batione
399 3983 518 4054 deserit,
536 3987 587 4059 qui
603 3993 750 4061 praecepta
766 3989 831 4058 ejus
852 3989 881 4043 in
909 3989 1075 4062 tranquilli-

250 4075 309 4128 tate
337 4075 508 4131 contemnit.
536 4075 616 4132 Unde
633 4075 775 4150 seriptum
792 4083 835 4133 est
853 4095 886 4132 z«
903 4077 956 4143 Qui
972 4079 1077 4135 avertit

250 4177 353 4218 aurem
367 4179 452 4220 suam
469 4181 506 4220 ne
522 4165 625 4222 audiat
639 4165 746 4235 legem,
768 4167 862 4222 oratio
878 4167 942 4239 ejus
957 4169 1010 4223 erit
1026 4185 1075 4223 ex-

250 4251 401 4306 secrabilis
415 4253 514 4323 (Prov.
533 4271 629 4319 rivin,
647 4257 684 4326 9).
703 4278 716 4304 »ι
739 4258 848 4311 Vocare
869 4263 1004 4312 nostrum
1032 4263 1076 4314 est

249 4335 354 4392 humili
371 4339 462 4393 neum
478 4356 564 4411 prece
580 4339 751 4413 deposcere.
764 4341 954 4414 Respondere
968 4345 1018 4399 Dei
1032 4350 1076 4400 cst
1092 4343 1114 4396 b

249 4423 387 4480 ellectum
401 4427 540 4498 precibus
551 4429 694 4500 praebere.
709 4443 748 4486 Ac
761 4429 876 4488 sidicat
890 4452 895 4488 :
911 4435 1074 4498 Quantum-

248 4509 319 4567 libet
348 4509 475 4570 afflictus
500 4513 621 4582 clames,
638 4517 731 4572 Deum
760 4519 990 4590 respondentem
1013 4537 1074 4577 non

250 4595 355 4664 habes.
369 4598 440 4676 quia
456 4620 511 4659 vox
525 4603 555 4659 in
565 4603 756 4662 tribulatione
772 4622 832 4662 non
847 4607 960 4664 invenit
983 4625 1072 4682 quem

250 4705 336 4746 mens
350 4691 381 4746 in
392 4691 602 4766 tranquillitate
614 4695 801 4769 contempsit.
816 4696 968 4768 Sequitur:
980 4697 1019 4752 Et
1035 4700 1074 4754 cd

1132 3938 1250 3994 utillud
1264 3938 1432 3994 Salomonis
1448 3955 1455 3993 ε
1473 3959 1488 3992 s
1504 3939 1568 3994 Vita
1582 3939 1719 3995 carnium
1734 3939 1847 3995 sanitas
1858 3939 1959 3994 cordis

1131 4029 1257 4102 putredo
1273 4027 1389 4082 ossium
1401 4027 1516 4084 invidie
1529 4029 1631 4098 (Prov.
1647 4031 1772 4096 x1r‚30).
1790 4047 1803 4076 »
1820 4028 1874 4096 Qui
1886 4043 1959 4097 ergo

1130 4116 1229 4172 livoris
1244 4121 1326 4189 peste
1342 4115 1427 4187 plene
1442 4131 1544 4172 carere
1558 4115 1717 4180 desiderati
1730 4115 1812 4174 illam
1834 4115 1959 4172 haredi-

1132 4209 1221 4260 tatem
1252 4203 1365 4272 diligat,
1391 4219 1484 4275 quam
1507 4204 1699 4260 cohaeredum
1726 4219 1871 4261 numerus
1895 4220 1958 4260 non

1131 4299 1280 4361 angustat.
1297 4293 1467 4349 Imminutio
1500 4307 1572 4362 ergo
1600 4293 1699 4350 livoris
1713 4299 1760 4351 est
1773 4295 1899 4352 affectus
1911 4311 1960 4350 nr-

1131 4383 1339 4452 gensintcrnre
1366 4381 1542 4449 dulcedinis,
1567 4387 1596 4438 et
1624 4383 1715 4455 plene
1729 4399 1811 4440 mors
1826 4384 1890 4455 ejus
1914 4390 1960 4441 est

1129 4471 1276 4544 perlectus
1290 4470 1564 4528 amoroeternitatis.
1576 4472 1649 4538 Quin
1660 4489 1728 4529 cum
1744 4472 1826 4530 nulla
1840 4479 1960 4530 terrena

1128 4560 1286 4623 desiderat,
1302 4559 1376 4615 nihil
1391 4559 1527 4632 estquod
1537 4562 1601 4632 ejus
1615 4578 1687 4633 erge
1700 4563 1873 4636 proximum
1889 4563 1959 4620 alra-

1128 4650 1212 4705 ritate
1228 4648 1422 4712 contradicat.

902 5019 1049 5108 ltlBlllt
1094 5019 1303 5115 SEXTUS.

282 5331 365 5386 vens.
378 5329 668 5400 saecularitatum
677 5332 766 5400 fieren
775 5333 915 5404 indicae!
926 5337 1071 5394 maledici
1124 5337 1954 5414 lnit‚qniaelectoremvitamtemporaliterexstinguendo

245 5417 470 5485 pulchritudini
487 5421 705 5489 ejicsstatim.-
716 5421 826 5477 Stultus
836 5425 948 5496 qnippe
958 5425 1072 5480 lntlteo
1127 5429 1285 5499 superavit.
1301 5428 1358 5485 Sed
1368 5429 1448 5485 lione
1458 5427 1578 5503 Eliphas
1593 5431 1803 5488 maledicendo
1814 5431 1950 5504 despicit,

245 5519 314 5560 rum
324 5505 1072 5581 populusexstitit,quiipseminearnationemaeter-
1126 5516 1344 5588 quianimirunr
1357 5531 1462 5572 omnes
1474 5518 1604 5577 haeretici
1621 5536 1752 5594 qnorum
1772 5523 1869 5576 tenere
1884 5537 1952 5594 spe-

247 5592 584 5668 naeSapientiaesprevit.
597 5597 1071 5670 Quiquasisrrmaradiceconva·
1127 5605 1202 5662 ciem
1223 5605 1337 5662 amicos
1358 5603 1439 5664 beati
1459 5607 1517 5664 lob
1541 5607 1681 5680 diximus,
1698 5627 1767 5666 eum
1782 5609 1952 5668 denomine
