4106 6148
292 123 345 180 935
865 112 894 170 S.
914 112 1044 170 obolus
1065 105 1225 168 ARCHlEr’.
1246 110 1418 167 CANTUAR.
1900 123 1937 179 agg

291 246 415 300 Romam
430 243 495 299 odit
505 256 570 297 eum
584 239 734 305 athelmo,
751 252 875 310 eamque
886 241 985 294 aanor.
1009 235 1045 290 ln
1060 233 1158 289 ria-A
1178 231 1228 288 liei
1242 231 1390 290 famulum
1406 249 1471 290 essa
1487 231 1649 291 certissima
1667 232 1800 304 agnitum,
1823 239 1872 296 suls
1890 259 1937 302 eum

471 391 477 401 ⁸
565 330 660 400 aliam
675 329 848 385 revomitur.
1176 321 1312 379 amicitiis
1324 323 1433 394 iungit,
1450 339 1485 380 ac
1501 327 1678 380 secretorum
1697 339 1807 380 suorum
1818 341 1867 400 pra
1881 337 1937 390 nea

326 425 353 478 4.
372 425 484 478 interea
499 417 632 490 duxregi
650 417 800 489 suggessit
822 415 933 472 habere
955 431 987 471 sa
1002 412 1119 470 deside·
1174 409 1214 467 ris
1229 413 1384 470 conscium
1399 413 1479 470 facit.

290 510 369 566 rium
384 506 593 582 proficiscendi
609 509 735 563 Romam
750 504 900 562 atsanctis
916 501 1121 577 apostolisibi-
1333 502 1383 559 Fit
1399 505 1552 574 episcopus
1566 501 1821 559 schireburnensis.

290 598 359 654 dem
376 595 567 670 supplicandi
582 613 589 652 :
606 611 739 668 moxque
751 593 833 664 regie
847 593 965 650 licentia
980 591 1120 647 simulac
1207 594 1235 646 o.
1257 594 1334 646 inter
1347 591 1412 647 hac
1425 591 1511 649 sedes
1522 588 1708 664 episcopalis,
1719 606 1781 663 qua
1791 596 1851 648 tunc
1861 597 1938 668 leupo

290 685 497 744 munificentia
525 684 665 753 donatus,
694 684 837 756 adJ'uucto
866 683 924 739 sibi
956 678 1119 738 venerabili
1172 678 1213 734 ris
1228 679 1415 747 scireburne,
1433 693 1514 737 nuno
1529 684 1628 738 autem
1642 679 1780 737 Scriberic
1796 685 1843 752 est,
1855 689 1937 756 pastore

289 775 466 851 presbytero
480 773 592 842 Odone,
609 789 679 830 cum
691 789 802 844 magno
813 771 956 830 comitatu
968 770 1118 844 profectus
1173 768 1296 826 viduata
1308 775 1361 826 est.
1377 769 1478 828 Sciens
1493 770 1594 844 itaque
1605 785 1657 826 rex
1667 767 1772 827 odonis
1784 769 1862 828 sitam
1871 775 1937 845 poni-

290 870 344 923 ast.
362 863 419 923 Sed
438 880 508 920 cum
537 863 648 920 itiueris
676 861 897 936 aliquantulum
922 860 1117 934 peregissent,
1173 855 1264 914 licata
1278 857 1403 918 omnino
1417 857 1638 930 dignissimam,
1652 872 1720 914 eum
1740 856 1775 913 de
1797 859 1938 931 suscipiendo

290 953 400 1010 acerba
415 956 510 1008 tactus
524 950 694 1007 infirmitate
716 949 822 1006 acriter
846 949 936 1022 coepit
962 953 1116 1020 aegrotare,
1172 946 1348 1020 episcopatu
1364 946 1561 1021 interpellare,
1585 951 1672 1004 aaut
1696 945 1791 1003 ovium
1811 947 1852 1004 liei
1870 953 1939 1022 pastor

290 1043 367 1101 adeo
396 1046 429 1098 ut
454 1041 503 1098 vix
528 1039 672 1114 reciproci
693 1039 781 1096 flatus
794 1045 895 1112 posset
909 1055 980 1096 aera
993 1037 1115 1112 spirare.
1172 1036 1354 1108 apostolicus
1366 1036 1434 1094 loco
1448 1037 1580 1094 defuncti
1589 1035 1653 1094 fieri
1665 1035 1938 1109 acquiesceret.magno

290 1134 425 1205 Cumque
446 1147 498 1204 per
522 1147 574 1187 sex
599 1131 757 1187 continuos
772 1129 836 1186 dies
851 1133 880 1185 et
893 1127 1023 1199 languor
1042 1142 1116 1197 aug·
1172 1125 1262 1198 coepit
1274 1126 1373 1184 studio
1385 1127 1562 1184 renitentem
1577 1125 1740 1184 obsecrare.
1763 1124 1831 1192 Quid
1850 1128 1939 1183 momrt

290 1225 436 1288 mentum,
463 1223 491 1276 et
518 1223 704 1274 commeatus
728 1218 876 1291 acciperet
894 1217 1116 1284 detrimentum,
1171 1214 1304 1272 Tandem
1319 1213 1456 1274 Ecclesia
1471 1232 1506 1273 ac
1522 1215 1610 1287 regiis
1622 1213 1758 1288 precibus
1777 1214 1863 1280 dctus,
1883 1214 1939 1287 quod

289 1308 416 1381 septimo
428 1308 514 1379 jubet
526 1323 648 1363 ornnem
658 1307 778 1363 turbam
792 1311 891 1379 aoepta
901 1306 951 1362 via
965 1303 1115 1378 progredi,
1171 1303 1227 1359 sibi
1242 1304 1370 1360 nimium
1384 1319 1473 1377 grave
1486 1305 1659 1374 testabatur,
1680 1303 1835 1378 pontificale
1846 1302 1939 1360 officium

289 1397 354 1453 solo
368 1396 470 1454 Odoue
484 1413 587 1452 secum
602 1400 725 1464 retento,
753 1395 839 1466 cujus
862 1411 919 1467 ope
932 1395 961 1450 in
977 1390 1116 1467 prasenti
1170 1392 1201 1450 in
1212 1394 1336 1467 praefata
1352 1395 1578 1452 Scireburneusi
1597 1394 1724 1452 Ecclesia
1743 1393 1857 1467 pontifex
1875 1393 1938 1449 factus

287 1485 420 1559 periculo
435 1484 566 1541 mraxime
581 1484 744 1554 indigebat.
766 1485 861 1550 Quem
883 1483 922 1540 ad
946 1498 977 1538 se
990 1487 1058 1554 post
1069 1497 1115 1536 ra·
1171 1480 1381 1540 administrare
1409 1483 1569 1540 consensit.
1608 1481 1781 1540 Praesidebat
1807 1479 1939 1538 hisdiebus

287 1563 372 1631 fictos
384 1574 450 1630 illos
464 1573 554 1630 flebili
571 1589 645 1629 voce
660 1573 835 1637 clamatum,
850 1575 916 1628 orat
940 1574 972 1626 ut
991 1585 1046 1643 pro
1070 1567 1152 1642 suig
1170 1570 1247 1641 loco,
1277 1571 1430 1643 dignitate,
1458 1573 1635 1630 auctoritate
1664 1576 1692 1629 et
1717 1571 1816 1642 offitio,
1845 1570 1939 1627 Ecclesia

286 1663 462 1721 liberatione
487 1662 614 1718 Domino
629 1677 733 1736 preces
760 1661 904 1729 effundat,
927 1660 1058 1717 referens
1085 1673 1116 1713 se
1172 1660 1376 1718 cantuariensi
1388 1661 1543 1718 virbonus
1555 1666 1584 1719 et
1598 1667 1745 1730 strenuus,
1759 1659 1890 1718 Wlfelmus
1905 1675 1939 1714 no·

287 1753 490 1810 indubitanter
502 1750 621 1807 credere
642 1751 725 1824 quod
751 1749 826 1808 nihil
853 1750 880 1806 ei
903 1749 1006 1806 divina
1021 1748 1116 1821 pietas
1170 1752 1262 1822 mine,
1275 1751 1328 1824 qui
1342 1752 1412 1808 huic
1428 1751 1516 1824 regis,
1528 1751 1597 1809 cleri
1613 1767 1649 1810 ac
1667 1751 1759 1826 plebis
1781 1749 1891 1808 electioni
1900 1749 1940 1804 ani·

287 1841 459 1911 denegaret,
473 1855 564 1912 quam
580 1855 598 1894 a
612 1855 707 1912 puero
723 1854 835 1910 magna
850 1839 946 1909 gratia
957 1843 1115 1910 acceptum
1170 1857 1221 1896 mo
1236 1839 1338 1898 libenti
1353 1857 1536 1899 consensum
1560 1841 1735 1914 attribuens,
1761 1856 1822 1897 eum
1842 1855 1885 1914 pro
1904 1853 1939 1894 suo

286 1927 508 1985 labaetiam
527 1927 702 1984 venerabilis
731 1927 806 1998 0do,
832 1927 933 1984 animo
953 1926 993 1983 ad
1022 1927 1115 1982 Deum
1167 1928 1234 1999 jure
1248 1929 1278 1985 in
1292 1928 1386 1999 illam,
1399 1930 1439 1986 ad
1453 1946 1547 2004 quam
1562 1930 1676 1988 electus
1690 1933 1759 1998 erat,
1784 1926 1898 2002 pontificii
1910 1925 1938 1980 di·

286 2020 394 2080 erecto,
411 2019 472 2072 toto
488 2030 613 2088 corpore
627 2019 706 2071 terra
721 2014 903 2088 procumbit,
925 2028 1115 2087 magnosque
1170 2017 1313 2086 gnitatem
1340 2016 1442 2075 debito
1466 2035 1536 2076 aum
1562 2019 1678 2076 honore
1702 2016 1826 2075 sacravit.
1843 2016 1939 2073 Saucius

286 2106 395 2164 divina
422 2105 586 2162 clementiae
615 2104 800 2170 singultuum
826 2105 938 2161 imbres
965 2103 1113 2172 effundit3
1169 2111 1270 2164 autem
1286 2112 1315 2164 et
1328 2106 1499 2180 insignibus
1518 2106 1753 2166 sacerdotalibus
1773 2103 1939 2162 sacerdoalta

286 2211 474 2269 surgensque
499 2195 537 2252 da
563 2195 627 2252 solo
655 2195 787 2269 postulat
808 2195 864 2251 sibi
885 2195 1029 2268 repletam
1043 2193 1114 2250 vino
1167 2196 1320 2264 infulatus,
1337 2213 1430 2272 quam
1450 2197 1618 2269 gloriosum
1647 2199 1705 2254 lico
1731 2192 1901 2252 habitaculum
1920 2205 1939 2243 se

284 2285 420 2362 phialam
432 2284 554 2355 delerri;
570 2301 767 2359 superquam
781 2283 895 2341 invictae
907 2284 1003 2342 crucis
1014 2284 1114 2354 signa·
1168 2285 1339 2358 praebuerit,
1355 2303 1448 2360 quam
1462 2302 1533 2359 erga
1547 2285 1720 2344 animarum
1743 2284 1794 2342 sibi
1812 2279 1939 2340 muniisse·

285 2375 387 2434 culum
402 2373 504 2442 edens,
520 2372 670 2430 humiliter
686 2373 791 2430 vinum
804 2372 1114 2446 viroporrexit,atque
1167 2389 1236 2429 rum
1251 2373 1334 2431 lucra
1350 2373 1493 2432 sollicitus
1516 2373 1616 2446 fuerit,
1646 2373 1744 2430 nascio
1764 2376 1851 2428 uuum
1866 2365 1938 2438 niquis

285 2466 356 2522 utin
371 2463 497 2520 Domino
511 2479 565 2538 per
579 2463 682 2520 omnia
696 2461 859 2518 confideret
873 2461 999 2519 fideliter
1011 2461 1114 2518 admo·
1167 2461 1258 2533 digne
1286 2462 1386 2520 voleat
1411 2462 1530 2537 eloqui,
1570 2467 1800 2537 quantacunque
1824 2455 1939 2530 sagacitate

284 2554 359 2610 nuit.
376 2552 451 2610 Bibit
463 2553 563 2624 itaque
575 2551 668 2608 homo
681 2551 764 2624 quod
779 2555 843 2606 erat
856 2551 888 2606 in
902 2549 1005 2621 calice,
1020 2555 1049 2606 et
1062 2565 1112 2606 eo·
1167 2551 1310 2624 preditus
1326 2550 1448 2624 ingenii.
1478 2549 1561 2608 Unde
1587 2552 1665 2625 quid
1687 2551 1723 2608 de
1743 2550 1795 2606 illis
1812 2543 1938 2620 simplicitas

284 2643 356 2698 dem
377 2644 532 2697 momento
556 2655 626 2695 cum
649 2638 787 2696 redderet
805 2639 949 2711 phialam,
963 2637 1112 2696 redditam
1167 2655 1250 2714 purae
1265 2641 1373 2700 mentis
1388 2641 1543 2698 advertere
1554 2642 1661 2716 possit,
1677 2639 1798 2698 scribere
1810 2635 1940 2694 nolo:tcu-

285 2729 342 2787 sibi
355 2727 564 2786 omnimodam
579 2727 727 2786 sentiebat
740 2727 1034 2786 medelam.Proiudc
1045 2745 1111 2784 aur·
1166 2732 1230 2786 tum
1245 2745 1338 2804 opera
1359 2728 1526 2786 miserentis
1553 2729 1604 2786 Dei
1621 2745 1690 2803 qua
1704 2728 1734 2785 iu
1748 2729 1830 2784 serra
1842 2721 1889 2779 suis
1899 2717 1939 2791 pia·

283 2824 371 2878 vatus
383 2817 423 2876 ad
433 2833 532 2889 genua
547 2817 724 2892 presbyteri,
751 2817 862 2889 gratias
885 2817 984 2887 refert,
1007 2834 1111 2875 ascen-
1166 2817 1223 2874 cita
1245 2817 1303 2874 sibi
1325 2817 1512 2890 simplicitate
1535 2815 1752 2875 inhaerentibus
1765 2811 1864 2890 operari
1876 2807 1940 2866 iube

283 2924 377 2984 saque
392 2923 471 2980 equo
484 2907 655 2980 premissos
670 2906 793 2962 comites
803 2906 924 2962 volucer
933 2907 1109 2980 insequitur,
1126 2931 1147 2987 0
1165 2907 1313 2980 neplaaito
1328 2922 1383 2962 suo
1396 2906 1547 2978 dignatur,
1558 2906 1601 2964 eis
1614 2903 1823 2964 consideranda
1833 2910 1938 2975 propono·
1993 2979 1994 2996 Χ

282 3010 360 3067 quos
374 2994 564 3052 calericursu
579 2995 660 3052 viam
676 3000 802 3052 terentes
823 2994 961 3069 sequenti
982 2994 1030 3051 die
1054 2993 1109 3050 im·
1164 2995 1318 3052 Anno9³it
1330 2996 1460 3066 paganis
1485 2997 1671 3066 superiorem
1693 2997 1811 3067 mactat
1834 2985 1941 3046 lltiehto·

282 3083 368 3157 pigro
383 3087 411 3140 et
425 3083 491 3157 ipso
505 3083 607 3141 volatu
621 3084 748 3154 attingit.
773 3083 843 3140 Viso
865 3087 966 3140 autam
981 3081 1031 3140 illo
1044 3099 1109 3139 om·
1536 3100 1622 3142 num.

281 3189 335 3230 nes
349 3189 411 3247 prae
424 3173 534 3246 gaudio
548 3173 698 3248 lacrymas
723 3173 873 3243 iundunt;
894 3173 947 3230 sed
970 3171 1109 3247 praestitae
1199 3179 1226 3230 7.
1242 3177 1328 3230 Auno
1342 3171 1419 3230 inter
1433 3171 1498 3230 haec
1511 3172 1676 3231 dominica
1690 3165 1879 3230 incarnationis
1889 3175 1938 3220 nou-

282 3261 385 3318 salutis
399 3267 552 3320 auctorem
567 3267 782 3335 cognoscentes
796 3261 927 3336 amplius
951 3262 1107 3318 mirantur.
1163 3263 1329 3335 gentesimo
1357 3263 1506 3320 tricesimo
1535 3262 1612 3336 (268)
1639 3267 1754 3330 octavo,
1774 3257 1846 3330 regui
1869 3257 1938 3310 atitffl

281 3351 457 3409 Romuleam
471 3351 561 3424 igitur
584 3353 623 3410 ad
652 3353 759 3410 urbem
775 3367 871 3426 usque
900 3351 1061 3426 progressi,
1081 3356 1109 3409 ei
1163 3351 1326 3410 Ethelstani
1340 3344 1939 3426 victoriosissimiregisquamdcamowt

280 3437 350 3495 inde
362 3439 402 3496 ad
417 3439 529 3515 patrios
543 3439 620 3498 lares
636 3441 758 3498 feliciter
779 3440 900 3509 reversi,
927 3441 1108 3496 immensam
1162 3447 1302 3515 gregatas
1315 3445 1361 3499 est
1375 3441 1520 3498 adversus
1543 3455 1673 3512 reguum
1688 3439 1838 3512 auglorum
1851 3433 1938 3490 immen-

281 3530 345 3582 tum
359 3527 433 3598 regi,
447 3531 511 3583 tum
523 3527 636 3584 ceteris
648 3527 680 3583 in
694 3527 806 3600 palatio
822 3528 1001 3598 degentibus
1009 3528 1041 3584 iu
1057 3528 1109 3585 ad·
1162 3547 1214 3586 sus
1240 3545 1431 3604 paganorum
1453 3527 1599 3586 exercitus
1628 3527 1759 3604 profanis
1780 3523 1877 3596 legibus
1897 3511 1938 3570 ⁵¹1ss

279 3620 372 3672 ventu
387 3630 443 3672 suo
456 3615 589 3672 letitiam
602 3620 754 3689 praetant.
1162 3618 1355 3692 subjugando
1370 3634 1521 3686 enervare,
1539 3623 1568 3675 et
1581 3617 1755 3676 enervando
1773 3613 1861 3672 volens
1882 3600 1938 3662 unssi'

473 3705 651 3764 athelstano
663 3707 774 3778 repitit
788 3705 909 3764 chorae.
1160 3707 1253 3764 hilare
1277 3707 1494 3766 sacratissimas
1514 3723 1592 3782 quas
1615 3705 1704 3780 Angli
1728 3701 1867 3763 servabant
1883 3694 1937 3763 1⁸80s

314 3799 341 3856 a.
363 3799 432 3854 Post
445 3795 509 3854 dies
524 3796 600 3854 duce
619 3797 698 3871 ipso,
714 3814 750 3856 ao
765 3801 834 3872 post
847 3797 956 3856 ducem
982 3797 1106 3872 prefato
1161 3797 1396 3856 Christianorum
1411 3813 1417 3853 :
1431 3795 1543 3870 quibus
1555 3797 1731 3854 nominatus
1740 3793 1862 3869 princeps
1870 3778 1937 3840 ralla

277 3898 348 3958 rege
362 3884 399 3942 da
418 3885 556 3958 prasenti
585 3886 647 3943 vita
674 3886 802 3955 sublato,
830 3886 998 3958 Eduardus,
1027 3886 1107 3944 filius
1160 3891 1346 3944 armatorum
1373 3902 1468 3944 manu
1490 3886 1601 3962 stipatu
1632 3901 1796 3946 occurrens,
1821 3888 1905 3954 pulli
1918 3882 1938 3922 ⁵⁶

278 3975 415 4048 ejusdem
429 3975 516 4048 regis,
532 3975 563 4032 in
576 3991 705 4048 regnum
720 3975 873 4046 successit,
886 3981 915 4034 at
929 3976 1002 4033 illud
1016 3976 1107 4052 pluri-
1160 3975 1464 4047 dedit‚etdiutissime
1478 3991 1514 4034 ac
1524 3976 1713 4036 atrocissime
1722 3975 1870 4049 pugnatum
1880 3959 1938 4018 nuh·

276 4063 335 4122 bus
347 4065 433 4123 annis
448 4065 679 4138 prudentissime
695 4066 769 4124 rexit
796 4083 803 4122 ι
831 4067 862 4122 iu
888 4066 975 4138 cujus
999 4065 1105 4122 diebus
1160 4081 1219 4139 que
1235 4070 1288 4122 est.
1306 4068 1436 4122 Duxerat
1451 4071 1552 4122 autem
1568 4081 1674 4123 secum
1689 4065 1720 4122 in
1734 4063 1821 4122 aciem
1841 4070 1881 4114 rex
1895 4061 1939 4104 san

276 4153 455 4210 venerabilis
470 4154 534 4213 0do
545 4155 721 4228 presbyterii
742 4155 872 4226 gradum
896 4154 995 4212 officio
1015 4153 1106 4212 simul
1160 4160 1241 4212 atum
1268 4153 1414 4223 Odoncm,
1444 4154 1509 4226 eJ'us
1533 4155 1647 4212 meritis
1676 4171 1707 4212 se
1729 4149 1816 4210 multo
1845 4137 1938 4201 maxine

276 4257 313 4300 ac
327 4242 394 4300 vitae
407 4243 562 4301 sanctitate
576 4243 701 4315 insignis
716 4243 956 4313 administrabat,
972 4245 1034 4316 regi
1052 4260 1104 4301 no·
1120 4287 1144 4346 D
1159 4261 1254 4320 quam
1269 4245 1397 4302 militum
1413 4245 1507 4318 copiis
1519 4245 1678 4302 confidens
1691 4245 1803 4302 hostem
1821 4237 1936 4294 victurum.

276 4335 336 4404 tus,
361 4335 390 4390 et
417 4338 557 4406 acceptus
585 4333 622 4404 ei,
646 4339 674 4391 et
695 4333 837 4390 omnibus
852 4332 1050 4392 admirandus
1065 4335 1105 4392 ad
1159 4339 1236 4393 Dum
1248 4335 1337 4406 igitur
1350 4335 1421 4392 hinc
1430 4334 1500 4392 inde
1511 4338 1626 4408 strages
1639 4333 1811 4407 gravissima
1819 4323 1910 4384 fureret.
1919 4317 1938 4370 tl

276 4435 382 4477 omues
396 4417 579 4492 benignitate
592 4437 627 4478 ac
640 4421 871 4478 mausuetudine
885 4422 1026 4491 diffusus,
1040 4439 1104 4480 om·
1159 4441 1331 4484 aerumnosa
1344 4441 1391 4482 res
1409 4423 1548 4482 luctuosa
1560 4423 1694 4496 contigit.
1718 4423 1779 4485 Quo
1800 4413 1888 4474 etenim
1903 4415 1936 4462 ΝΣ

275 4509 360 4568 nium
369 4509 506 4566 moribus
511 4509 597 4582 juxta
605 4509 810 4585 apostolorum
821 4527 852 4568 se
862 4517 1103 4586 contemperans,
1157 4515 1222 4589 ipsa
1236 4512 1403 4590 pugnabat,
1416 4513 1503 4586 juxta
1519 4512 1664 4588 capulum
1678 4509 1792 4584 glanna
1811 4497 1936 4590 confractus

275 4603 309 4656 ut
331 4615 438 4657 omnes
466 4598 580 4658 Christo
606 4599 800 4657 lucrifaceret.
836 4599 891 4657 Ubi
922 4605 1024 4658 autem
1051 4617 1104 4659 rex
1158 4609 1213 4674 est,
1231 4608 1375 4676 etregem
1397 4603 1485 4676 quasi
1506 4602 1654 4660 inermem
1677 4598 1807 4660 hostibus
1827 4581 1935 4664 exposui

275 4690 433 4748 Eduardus
447 4689 517 4747 huic
536 4691 604 4750 rita
627 4689 754 4748 modum
776 4691 885 4764 posuit,
915 4690 1103 4749 Ethelstauus
1157 4695 1235 4752 inter
1248 4695 1312 4751 haec
1328 4693 1392 4750 Odo
1409 4709 1545 4767 apugna
1559 4697 1694 4750 remotus
1717 4679 1880 4759 longiuscule
1898 4675 1936 4772 tlt·

274 4778 355 4835 filius
370 4780 435 4852 ejus
448 4779 533 4852 regni
546 4780 684 4838 habenas
699 4779 819 4838 sortitus
834 4784 887 4837 est.
904 4781 952 4838 Vir
963 4797 1033 4838 vero
1048 4781 1102 4838 ad·
1155 4783 1218 4856 bat,
1232 4799 1284 4841 ore
1308 4785 1337 4840 et
1357 4781 1447 4839 corde
1461 4798 1518 4856 pro
1537 4781 1631 4840 salute
1656 4775 1805 4840 Christiani
1828 4765 1935 4860 exercitus

274 4865 419 4923 mirabilis
443 4867 507 4925 Odo
529 4868 632 4940 vitam,
656 4873 690 4926 ut
712 4868 855 4937 diximus,
879 4868 1023 4926 virtutum
1049 4885 1103 4943 per
1157 4873 1271 4932 Christo
1295 4870 1481 4946 supplicans,
1506 4875 1535 4929 et
1559 4871 1676 4928 vultum
1697 4856 1935 4926 manusrclunm

274 4954 377 5012 omnia
392 4969 496 5026 agens,
511 4973 642 5028 magnus
657 4957 696 5014 ab
722 4958 804 5015 omni
832 4958 945 5034 populo
969 4958 1102 5017 habeba·
1156 4961 1325 5020 coelestibus
1352 4977 1408 5034 pro
1432 4961 1490 5018 hoc
1514 4959 1581 5035 ipso
1609 4959 1775 5018 indefessus
1803 4941 1933 5009 extendens·

275 5049 332 5103 tur.
346 5049 403 5104 Neo
416 5045 496 5103 enim
511 5047 613 5106 civitas
628 5053 863 5121 supermontem
873 5049 982 5123 posita,
998 5049 1046 5106 vel
1059 5049 1103 5106 lu·
1155 5049 1234 5117 Quid
1274 5050 1376 5124 itaque
1410 5065 1463 5107 rex
1489 5049 1570 5107 vitali
1604 5052 1714 5108 aventu
1748 5045 1835 5102 fucere
1863 5025 1934 5107 p⁰⁵⁵²⁸

273 5152 364 5194 carna
379 5136 410 5193 in
426 5135 723 5194 candelabralucens
736 5139 1101 5212 poteratabscondi.llinc
1154 5139 1329 5212 fluctuabat,
1358 5143 1391 5196 ut
1424 5155 1455 5196 se
1482 5143 1613 5197 armaret
1649 5151 1771 5195 suorum
1791 5125 1933 5204 quemquam

272 5225 417 5300 processit
441 5229 474 5283 ut
499 5224 674 5300 sauciatis,
691 5227 756 5298 ojus
780 5227 863 5286 sama
880 5228 1011 5302 quotidie
1025 5243 1099 5300 aug·
1154 5246 1311 5290 exarmare
1346 5229 1432 5288 nefas
1462 5228 1628 5302 judicabat.
1663 5229 1733 5284 Pars
1759 5221 1838 5294 igitur
1862 5205 1933 5297 aditi

272 5316 437 5374 mentando
461 5315 664 5390 magnificata,
694 5317 733 5374 ad
757 5334 844 5376 aures
863 5335 985 5393 quoque
999 5318 1100 5376 eximii
1155 5320 1302 5378 sariorum
1330 5319 1382 5376 ubi
1404 5333 1507 5390 regem
1532 5317 1627 5376 fracto
1655 5330 1726 5372 ense
1750 5315 1820 5368 stare
1842 5289 1932 5386 ,doerit

271 5406 350 5475 regis
364 5405 525 5464 athelstani
539 5407 616 5463 mira
636 5423 705 5463 cum
718 5406 818 5464 laudis
834 5406 1012 5464 exaltatione
1031 5424 1099 5482 per·
1153 5409 1310 5480 inermem,
1348 5407 1452 5479 fugam
1480 5423 1575 5482 quam
1601 5405 1675 5464 inire
1699 5399 1837 5476 areperti,
1866 5389 1930 5444 ’ω’

270 5492 332 5552 lata
345 5494 382 5552 sit
397 5513 403 5551 :
419 5496 472 5569 qui
493 5496 648 5554 hominem
671 5497 710 5555 ad
732 5513 765 5554 se
784 5500 952 5564 evocatum,
980 5501 1009 5554 et
1031 5513 1099 5556 rere
1152 5497 1284 5556 vultibus
1298 5499 1329 5556 iu
1342 5513 1478 5572 pugnam
1490 5495 1596 5556 acriori
1608 5493 1688 5554 coedc
1702 5489 1841 5549 vindicare
1855 5479 1929 5544 aggre

306 5655 381 5728 (tta)
397 5654 509 5714 Eodem
524 5671 605 5714 anno
620 5655 820 5730 chronologia
835 5647 982 5718 saxonica
996 5659 1083 5718 Bada
1097 5659 1259 5734 subjuncta
1272 5659 1389 5734 reponit
1402 5657 1482 5718 hano
1495 5671 1642 5734 pugnam.
