4160 6162
190 126 238 181 roi
722 126 749 183 s
771 124 899 183 ooosrs
918 99 1063 180 maius
1082 119 1332 178 cadunensis
1351 119 1375 177 ιι
1421 119 1423 124 ·
1851 123 1904 180 ssa

188 253 257 307 ante
269 249 372 308 oculos
386 248 494 305 mentis
510 249 690 322 aspexerint,
721 265 793 306 suus
806 265 858 307 sos
882 247 1017 321 undique
1034 247 1058 302 Α
1072 244 1240 303 Honoribus
1254 259 1387 319 namque
1401 243 1532 302 exerceri
1546 243 1685 302 ambiunt
1708 260 1746 302 ne
1769 243 1905 322 despecti

85 331 88 338 '
189 338 360 412 deprimens
374 341 472 394 reatus
487 337 581 394 vestit.
609 337 655 394 Ad
669 353 793 412 poenam
819 338 931 412 quippe
947 341 1018 393 tuno
1071 334 1238 392 videantur.
1263 338 1391 392 Terrena
1418 333 1614 405 aggregando
1640 340 1834 406 exaggerant,
1862 351 1905 395 ne

189 427 335 484 tactorum
362 441 487 483 suorum
507 427 687 484 memoriam
709 427 846 496 tolerant,
861 425 913 500 qui
937 441 1018 483 nunc
1070 423 1180 497 inopiae
1194 423 1303 496 frigore
1317 423 1480 480 tabescant.
1496 421 1552 479 Ubi
1565 436 1638 494 ergo
1664 423 1773 480 mentis
1787 423 1904 483 habita·

188 515 406 588 quasiasensu
417 515 540 573 rationis
554 517 687 574 extranei
698 519 826 592 peccant
841 515 1017 587 gaudentes.
1071 513 1183 570 tionem
1204 517 1391 586 construunt,
1415 511 1456 570 ibi
1479 511 1676 570 tabernacula
1699 511 1902 587 prociddubio

188 603 231 659 lbi
245 603 345 660 vident
357 608 506 677 quantum
522 604 680 662 debuerint
705 605 808 676 lugere
836 603 921 678 quod
936 618 1019 660 ama·
1070 597 1208 658 fixerunt.
1235 603 1273 658 At
1299 605 1404 657 eontra
1429 599 1572 672 justinae
1586 599 1688 657 oblata
1708 599 1792 660 bona
1806 601 1905 677 suspi-

187 695 306 748 verunt.
333 692 494 765 Sequitur:
519 694 759 751 Tabes-coculam
783 693 943 764 impiorum
957 707 1019 746 noa
1071 689 1163 758 ciunt,
1189 705 1244 746 nec
1259 689 1341 747 illata
1350 689 1432 746 mala
1448 687 1535 746 valdo
1550 689 1775 782 pertimescunt.
1801 690 1904 749 Sedet

186 780 333 838 satsdtet.
347 811 384 822 -
397 781 637 840 Taberuacqum
652 783 765 857 quippe
780 781 972 848 construitur,
987 783 1020 836 ut
1071 795 1141 836 cum
1156 779 1243 835 bouis
1256 778 1454 852 presentibus
1468 781 1738 847 utuntur‚ventura
1748 777 1829 838 mma
1841 783 1905 838 ma-

189 869 228 926 ab
243 874 318 926 estu
332 884 441 943 corpus
456 874 485 928 et
497 871 606 942 frigore
620 871 808 930 defendatur.
825 870 903 938 Quid
916 869 1017 941 itaque
1071 871 1168 926 tuunt.
1181 869 1215 924 Et
1221 867 1296 924 dum
1307 869 1345 925 de
1355 868 1556 943 praesentibus
1569 867 1657 926 malis
1666 875 1801 940 gemunt,
1811 869 1905 928 bono-

188 959 246 1015 hoc
256 958 323 1015 loco
339 959 524 1017 tabernaculi
537 955 669 1029 nomine,
683 961 741 1018 nisi
754 959 912 1018 edificatio
929 961 1019 1016 terre-
1071 955 1335 1030 rumsequentiam
1343 971 1446 1014 amore
1452 955 1657 1014 consolantur.
1669 959 1746 1014 Beue
1757 956 1905 1030 ergodiei-

189 1063 237 1104 nse
250 1045 395 1108 felicitatis
408 1049 582 1123 exprimitur
596 1051 777 1125 tPerquam
792 1065 922 1123 superse
932 1063 1019 1104 casu·
1071 1051 1119 1104 tur
1131 1065 1137 1102 ι
1149 1045 1389 1104 Tabernaeutum
1397 1047 1625 1118 impiorumcoa
1633 1047 1778 1106 subsistit.
1788 1049 1904 1116 -Quia

189 1153 223 1194 ra
237 1138 445 1212 multiplicant,
459 1145 492 1197 ut
509 1158 541 1198 se
569 1158 587 1198 a
601 1141 757 1215 praesentis
776 1141 844 1198 ritae
860 1137 1018 1197 necessita·
1071 1136 1138 1193 vite
1151 1133 1320 1206 effugientis
1332 1140 1493 1209 amatores,
1505 1136 1580 1193 dum
1591 1136 1725 1194 studiose
1734 1136 1766 1194 in
1776 1153 1905 1211 prasen-

189 1227 280 1300 tibus,
308 1231 395 1302 quasi
419 1230 459 1288 ab
486 1235 562 1289 astu
599 1235 628 1290 et
667 1231 816 1290 imbribus
845 1229 1017 1288 defendant.
1072 1223 1153 1281 tibus
1168 1226 1392 1294 construuntur,
1408 1228 1529 1298 repente
1545 1225 1585 1282 ad
1606 1228 1717 1282 aterna
1734 1225 1902 1300 rapiuntur.

846 1552 1018 1642 LIBER
1061 1548 1258 1639 NONUS.

933 1719 1145 1737 μ

516 1833 630 1889 CAPUT
649 1833 691 1888 lx.
1038 1810 1059 1864 Β
1073 1843 1146 1899 quos
1160 1827 1309 1886 surremit
1322 1831 1355 1886 in
1366 1830 1546 1901 succresco.
1557 1834 1635 1888 -ln
1650 1831 1801 1905 Scriptura
1814 1847 1901 1890 saera

226 1921 312 1976 vass.
332 1920 355 1989 l,
371 1923 398 1976 i.
421 1921 612 1990 Respondeas
635 1926 735 1978 caten
749 1920 804 1977 ΙΙοὶι
818 1920 898 1977 dicit
914 1933 927 1975 .·
948 1917 1019 1974 Vere
1074 1931 1154 1989 sape
1168 1918 1316 1975 montium
1329 1919 1461 1989 nomine,
1486 1919 1714 1994 predicantium
1741 1919 1899 1978 multitudo

189 2009 344 2079 scioqaod
369 2010 473 2081 itasit,
502 2015 530 2066 et
547 2011 627 2081 qaod
650 2026 709 2066 noa
725 2010 911 2080 justificetur
933 2007 1019 2063 tomo
1073 2004 1217 2076 signatur.
1253 2008 1293 2063 lle
1320 2007 1433 2080 quibus
1468 2024 1522 2082 per
1547 2007 1736 2066 psalmistam
1769 2007 1898 2066 molan:

190 2098 368 2167 compositus
383 2099 453 2156 Deo.
470 2131 505 2140 -
521 2101 615 2155 llomo
629 2098 743 2172 quippe
770 2097 943 2172 suppositus
957 2099 1018 2153 lieo
1074 2115 1088 2142 s
1104 2094 1274 2168 suscipiant
1296 2101 1415 2154 montes
1435 2113 1543 2171 pacem
1570 2095 1684 2172 populo
1712 2096 1807 2170 (Psoi.
1822 2111 1901 2167 cxxi,

186 2184 335 2256 justitiam
348 2186 484 2260 percipit,
500 2187 683 2260 compositus
706 2186 823 2244 amittit.
849 2186 924 2253 Quia
938 2185 1019 2258 quis·
1071 2183 1109 2254 3).
1128 2183 1211 2240 »Sed
1226 2185 1463 2243 montesveritas
1486 2186 1645 2256 transtulit,
1671 2201 1741 2244 cum
1755 2185 1902 2260 praedica·

188 2273 256 2347 quis
271 2289 303 2331 se
315 2275 434 2332 ductori
446 2276 598 2334 bonorum
612 2279 778 2351 comparat,
789 2277 871 2334 bono
889 2291 920 2332 se
935 2274 1019 2349 quod
1071 2275 1150 2328 tores
1177 2277 1298 2331 sanctos
1321 2291 1340 2332 a
1366 2275 1494 2332 ludaica
1520 2275 1720 2334 obduratione
1744 2275 1900 2335 subtraxit.

190 2363 313 2435 accepit,
328 2363 433 2437 privat.
452 2366 590 2438 Sequitur
604 2383 611 2421 :
1071 2359 1146 2416 Hinc
1158 2359 1266 2418 dicitur
1282 2379 1289 2418 ε
1304 2383 1319 2412 «
1333 2363 1558 2421 transierentm
1568 2369 1687 2422 montes
1699 2365 1731 2422 in
1744 2380 1797 2422 cor
1809 2365 1901 2422 mmm

223 2454 312 2509 Vaas.
328 2457 354 2508 3.
371 2453 404 2509 Si
416 2455 545 2511 soraee
561 2455 738 2512 contendere
752 2470 818 2511 eum
837 2469 879 2518 eo,
894 2467 1020 2523 101110·
1072 2449 1167 2518 (1111·
1194 2467 1261 2519 m,
1278 2453 1303 2524 3)
1317 2470 1323 2521 3
1341 2476 1356 2504 11
1382 2457 1411 2510 Oi
1437 2453 1595 2527 1111111111
1610 2472 1617 2511 ²
1633 2453 1754 2512 ‘V0biss
1767 2454 1901 2530 primum

190 2541 259 2595 terit
272 2540 299 2596 et
311 2541 490 2610 respondere
503 2543 762 2612 cnampromiltc.
773 2573 808 2582 —
821 2541 854 2597 ln
868 2541 1019 2614 Scriptura
1072 2537 1230 2611 oportebat
1249 2539 1343 2614 loqui,
1361 2564 1375 2592 s
1399 2546 1429 2599 et
1455 2542 1571 2617 reliqua
1597 2543 1678 2616 (siet.
1693 2559 1745 2610 ιιι,
1768 2545 1825 2616 lt).
1845 2543 1902 2602 Sed

189 2643 275 2685 sacra
289 2627 471 2686 millenarius
491 2645 636 2687 numerus
650 2647 705 2705 pro
727 2630 917 2688 universitate
945 2629 1020 2686 solet
1072 2628 1151 2684 hanc
1177 2627 1275 2702 ipsam
1299 2631 1524 2690 translationem
1551 2633 1721 2690 nescierunt
1746 2631 1777 2690 lu·
1800 2633 1853 2707 qui
1867 2633 1898 2690 in

188 2713 321 2786 intelligi.
339 2715 411 2772 llinc
428 2716 535 2774 dicitur
557 2735 563 2773 :
585 2740 599 2770 c
615 2719 701 2776 Verbi
720 2718 805 2792 quod
816 2717 973 2775 mandavit
987 2718 1018 2774 in
1073 2713 1191 2771 Domini
1200 2715 1299 2774 lurore
1315 2717 1451 2776 subversi
1464 2723 1543 2790 sunt,
1559 2721 1716 2794 quiscum
1731 2720 1769 2778 de
1786 2720 1849 2778 suis
1862 2721 1898 2777 ii-

189 2803 269 2860 mille
283 2804 490 2875 generationes
505 2808 600 2874 (Psat.
615 2823 669 2879 civ,
684 2810 722 2881 8).
740 2829 754 2859 s
770 2811 803 2865 at
815 2810 945 2865 loannes
955 2807 1014 2865 ait:
1071 2801 1161 2859 nibus
1172 2805 1286 2862 Hebraei
1298 2807 1612 2882 apostolospellerent,
1623 2809 1741 2868 lucrum
1751 2825 1783 2866 se
1796 2809 1899 2868 iecisse

189 2913 203 2942 «ι
219 2894 253 2949 Et
266 2893 437 2964 regnabunt
451 2910 521 2951 cum
533 2911 569 2952 eo
578 2895 658 2953 mille
669 2896 757 2954 annis
768 2897 870 2969 (apoc.
884 2913 935 2968 xx,
952 2898 988 2970 t).
1000 2921 1015 2948 »
1072 2893 1206 2951 arbitrati
1221 2899 1299 2966 sunt,
1324 2897 1409 2971 quod
1422 2897 1642 2972 predicationis
1663 2897 1766 2957 lumen
1790 2900 1899 2957 amiso-

191 2980 266 3046 Quia
280 2996 352 3038 vero
375 2997 484 3039 monas
505 2983 720 3058 multiplicatus
735 2983 766 3040 in
780 2984 940 3042 denarium
954 2983 1010 3042 du·
1072 2985 1151 3038 runt.
1167 2983 1306 3056 Sequitur
1321 3003 1327 3040 :

187 3069 272 3141 citur,
287 3069 428 3128 densans
443 3074 703 3148 persemetipsum
716 3075 825 3132 duetus
838 3075 870 3132 in
880 3075 1014 3133 millena·
1107 3071 1191 3127 Vns·
1208 3073 1234 3127 t·
1263 3072 1321 3140 Qui
1339 3079 1500 3132 commovet
1527 3081 1639 3134 emam
1654 3078 1690 3136 de
1706 3079 1770 3137 loco
1793 3093 1857 3151 sao,
1871 3083 1899 3135 et

185 3158 265 3215 ,qum
278 3160 419 3229 tenditur,
434 3178 504 3218 ,um
518 3163 558 3220 ab
572 3179 634 3220 uno
647 3163 820 3237 incipimus,
836 3168 869 3221 ut
882 3164 922 3221 ad
948 3164 1015 3220 mfl.
1032 3161 1053 3218 G
1071 3159 1216 3216 columna·
1230 3162 1527 3230 ejuscescatiantar.
1538 3195 1574 3206 —
1588 3165 1628 3222 De
1642 3165 1710 3226 ioco
1721 3167 1834 3243 quippe
1844 3181 1898 3223 suo

186 3245 335 3303 lanarium
349 3249 517 3305 veniamus.
541 3251 618 3317 Quid
631 3252 689 3308 hoc
700 3251 767 3308 loco
782 3251 872 3308 unius
882 3251 1015 3325 appella·
1070 3249 1314 3308 111111011111111
1328 3255 1383 3320 111,
1400 3267 1470 3309 111111
1501 3252 1587 3327 1111111
1602 3256 1770 3326 1111111111,
1793 3257 1898 3315 111111·

185 3333 276 3402 tione,
287 3334 347 3390 nisi
358 3335 435 3392 bene
449 3336 570 3394 vivendi
585 3338 731 3395 initium?
757 3339 834 3406 Quid
857 3338 1016 3398 millenarii
1069 3334 1260 3395 doesriinibus
1274 3339 1389 3411 evulsa,
1401 3342 1545 3400 nimirum
1560 3343 1636 3405 colla
1650 3346 1789 3418 genibus
1800 3345 1901 3403 subdi·

185 3422 303 3480 numeri
317 3424 523 3498 amplitudine,
539 3427 596 3484 nisi
611 3429 636 3499 ej
641 3428 748 3485 uadem
761 3428 828 3486 vitre
848 3429 937 3486 bone
950 3445 1016 3504 per-
1069 3425 1122 3496 dit,
1134 3427 1207 3500 111111
1221 3429 1311 3487 subdi
1320 3431 1439 3488 11111011
1446 3433 1604 3492 1111111111·
1617 3436 1688 3503 0111
1700 3435 1900 3495 1111111111111

186 3510 274 3568 tectio
301 3513 505 3584 designatur?
534 3515 608 3573 tium
638 3519 698 3574 lieo
719 3521 820 3575 autem
835 3517 1015 3576 contendere
1069 3515 1357 3590 columnashabuit,
1372 3522 1491 3595 quirin
1506 3525 1897 3602 sacerdotesetprincipes,

186 3603 241 3670 est,
254 3615 316 3657 non
331 3601 358 3658 ei
370 3601 509 3674 tribuere,
524 3605 578 3661 sed
592 3604 649 3662 sibi
661 3605 788 3676 gloriam
814 3623 876 3664 susa
899 3607 1015 3665 virtutis
1068 3603 1142 3676 legis
1156 3605 1293 3665 doctores
1308 3614 1398 3684 atque
1410 3611 1575 3671 Pharisaeos
1602 3615 1718 3674 ruitura
1732 3617 1797 3690 ejus
1809 3617 1898 3691 perti-

185 3703 335 3760 arrogare.
353 3689 409 3757 Qui
421 3690 502 3748 enirn
517 3709 587 3750 cum
602 3696 729 3752 Auctore
743 3695 904 3760 contendit,
918 3711 1014 3753 unum
1067 3693 1180 3752 naeiter
1195 3699 1343 3756 structura
1354 3700 1491 3759 surrexit.
1507 3701 1566 3760 Sed
1576 3704 1728 3762 translatis
1742 3705 1897 3764 montibus

185 3791 241 3849 pro
252 3776 333 3836 mille
350 3780 532 3854 respondere
545 3798 608 3840 non
625 3781 743 3851 sufficit,
772 3785 845 3858 quia
861 3783 913 3858 qui
929 3800 962 3841 se
976 3783 1014 3842 de
1068 3782 1216 3841 columnae
1231 3801 1386 3846 concussa
1402 3793 1481 3858 srmt,
1507 3777 1579 3865 quia
1593 3793 1748 3852 subductis
1762 3810 1781 3852 a
1794 3794 1898 3852 tudes

183 3865 364 3938 perfectione
379 3867 474 3941 erigit,
489 3869 600 3929 habers
616 3871 734 3931 sabens
748 3873 866 3931 vivendi
891 3873 1013 3934 recini-
1067 3873 1220 3948 apostolis,
1234 3889 1290 3933 nec
1305 3875 1363 3951 ipsi
1377 3877 1519 3936 rivarein
1534 3881 1585 3940 illa
1598 3883 1737 3956 permissi
1752 3888 1830 3954 sunt,
1844 3884 1897 3959 qui

183 3954 259 4012 tium
273 3957 412 4015 ostendit.
428 3959 567 4034 Sequitur
583 3979 590 4018 ι
1067 3961 1107 4018 ab
1121 3961 1173 4020 illa
1199 3963 1264 4022 vitae
1279 3966 1489 4039 praedicatores
1515 3969 1703 4045 expulerunt.
1719 3976 1772 4030 Per
1791 3975 1898 4031 liema-

218 4045 302 4102 Vsus.
318 4048 344 4103 4.
361 4048 488 4119 sapiens
506 4051 595 4108 eorde
615 4057 667 4121 est,
690 4058 718 4110 et
738 4053 829 4124 fortia
848 4053 962 4112 robore.
978 4085 1013 4096 -
1066 4067 1141 4110 num
1156 4054 1269 4129 quippo
1280 4056 1449 4132 prinoipem
1459 4059 1557 4118 litum
1570 4062 1708 4134 protinus
1719 4063 1899 4121 Judaades-

183 4133 308 4206 Sapiens
331 4136 445 4209 quippe
474 4139 551 4195 Deus
572 4139 690 4210 dicitur,
717 4142 790 4214 quia
815 4141 961 4215 sapientia
983 4147 1014 4200 at
1067 4141 1183 4212 truitur,
1207 4148 1297 4218 atqua
1311 4145 1342 4204 in
1356 4147 1473 4206 cuncfis
1488 4147 1627 4220 gentibus
1649 4166 1756 4225 sparsa
1768 4153 1896 4228 dissipa-

180 4221 298 4278 occulta
310 4227 414 4280 nostra
426 4224 573 4283 subtiliter
587 4228 709 4297 cognita
729 4229 865 4302 percutit.
882 4233 965 4287 Nunc
979 4235 1012 4288 ut
1067 4235 1123 4288 tur.
1139 4233 1277 4306 Sequitur
1293 4251 1300 4290 ι

182 4309 303 4382 sapiens
317 4311 421 4368 omnia
445 4311 603 4371 invisibilis
617 4315 733 4390 aspicit,
749 4321 778 4373 et
803 4333 822 4374 a
846 4317 934 4374 nohis
948 4319 1011 4376 lalli
1101 4323 1187 4378 Vras.
1203 4328 1229 4378 7.
1244 4323 1303 4391 Qui
1314 4326 1452 4396 precipit
1473 4328 1540 4400 soti,
1552 4334 1581 4388 et
1595 4345 1656 4388 aaa
1669 4333 1778 4406 oritur,
1793 4335 1896 4393 stellas

181 4411 243 4452 non
258 4400 365 4470 potest,
379 4402 450 4456 tuno
463 4403 496 4457 ut
508 4400 591 4458 tortis
606 4403 669 4460 sins
684 4402 746 4460 ullo
762 4404 919 4464 obstaculo
932 4423 1011 4480 quos
1065 4411 1181 4468 claudit
1193 4413 1281 4484 quusi
1294 4413 1349 4470 sud
1358 4415 1525 4487 signaculo.
1536 4419 1750 4495 -Aliquando
1759 4437 1894 4496 namque

180 4486 323 4557 reprobat
341 4487 429 4560 punit
450 4503 505 4546 neo
526 4489 611 4548 vitari
634 4493 1096 4567 potest.Sequitur:Oais1)in
1119 4516 1205 4559 sacro
1231 4502 1352 4578 eloquio
1386 4505 1457 4563 solis
1485 4509 1608 4568 nomine
1636 4509 1755 4570 claritas
1768 4519 1771 4528 ’
1784 4511 1894 4586 praedi·

181 4575 290 4633 resistit
301 4577 337 4646 ei,
351 4581 380 4634 et
385 4592 492 4648 pacem
507 4578 642 4637 tabuit?
660 4611 694 4621 -
721 4580 777 4648 Qui
804 4581 886 4640 enim
900 4587 1010 4641 cuncta
1065 4594 1201 4648 catorum
1229 4593 1413 4669 designatru,
1450 4599 1527 4656 sicut
1557 4615 1611 4673 per
1643 4603 1790 4660 loannem
1820 4601 1894 4658 dici-

179 4661 353 4722 mirabiliter
377 4669 468 4738 creat,
494 4665 559 4742 ipss
586 4672 619 4725 ut
643 4671 743 4726 creata
768 4668 886 4728 sibimet
902 4687 1010 4730 conve·
1064 4681 1112 4736 tur
1128 4697 1135 4736 :
1153 4703 1167 4730 α
1183 4681 1290 4739 Factus
1305 4686 1350 4742 ost
1364 4683 1410 4741 sol
1424 4685 1501 4743 sicut
1517 4703 1624 4744 saccus
1638 4688 1772 4748 cilicinus
1788 4691 1890 4764 (apoc.

179 4750 274 4820 uiant,
302 4753 431 4812 ordinat.
448 4759 480 4812 ln
508 4772 569 4830 quo
594 4771 666 4829 ergo
681 4757 832 4816 conditori
852 4761 1008 4834 resistitur,
1064 4783 1103 4838 vr,
1120 4769 1204 4844 11).»
1231 4772 1290 4846 ipsi
1304 4772 1393 4831 etiam
1413 4773 1566 4832 stellarum
1579 4775 1701 4832 nomino
1725 4778 1893 4852 signantur,

178 4839 263 4911 pacis
284 4844 441 4901 conventio
462 4845 634 4919 dissipatur.
659 4847 802 4906 Perverse
827 4848 908 4907 enim
922 4867 1009 4908 mens
1063 4856 1100 4913 de
1128 4858 1239 4932 quibus
1267 4859 1375 4918 dicitur
1392 4879 1398 4917 :
1415 4883 1429 4912 «ι
1442 4861 1600 4920 Prohibita
1615 4867 1685 4920 sunt
1708 4862 1798 4921 stelle
1824 4867 1893 4941 plu·

178 4927 259 4985 undo
274 4935 551 4991 ooubaauotorem
566 4935 703 5007 seerigit,
717 4936 787 4994 inde
813 4953 845 4995 aa
864 4938 895 4996 in
911 4955 1008 4998 seme·
1064 4945 1180 5004 riarum
1219 4947 1300 5020 (Jer.
1331 4965 1373 5018 ιιι,
1401 4951 1454 5022 ³).
1482 4974 1497 5002 ι»
1531 4951 1741 5010 predicatores
1778 4956 1892 5032 quippe

177 5017 259 5092 tipsa
273 5019 439 5079 contundit.
450 5023 595 5081 liesistcre
607 5031 708 5084 autem
722 5025 864 5102 dicimus,
876 5045 947 5086 oum
961 5045 1007 5087 re·
1063 5034 1168 5104 saneti,
1184 5038 1212 5092 et
1237 5035 1283 5092 sol
1305 5039 1415 5096 nostris
1440 5037 1534 5098 oculis
1548 5055 1602 5113 pcr
1625 5039 1707 5100 diem
1720 5040 1807 5114 flunt,
1821 5061 1892 5104 cum

177 5097 314 5182 pugnar'c
342 5110 407 5183 ejus
434 5111 682 5186 dispositionibus
716 5131 872 5176 conamur.
907 5122 1007 5193 Neque
1062 5119 1345 5198 contemplationem
1384 5125 1473 5184 nobis
1512 5142 1590 5184 vera
1625 5127 1701 5186 lucis
1742 5131 1890 5206 aperiunt.

177 5198 258 5255 enim
283 5203 386 5258 nostra
402 5199 561 5260 infirmitas
582 5204 824 5264 incommutabili
846 5209 912 5280 ejus
939 5224 1007 5267 sen-
1062 5213 1095 5268 lit
1106 5209 1187 5270 velut
1200 5211 1231 5269 in
1241 5211 1370 5271 tenebris
1381 5213 1471 5272 stelles
1485 5213 1595 5282 lucent,
1610 5233 1681 5276 cum
1695 5235 1749 5296 per
1763 5221 1891 5279 activam

178 5287 275 5342 entia
289 5289 401 5360 obviat,
417 5289 471 5348 scd
486 5294 587 5350 amen
605 5293 690 5366 quod
718 5295 836 5369 explere
851 5313 913 5355 non
928 5297 1008 5357 valet
1060 5299 1153 5357 vitam
1188 5299 1337 5376 profuturi
1367 5303 1477 5362 nostris
1513 5307 1740 5366 necessitatibus
1774 5313 1891 5368 terrem

177 5375 279 5430 tentat.
296 5377 446 5438 &ababa
476 5383 594 5454 satagit,
612 5383 665 5440 sed
688 5383 756 5457 ipso
775 5385 877 5457 gladio
892 5391 1007 5445 contra·
1061 5388 1237 5464 disponunt.
1274 5391 1331 5450 Sed
1364 5393 1438 5466 quia
1468 5396 1600 5470 expulsis
1642 5399 1890 5473 predicatoribus

178 5459 316 5518 dictionis
330 5463 448 5537 bangit.
466 5471 606 5545 Sequitur
621 5490 628 5528 :
1060 5493 1123 5536 non
1137 5477 1193 5537 iuit
1205 5481 1258 5556 qui
1272 5481 1353 5556 plebi
1365 5483 1497 5542 iudaice
1522 5486 1555 5544 in
1580 5487 1712 5562 perfidias
1727 5504 1790 5546 suaa
1802 5493 1890 5546 nocte

213 5551 296 5609 tras.
313 5555 339 5609 5.
352 5553 411 5622 Qai
422 5561 580 5618 transtulit
592 5567 717 5632 montes,
732 5567 761 5620 et
778 5563 948 5621 serebant
963 5564 1005 5636 tt,
1060 5571 1238 5643 remanenti,
1253 5571 1300 5632 vel
1327 5571 1493 5640 deliteam
1521 5575 1780 5658 mntemplatiorris
1793 5583 1892 5644 oser·
