4156 6182
199 131 234 184 to
796 123 825 179 S.
846 121 917 176 otto
936 119 1048 176 ARBAS
1068 121 1328 180 clourucuusts.
1882 129 1916 182 36

201 255 382 310 Francorum
392 247 505 318 regine,
520 250 549 302 et
562 245 736 315 amantem
750 245 815 315 ejus
829 243 901 313 tilia,
914 245 1027 298 tonnae
1045 243 1069 296 Α
1084 245 1296 312 corpussancti
1305 245 1402 301 Lauri
1411 245 1653 313 abbatisouibus
1664 246 1915 304 translationibus

199 340 276 396 duee
292 336 609 403 nummulariam
624 335 756 392 Marabius
769 333 889 394 comite,
902 330 1028 401 ahisque
1083 332 1224 400 sicfactis
1239 349 1344 402 capsas
1361 338 1440 402 tyrsos
1453 350 1519 390 curn
1535 336 1617 390 ostiis
1630 349 1681 392 seu
1694 336 1845 392 ctannsris
1861 351 1914 394 or-

200 427 370 485 clarissimis
381 425 518 500 pareonts
533 441 540 478 ε
553 439 630 497 ques
641 424 716 482 inter
727 421 869 496 reliquias
879 421 908 476 in
920 423 1028 493 quarte
1082 423 1194 489 panteis
1208 427 1236 478 et
1246 424 1362 478 auratis
1372 437 1391 478 a
1402 423 1477 492 toris
1486 424 1658 492 clausimus,
1675 429 1703 480 et
1713 429 1819 482 nostra
1829 425 1915 484 bene·

199 529 291 589 capse
306 533 321 569 s
336 529 445 587 eorpus
461 511 554 568 saneti
569 512 682 568 edonis
695 511 840 567 abbatis»
856 508 1027 565 contineba—
1082 510 1211 570 ‹lictione
1225 512 1260 568 de
1272 512 1375 568 diuina
1388 513 1594 570 misericordia
1605 515 1710 582 confisi
1719 516 1914 585 muniebam,

199 610 255 672 tur,
273 609 305 661 ut
330 607 476 660 testantur
491 601 640 658 solemnes
653 617 689 658 aa
713 601 751 656 de
765 615 797 656 re
820 597 932 664 littere,
960 613 1028 670 quse
1082 602 1254 664 statuentes,
1283 605 1309 656 el
1326 601 1412 655 dictis
1428 602 1574 671 retipiasis
1593 603 1712 674 suisque
1736 606 1916 662 successori·

199 695 240 750 sia
253 693 366 750 hebent
382 709 388 747 :
1083 686 1136 742 bus
1150 688 1329 758 injupentes.
1344 696 1434 758 prout
1457 705 1514 758 per
1534 696 1696 760 presentes
1712 694 1872 750 statuimus
1886 699 1915 752 et

233 785 376 846 loannes,
402 781 591 836 miseratione
605 781 710 836 diuino
739 781 916 834 Turonensis
930 777 1029 832 arctet·
1081 777 1278 847 injunqimus,
1310 784 1340 832 ut
1364 779 1403 834 de
1431 785 1538 836 caetera
1560 783 1648 836 annis
1682 781 1809 852 sinuatis
1833 783 1914 840 bunc

198 887 362 943 episcopus,
380 871 525 926 urtiuersis
538 877 699 940 presentes
720 871 836 925 litteras
851 867 1028 938 inspecturis
1083 868 1291 924 translationis
1306 869 1381 924 diem
1393 869 1500 938 festiue
1512 870 1671 936 celebrant,
1685 886 1721 928 aa
1728 871 1841 928 diutins
1855 887 1917 928 sem

199 963 326 1018 salutem
343 962 375 1015 in
391 961 515 1015 Domino
526 961 747 1030 senrpiternam.
765 957 915 1028 Qrsictquid
929 956 1028 1011 landis
1084 956 1161 1009 uitiis
1176 956 1282 1012 debitis
1292 963 1320 1012 et
1334 959 1511 1026 opportunis
1524 961 1725 1016 solemnizant.
1740 961 1776 1016 In
1787 977 1915 1032 quorum

199 1051 245 1106 uel
259 1049 379 1106 nonoris
395 1047 592 1118 impendimus
616 1051 727 1105 sanctis
745 1049 809 1112 Dei,
822 1045 854 1102 id
868 1047 961 1102 eidem
977 1059 1028 1101 aa·
1082 1045 1213 1100 amnium
1228 1052 1255 1102 et
1268 1047 1456 1116 sinputarum
1467 1047 1567 1116 fidae,
1581 1054 1607 1104 et
1620 1050 1820 1106 testimonium
1834 1065 1922 1120 pree--

200 1140 344 1206 bibemus,
376 1144 448 1194 teste
472 1140 633 1207 propbeta,
661 1139 786 1208 jubante
808 1138 968 1193 Dominum
997 1135 1028 1189 in
1082 1133 1330 1190 missorumbinds
1343 1142 1461 1191 nostras
1474 1137 1590 1194 litteras
1603 1138 1712 1194 eainde
1724 1139 1803 1208 beri,
1817 1145 1845 1196 el
1857 1155 1914 1209 par

199 1227 310 1284 sanctis
330 1229 394 1296 eius
407 1227 588 1283 collaudari.
614 1226 931 1295 Perpendenteitaque
946 1223 1029 1278 bana
1082 1223 1214 1276 notarios
1229 1223 1441 1292 infrascriptos
1452 1225 1577 1295 ripoari,
1595 1229 1749 1299 nostrique
1762 1229 1858 1298 sipilti
1869 1229 1915 1297 fe·

198 1319 346 1375 maneria
359 1318 501 1386 defuncto
513 1317 612 1386 fratre
624 1318 785 1373 Guittetmo
801 1315 952 1386 quasillum
980 1313 1030 1368 ab·
1082 1311 1175 1365 cimus
1204 1315 1385 1380 appensione
1414 1316 1605 1379 communiri,
1621 1331 1751 1386 quarum
1766 1331 1858 1375 mam
1883 1321 1913 1374 in

200 1407 266 1464 bate
280 1407 453 1463 monasterti
476 1408 575 1462 saneti
600 1407 722 1461 rolloni·
739 1405 926 1468 Turonensis,
947 1403 1028 1458 oras·-
1081 1401 1197 1468 enatare
1210 1413 1299 1468 capsa
1314 1401 1461 1470 predicta
1477 1403 1666 1466 inclusimus,
1688 1409 1715 1460 u
1728 1405 1822 1462 atlon
1835 1419 1912 1475 prsi-

199 1493 246 1549 nis
260 1496 359 1550 sancti
371 1494 536 1557 Benedicti,
563 1493 643 1564 quod
656 1494 791 1563 anamais
812 1492 936 1547 ecclesio
955 1491 1029 1545 dicti
1081 1488 1155 1556 tatis
1169 1487 1272 1544 abbati
1278 1493 1305 1544 et
1318 1492 1478 1545 concutiat
1487 1492 1518 1546 in
1532 1492 1674 1548 tbesauro
1686 1495 1816 1552 ecclesia
1827 1510 1911 1565 repo-

198 1584 375 1639 monasterii
412 1583 614 1651 plurimorum
655 1582 829 1651 corporibus
844 1587 1025 1642 sanctornm,
1044 1594 1065 1648 Β
1082 1577 1211 1631 nendum
1239 1579 1571 1636 coracessimus.Datum
1593 1581 1625 1636 in
1640 1583 1910 1654 monasterioprse·

199 1673 337 1740 reliquiis
364 1675 390 1726 et
419 1673 579 1740 presentia
607 1671 749 1726 decorata
777 1670 925 1736 eaisteret,
956 1683 1028 1738 quo·
1083 1665 1162 1720 dicto
1177 1665 1225 1720 die
1239 1667 1378 1722 uicesima
1393 1669 1524 1724 secunda
1538 1669 1648 1726 mensis
1662 1672 1815 1738 tannarii,
1830 1687 1911 1744 anno

199 1770 267 1815 rum
292 1765 381 1830 utque
403 1761 532 1815 aliorum
555 1761 752 1829 pluriores-nm
783 1764 965 1820 sanctorum,
980 1759 1030 1828 qui
1082 1753 1202 1809 Domini
1216 1755 1372 1811 millesimo
1383 1756 1676 1827 qoaennooueu'mo
1688 1760 1821 1830 septimo,
1830 1775 1910 1830 prar-

199 1849 230 1903 in
261 1847 318 1903 bac
342 1853 447 1904 nostra
468 1849 588 1904 ciuitate
612 1850 811 1919 requiescunt,
826 1848 980 1916 soffraqiis
1001 1851 1029 1902 et
1081 1843 1212 1898 sentibus
1227 1850 1254 1899 et
1268 1843 1351 1900 nobis
1361 1846 1568 1904 assistentibus
1585 1849 1808 1906 uenerabilibus
1814 1853 1911 1920 patri

195 1937 345 2006 praeibas,
362 1938 470 1993 nedum
481 1939 812 2007 monosterinnipsnm,
826 1951 927 1993 oerum
940 1938 1027 1992 ctiam
1084 1933 1136 1987 bus
1149 1932 1298 2001 fratribus
1328 1935 1461 1990 Gradena
1486 1937 1807 2005 Majoris-btonasterii
1817 1955 1912 2010 prope

142 2037 145 2051 ·
199 2028 263 2081 totu
278 2026 384 2082 ciuitas
394 2028 548 2095 prosperis
564 2027 659 2096 aiqru't
683 2025 888 2081 successibus:
902 2026 968 2094 ipsa
985 2030 1029 2079 ta·
1087 2022 1228 2087 Turpiter,
1243 2023 1367 2079 lieberto
1380 2026 1479 2080 sancti
1489 2026 1766 2096 tulianipmadicti,
1779 2033 1807 2085 et
1821 2029 1910 2084 Petro

199 2127 266 2169 man
291 2128 419 2184 corpora
443 2121 470 2170 et
485 2116 620 2186 reliquia
634 2117 733 2170 minus
758 2121 927 2171 reverenter
941 2119 1028 2170 eram
1083 2109 1119 2166 de
1135 2111 1320 2168 devinetione
1333 2118 1443 2168 nosue
1458 2114 1589 2171 diocesis
1603 2115 1678 2172 dicti
1690 2117 1806 2173 ordinis
1820 2116 1910 2174 abba-

201 2202 365 2271 recandita‚
395 2209 423 2260 at
438 2205 478 2260 ais
496 2203 610 2259 debitus
626 2205 722 2261 bonor
741 2217 801 2260 non
817 2203 1026 2260 actitabatur.
1083 2199 1171 2269 tibus,
1187 2215 1223 2256 ac
1238 2203 1459 2271 circumspectis
1474 2204 1546 2259 uiris
1559 2204 1686 2260 dominis
1699 2206 1911 2263 loannedam-

198 2291 311 2348 Devota
339 2293 435 2361 iqitur
459 2297 555 2347 motus
570 2293 726 2361 affectione
740 2293 832 2348 obbas
852 2292 1028 2360 prelibatus
1080 2287 1248 2356 pideoorio,
1277 2289 1464 2346 decretorum
1483 2291 1613 2360 doctore,
1628 2301 1813 2364 preceptore
1826 2307 1911 2365 pene·

201 2381 278 2449 facil
298 2380 369 2436 dum
393 2380 507 2436 vivebat
532 2382 686 2450 sabmcam
705 2381 836 2452 quinque
859 2391 964 2447 capsas
991 2379 1027 2434 ti·
1082 2377 1779 2449 ralisanctibnloniidaTbuintnnlmania,et
1794 2389 1913 2440 aratore

198 2483 299 2540 aneas,
308 2474 436 2539 arpenta
451 2475 478 2524 et
491 2483 567 2525 auro
580 2483 598 2524 a
610 2475 699 2538 parte
712 2469 849 2524 irsteriori
859 2469 1026 2536 «laceratas,
1082 2464 1282 2520 illustrissimi
1289 2467 1438 2536 princepis
1450 2468 1565 2526 domini
1576 2469 1661 2526 ducis
1674 2471 1818 2538 nustria,
1829 2473 1913 2529 Guil-

199 2573 323 2628 sperans
335 2559 508 2628 buiusrnodi
518 2559 662 2629 reliquias
678 2557 887 2625 etcorporum
912 2556 1027 2612 eosdem
1084 2553 1175 2608 tuno
1194 2555 1235 2610 Le
1249 2556 1354 2611 Picart
1371 2555 1570 2625 thesaurario,
1584 2561 1701 2616 baanna
1725 2561 1848 2630 presciti
1861 2575 1914 2618 ar·

197 2646 299 2715 facem
314 2647 467 2703 collocari.
485 2647 581 2702 Morte
595 2649 704 2712 turiseo,
722 2646 799 2700 sicut
823 2646 945 2700 Dantino
960 2646 1027 2713 plo·
1083 2643 1259 2699 cbistsacono
1272 2647 1914 2716 emortua-ensaloonneNntottorcu'dia-

199 2737 270 2796 cuit,
285 2740 465 2804 praecentus,
479 2736 677 2805 nequivitper
692 2733 827 2802 seipsum
840 2734 1027 2802 propositum
1083 2743 1155 2785 cono
1200 2732 1373 2802 Pumnensi,
1415 2735 1540 2791 Nicolao
1574 2736 1740 2790 Pertnrelti
1772 2735 1910 2804 officiati,

199 2825 347 2894 nepotiani
358 2821 676 2892 peraperedlesideriis
689 2826 786 2877 autem
799 2822 861 2890 eius
873 2821 1027 2877 odbaran·
1091 2819 1206 2875 Victore
1222 2822 1365 2891 Huqneti,
1382 2824 1548 2881 Guitlarmo
1561 2823 1684 2879 leubert
1706 2823 1849 2878 canonico
1863 2839 1912 2878 ec-

200 2917 241 2968 les
255 2911 438 2968 aenerabiles
462 2916 489 2967 et
516 2911 649 2982 retipiosi
662 2911 774 2979 tratres·
799 2909 943 2966 Robartus
968 2926 1027 2965 nso·
1043 2947 1064 3004 C
1086 2909 1180 2964 etesia
1197 2915 1305 2966 nostras
1322 2913 1511 2983 turonensis,
1526 2928 1580 2970 nec
1591 2927 1651 2969 non
1665 2911 1774 2968 loeobo
1786 2911 1823 2968 dc
1838 2910 1912 2966 Cor·

199 3002 310 3058 danus
324 3000 426 3070 abbas,
440 3005 576 3071 tuusque
588 3005 749 3056 concentus
758 2999 832 3055 dicti
842 3001 1025 3067 montanesii,
1084 3011 1186 3068 trenay
1195 3000 1298 3068 priore
1310 3003 1472 3056 claustrali
1482 3007 1510 3057 at
1523 2999 1821 3070 infirmaria.Joanne
1830 3015 1913 3069 prn-

199 3089 313 3162 illaque
323 3093 468 3160 perticere
475 3095 679 3170 peroptantes,
696 3089 779 3143 rsobis
794 3089 896 3144 deuote
910 3090 1026 3159 suppli·
1078 3087 1170 3154 positi
1184 3087 1418 3150 eleemosinario,
1435 3088 1578 3154 raittppo
1604 3089 1761 3156 prepositi
1778 3101 1914 3145 camum

199 3184 319 3240 cerunt,
335 3184 482 3248 quatenus
497 3178 640 3247 reliquias
661 3182 688 3232 et
703 3191 830 3245 corpora
848 3183 1028 3246 praeparato
1084 3176 1140 3238 rio,
1168 3173 1285 3230 loanni
1310 3173 1486 3230 caari-enar
1512 3175 1652 3240 sacrista,
1680 3176 1847 3233 &stilumo
1868 3179 1914 3232 Du

199 3266 231 3319 in
248 3265 318 3319 locis
332 3265 373 3319 ad
388 3263 429 3330 id,
448 3269 480 3319 ut
492 3264 678 3332 praedicitur,
691 3266 870 3320 constructis
886 3279 1028 3333 reponere
1089 3263 1159 3318 Vteu
1176 3261 1378 3327 hostellarico,
1394 3263 1510 3318 launna
1531 3263 1655 3318 Guibart
1679 3271 1812 3336 cantare,
1842 3265 1913 3320 Gui-

199 3352 406 3422 diqnarernur.
429 3353 539 3406 Notum
552 3353 647 3422 ipitur
659 3353 799 3422 facimus,
815 3353 895 3424 quod
910 3367 962 3408 nos
974 3355 1028 3422 pia
1083 3351 1159 3406 done
1173 3351 1258 3420 Aupe
1273 3357 1455 3415 succentore,
1470 3352 1636 3408 Guillarmo
1649 3353 1759 3409 Boutet
1771 3354 1809 3410 de
1820 3354 1912 3418 Bono,

199 3447 268 3498 uota
278 3441 428 3512 mandam
441 3441 551 3510 fratris
563 3441 721 3497 Guitlelmi
729 3442 845 3497 abbatis
860 3443 1026 3513 munerati,
1083 3445 1111 3494 et
1125 3441 1452 3497 Micbaela·Betloneau
1467 3441 1503 3497 de
1519 3437 1913 3510 Guarcbinlacobo'dusie-

199 3531 348 3586 dictorum
363 3529 577 3585 vernabilium
600 3529 717 3586 obbatis
736 3536 763 3586 et
782 3535 944 3585 conomius
969 3545 1028 3586 rno-
1083 3529 1188 3584 rande
1208 3527 1315 3585 Castro
1344 3531 1491 3600 Itepialdi,
1521 3531 1612 3587 Petro
1638 3530 1791 3587 Aadcbert
1816 3531 1915 3588 sancti

199 3618 422 3686 dunarum‚ad
435 3619 564 3689 pieriam
579 3624 606 3674 et
625 3617 878 3689 maqnificentiam
894 3633 1028 3688 amnipo-
1083 3616 1218 3684 Antonii,
1234 3619 1352 3674 launna
1364 3619 1464 3674 Sation
1476 3620 1513 3676 de
1527 3620 1626 3686 Bueit,
1642 3620 1769 3676 lieberto
1789 3619 1914 3676 Helonis

200 3709 288 3764 tantis
298 3708 354 3764 Dei
367 3709 489 3766 summis
499 3708 884 3777 affudbusamptectentes
894 3709 1029 3765 diastole
1082 3703 1119 3760 de
1130 3706 1261 3760 Arrabitto
1272 3707 1435 3774 prioribus,
1454 3708 1620 3764 Guilterrno
1636 3709 1808 3779 delirans,
1823 3709 1916 3764 lours·

198 3798 402 3867 presentium,
419 3798 451 3853 in
464 3802 623 3866 conspectu
638 3795 887 3854 Ciritiam'ssimn
902 3799 1028 3853 dominae
1083 3807 1122 3849 ne
1135 3794 1243 3862 Fossa,
1258 3795 1349 3849 Patro
1362 3796 1624 3864 toutaindiacono‚
1638 3799 1730 3854 Petro
1744 3797 1913 3865 souraeau,

199 3886 329 3944 domina
342 3887 449 3943 Mariae
473 3887 662 3944 Frontonem
677 3888 790 3958 rapinae
805 3888 1027 3956 illustrissime,
1083 3883 1349 3951 loanneLenfanu
1362 3883 1915 3958 Aimericodelondonien-loannem

199 3981 227 4033 et
237 3976 366 4034 deminae
381 3976 571 4048 Maqdalenss
582 3977 656 4046 filisa
665 3979 730 4046 ejus
742 3978 875 4048 inclyte,
889 3991 926 4034 ac
940 3989 1027 4048 qaae-
1084 3971 1188 4038 Fonte,
1196 3972 1314 4028 launna
1326 3972 1560 4035 ermenoarae
1570 3975 1607 4032 de
1614 3977 1749 4034 Francia
1759 3982 1787 4033 et
1798 3977 1915 4032 launna

198 4079 334 4123 rosarum
342 4067 516 4136 principum
526 4067 942 4124 dmnlnarumlounnisducts
953 4067 1029 4122 Bor-
1084 4061 1120 4118 aa
1136 4062 1395 4133 rumunnense
1406 4063 1480 4119 dicti
1489 4067 1665 4122 monasterii
1677 4066 1914 4131 sanctr'lutiani

200 4154 288 4223 bonit,
299 4161 327 4212 et
338 4155 444 4212 iacobi
458 4156 573 4212 comitis
587 4155 743 4224 Marabina,
759 4157 948 4228 aliorumque
960 4157 1029 4226 ptu—
1085 4152 1592 4224 sumptoribusotttssi'csunotnm
1602 4155 1913 4223 TaenaretMapistri.

198 4245 343 4298 minorum
355 4242 511 4308 baranum,
526 4245 668 4312 militum,
683 4250 709 4300 et
723 4246 869 4300 nobilium
881 4261 1028 4314 persona·
1120 4243 1165 4296 li.
1181 4241 1227 4298 Ab
1239 4257 1275 4298 eo
1286 4245 1421 4315 tompore
1431 4244 1514 4300 nulla
1528 4244 1565 4300 de
1590 4241 1722 4314 reliquiis
1744 4243 1773 4299 S.
1799 4241 1914 4298 Orionis

198 4347 277 4396 rum,
288 4345 403 4387 necnon
418 4332 633 4388 inamabilium
646 4338 676 4388 et
690 4334 971 4402 circuinspactorum
985 4335 1027 4390 ui·
1047 4303 1069 4357 D
1086 4329 1197 4386 mentio
1210 4329 1311 4387 relicte
1321 4335 1365 4387 est
1374 4330 1753 4390 inmonumentiseoanohii
1763 4332 1916 4389 seneu'tu-

198 4435 302 4478 rorum
317 4420 594 4490 infrascriptarum,
605 4421 671 4491 ipsa
682 4435 810 4491 corpora
821 4424 1028 4494 etreliquiasa

198 4509 346 4566 minibus
372 4509 568 4581 somopbaqis
589 4511 621 4565 in
648 4523 740 4566 nonas
767 4525 882 4581 capsas,
901 4527 956 4582 per
974 4529 1027 4570 nos

194 4599 453 4670 priussecundum
467 4601 560 4656 ritum
570 4601 714 4658 Ecclesiae
726 4603 928 4671 sanctificatos
938 4609 967 4658 et
980 4603 1027 4660 ba-

114 4691 124 4706 *
198 4689 341 4753 nodulos,
354 4691 488 4761 propriis
503 4691 640 4746 manibus
656 4693 868 4748 transtulimus
882 4697 910 4748 et
924 4707 1028 4749 meon-

198 4779 296 4835 dimus
310 4781 472 4837 secundum
487 4779 622 4837 ordinem
636 4787 804 4852 sequentem
818 4797 829 4838 .·
845 4781 981 4839 uidelicet
994 4783 1027 4838 in

193 4868 297 4937 prima
323 4883 415 4939 capsa
440 4884 542 4926 uersus
567 4869 774 4927 dormitorium
790 4871 943 4942 saepedicti
965 4887 1026 4928 mo-

197 4959 324 5014 nasterii
336 4971 444 5029 corpus
454 4961 552 5015 sandi
560 4961 654 5016 Pauli
665 4959 795 5030 episcopi
806 4961 981 5033 Lacaenam
996 4963 1028 5018 in

197 5047 329 5104 secunda
340 5061 550 5118 capsacorpus
568 5049 667 5106 sancti
683 5049 807 5106 Antonii
825 5050 942 5106 abbatis
955 5051 1030 5107 dicti

197 5139 373 5196 monasterii
383 5139 606 5196 sunctiluliam'
617 5139 795 5196 turonensis
804 5153 816 5195 .·
831 5140 862 5195 in
879 5141 1030 5197 lutiam-

198 5232 254 5284 tem
282 5233 310 5286 et
333 5227 432 5286 medio
458 5233 486 5284 et
512 5229 625 5298 majori
638 5233 1026 5299 copsoportes-cnpomm.

198 5319 296 5372 sancti
309 5318 505 5376 Pantaleonis
521 5323 549 5374 et
563 5323 675 5374 sancte
692 5318 852 5384 Columba,
875 5333 937 5376 una
962 5335 1028 5375 uam

198 5403 337 5473 pluribus
351 5408 420 5463 atis's
434 5407 580 5480 reliquiis,
596 5423 723 5478 quomam
740 5409 862 5464 nornine
877 5407 960 5478 apud
973 5425 1027 5463 nos

199 5493 354 5564 incoquita
364 5497 505 5553 eristum.
518 5497 555 5552 In
569 5500 680 5569 antarta
704 5511 794 5566 capsa
810 5511 917 5567 carpus
932 5497 1031 5553 sancti

198 5583 318 5652 odone,
330 5584 431 5654 primo
443 5585 559 5643 obiada
570 5587 787 5650 otoniocensss
797 5593 823 5646 et
834 5587 941 5644 ddnde
954 5587 1029 5642 dicti

197 5674 373 5733 monasterii
381 5674 653 5733 sanctitutianiJn
664 5677 771 5749 quinta
783 5683 810 5734 et
819 5678 927 5735 ultima
935 5689 1026 5746 capsa

1085 4417 1158 4475 lieni
1170 4433 1176 4474 ι
1189 4418 1240 4475 ubi
1254 4422 1356 4476 temen
1367 4437 1401 4477 os
1420 4421 1499 4478 tibiae
1509 4424 1575 4494 ejus
1587 4426 1768 4480 asservatur.
1782 4424 1916 4479 Fortasse

1083 4507 1153 4564 inde
1162 4512 1322 4580 asportatae
1331 4511 1438 4567 suntin
1445 4511 1717 4570 insmsmaordaoi
1728 4527 1822 4585 prope
1833 4511 1916 4568 Tolo-

1084 4599 1214 4671 samteuj
1219 4615 1253 4655 us
1259 4599 1316 4656 loci
1322 4601 1459 4658 canonici
1466 4617 1517 4658 aas
1527 4618 1558 4658 se
1568 4602 1679 4660 habere
1690 4600 1865 4671 gloriantis)
1874 4599 1917 4656 in-

1084 4692 1207 4760 gruente
1215 4689 1423 4746 hereticorum
1432 4695 1616 4764 tempestate,
1624 4691 1677 4764 qui
1683 4689 1835 4746 turonicos
1847 4685 1916 4742 civi-

1084 4779 1151 4836 tatis
1166 4795 1269 4838 saerss
1287 4781 1409 4838 exuues
1425 4781 1555 4855 prolana
1565 4779 1705 4836 incendio
1718 4776 1913 4848 dissiparunt,

1083 4864 1917 4944 nouparcentessanetiMartinireliquiis,quesorbisuni-

1083 4975 1189 5016 versus
1206 4977 1326 5034 semper
1338 4961 1369 5017 in
1380 4961 1494 5017 honore
1503 4959 1661 5015 habuerat.
1677 4959 1778 5027 Neque
1792 4953 1916 5030 insuper

1083 5044 1914 5123 habendumast,quoddecerperesanatiheuriabbatis,

1084 5139 1169 5210 cujus
1181 5153 1272 5210 supra
1288 5137 1491 5204 meminimus,
1503 5137 1534 5191 in
1547 5133 1703 5207 praemisso
1716 5133 1913 5193 instrumento

1082 5227 1272 5298 legiturpum
1283 5226 1367 5284 nulla
1384 5226 1409 5298 ej
1416 5243 1449 5281 us
1464 5224 1577 5281 mentio
1597 5221 1676 5282 faeta
1687 5225 1767 5282 sitin
1778 5228 1916 5295 uonym

1083 5313 1915 5388 togioasluoanorostumqusapudsnneromtulinnum

1083 5403 1915 5477 nuperegebaturdieprimaOctobris:modoinseqnen-

1083 5499 1143 5552 tem
1158 5492 1318 5550 remissum
1332 5497 1376 5550 est
1388 5494 1427 5550 oh
1439 5493 1547 5552 testum
1562 5495 1675 5570 duplex
1685 5499 1712 5550 S.
1731 5493 1865 5564 Remigii.
1883 5495 1912 5549 S.

1089 5583 1173 5641 Pauli
1186 5585 1319 5657 episcopi
1330 5585 1488 5642 teanensis
1496 5603 1606 5660 corpus
1615 5585 1814 5643 b‘ioriaeensos
1822 5581 1916 5642 nosui

1090 5673 1308 5734 sibivindieent
1317 5677 1491 5736 auctoritate
1501 5675 1640 5746 rumoim,
1652 5673 1704 5746 qui
1713 5672 1788 5730 illud
1801 5689 1821 5731 a
1839 5671 1916 5730 usb-
