4110 6138
127 129 175 184 ιιι
537 88 539 92 ’
573 128 829 188 ιιιιιιιιιιιιιιι
855 126 1027 185 sacrator
1047 127 1185 186 eortius
1204 131 1390 190 uurrseoa.
1788 139 1844 196 ara

128 249 168 306 ab
185 250 269 306 omni
283 250 487 325 inquietudine
501 253 546 309 vel
562 252 720 310 dominatu
741 253 876 310 omnium
902 251 957 307 hc·
971 257 996 313 h
1010 250 1097 322 juxta
1111 250 1311 321 traditionem,
1327 269 1421 328 quem
1442 253 1550 310 nostris
1565 251 1786 316 dieburtenera
1798 259 1843 315 vi·

127 338 244 394 minum
270 339 474 409 absolvamus,
502 341 538 396 sit
563 357 633 398 vero
661 341 725 414 ipse
749 341 845 411 loeus,
872 342 959 412 juxta
1012 338 1131 409 dentur,
1147 341 1189 396 eis
1198 341 1298 398 vivere
1309 341 1405 399 liceat.
1414 342 1500 408 Quod
1510 341 1532 398 si
1546 342 1786 417 exorbitaverint,
1797 349 1845 420 ju·

129 428 214 499 quod
229 427 293 502 ipse
306 429 471 486 Willerrnus
484 431 540 486 sub
554 429 831 502 terribilietmagne
840 431 960 502 adjura·
1014 428 1093 486 dicio
1106 430 1168 501 Dei,
1184 429 1245 486 sive
1259 430 1371 502 regulae
1394 431 1572 504 correptioni
1595 439 1790 506 reserventur,
1815 440 1844 495 et

125 515 207 571 tione
223 517 383 586 constituit,
399 519 438 575 ad
457 519 630 592 apostolicae
647 519 710 576 sedi
722 535 777 593 per
798 523 960 576 testamen·
1012 517 1135 576 donatio
1163 521 1223 577 lieo
1247 525 1275 578 et
1291 519 1400 578 sanctis
1415 520 1480 592 ejus
1506 519 1585 578 lacta
1608 522 1780 582 nullatenus
1800 541 1844 584 re·

5 597 6 630 ;
123 607 200 671 tum,
217 605 428 674 adtuendam,
446 623 507 663 nou
523 607 562 664 ad
577 607 798 665 dominandum
815 608 958 680 subjuga·
1013 606 1177 666 scindatur.
1195 609 1281 675 Quod
1292 610 1391 668 verius
1407 613 1441 667 ut
1451 607 1598 679 credatur,
1610 610 1843 690 diligentiusque

124 693 176 759 vit,
192 693 231 750 ab
245 695 328 751 omni
342 695 474 752 saeculari
489 696 647 754 dominatu
662 702 724 756 tam
734 713 851 768 regum,
863 713 957 769 quam
1011 695 1050 753 ab
1065 697 1208 754 omnibus
1222 698 1406 770 observetur,
1431 713 1527 756 manu
1551 701 1675 771 propria
1697 702 1843 762 roboran-

5 787 8 812 ²
125 786 302 840 cunctorum
327 785 509 858 principum,
535 802 588 842 seu
615 785 857 860 propinquorum
893 786 957 857 eju·
1012 789 1065 854 tes,
1079 785 1117 842 de
1130 786 1357 844 annulonostro
1370 787 1472 846 subter
1486 786 1624 844 adnotari
1635 788 1792 860 jussimus.

125 869 210 926 sdem
224 869 380 941 Willerrni,
397 876 471 946 quin
487 877 515 929 et
530 874 667 930 omnium
691 874 851 931 hominum
875 874 957 948 peni·
1048 874 1173 945 Signum
1188 876 1296 934 Domni
1309 876 1450 934 Ludoviei
1464 875 1671 948 gloriosissimi
1681 879 1769 950 regis.

5 955 8 990 5
124 963 172 1016 tus
187 958 262 1017 liber
276 960 485 1018 etahsolutus.
508 968 540 1019 ln
566 962 671 1020 ordine
696 978 767 1020 vero
790 963 957 1021 monastico
1047 962 1196 1019 Gerendus
1211 963 1397 1021 notariusad
1411 965 1509 1022 vicem
1521 964 1634 1022 artaldi
1649 966 1784 1040 episcopi
1798 983 1842 1026 re-

5 1043 8 1082 l
123 1048 272 1121 persistat,
287 1053 315 1106 et
329 1051 496 1108 seeundum
512 1056 646 1110 tenorem
671 1053 852 1124 testamenti,
875 1052 958 1126 qnod
1012 1051 1162 1121 cognovit.

5 1135 10 1188 f·
122 1136 192 1193 inde
207 1137 285 1209 iecit,
300 1138 505 1210 administret;
535 1141 716 1198 habitatores
730 1144 831 1198 autem
855 1141 886 1197 in
909 1157 957 1198 or·
1046 1143 1152 1196 Actum
1160 1140 1191 1197 in
1204 1143 1448 1214 Quercecojuxta
1463 1143 1628 1200 [tociacum
1639 1143 1739 1202 villam
1752 1160 1844 1220 super

126 1225 197 1281 dine
224 1226 353 1297 regulari
384 1227 553 1300 degentes,
587 1229 729 1287 abbatem
761 1229 817 1286 sibi
850 1245 957 1286 secun·
1011 1227 1138 1286 fluvium
1158 1233 1334 1302 Carum,xr1
1357 1233 1420 1290 llal.
1445 1233 1501 1290 iul.
1522 1233 1625 1290 indict.
1650 1236 1692 1306 lt,
1718 1249 1798 1292 anno
1813 1239 1841 1306 4,

5 1317 9 1354 ³·
124 1313 200 1370 dum
213 1313 351 1385 regulam
364 1316 458 1372 sancti
471 1317 620 1374 Benedicti
633 1318 671 1373 de
697 1317 865 1391 semetipsis
888 1321 958 1391 post
1009 1323 1154 1389 regnante
1181 1319 1332 1378 ludovico
1357 1337 1437 1393 rege,
1453 1322 1483 1378 in
1506 1321 1556 1379 Dei
1579 1321 1701 1380 nomine
1717 1322 1843 1382 feliciter

5 1407 7 1442 1
123 1402 269 1472 odonem,
286 1403 338 1476 qui
360 1420 440 1461 nuno
465 1410 583 1478 praeest,
605 1405 726 1477 eligent.
752 1409 809 1463 lies
833 1421 956 1479 quoque
1010 1411 1116 1464 Amen.

5 1495 10 1532 ῑ
123 1503 192 1545 suas
207 1506 396 1565 communes,
411 1509 488 1567 quas
502 1494 548 1551 vel
562 1511 644 1551 nunc
658 1495 782 1565 habeut,
799 1497 851 1552 aut
865 1495 895 1550 in
911 1494 956 1551 fu·
1410 1503 1442 1557 11.

5 1587 9 1624 ἲ
123 1583 189 1636 turo
215 1581 406 1654 acquisituri3
443 1585 506 1642 sive
539 1588 641 1642 nostra
677 1584 787 1642 seilicet
819 1583 990 1677 libertate}³
1009 1585 1196 1656 Praeceptum
1212 1586 1392 1646 chounradi
1405 1589 1495 1660 regis,
1518 1589 1554 1646 de
1573 1591 1696 1648 Posidea
1710 1590 1742 1647 ιἰι
1758 1605 1841 1664 pago

5 1707 7 1714 .
123 1667 222 1739 [sor-te,
248 1669 444 1744 liberalitate],
473 1673 533 1730 sive
559 1672 762 1748 quorumlibet
786 1671 954 1744 largitione,
1322 1678 1526 1750 Lupduoensi.

5 1777 12 1804 ι,
123 1762 194 1814 sunt
219 1759 283 1816 siue
310 1761 470 1834 cujuslibet
488 1762 704 1833 dominatione,
729 1767 782 1820 aut
807 1761 955 1819 contradi·
1303 1765 1420 1839 (hnno
1446 1769 1543 1837 943.)

5 1861 7 1884 ι
121 1847 218 1906 ctione
237 1850 421 1921 possideant.
437 1855 469 1908 ln
493 1851 635 1908 nundinis
660 1851 778 1908 nubum
804 1851 955 1908 teloneum
1045 1852 1210 1910 innomine
1224 1857 1375 1912 sanctoeet
1388 1853 1552 1911 individuae
1561 1855 1841 1928 Trinitatischoun-

5 1979 9 1989 .
121 1937 250 1995 solvent.
265 1939 406 1997 Homines
422 1957 526 1998 corum
545 1941 655 1999 liberos
679 1957 714 2000 ae
738 1957 840 2000 servos
863 1957 955 1998 nemo
1008 1938 1100 1997 radus
1123 1945 1198 1999 nutu
1227 1943 1441 2017 omnipotentis
1470 1943 1521 2001 Dei
1541 1945 1752 2002 serenissimus
1776 1961 1839 2004 rex.

5 2041 14 2080 ι
120 2025 186 2082 sine
198 2026 334 2100 ipsorum
350 2028 504 2086 voluntate
528 2030 697 2102 distringat,
724 2030 860 2088 Decimae
884 2046 955 2087 suas
1009 2030 1153 2087 isonrenit
1161 2047 1411 2107 unumquemque
1424 2037 1559 2090 nostrum
1572 2034 1707 2090 Ecclesiae
1721 2034 1772 2092 Dei
1783 2051 1840 2109 pro

8 2143 13 2166 5
120 2112 352 2173 indominicatas
385 2117 425 2174 ad
453 2118 600 2192 hospitale
628 2118 771 2176 babeant.
805 2117 953 2176 Ecclesiae
1007 2132 1049 2186 se,
1065 2119 1187 2192 suisque
1201 2121 1343 2178 omuibus
1355 2124 1415 2178 lieo
1424 2121 1528 2178 fideles
1543 2122 1707 2180 sublimare
1719 2139 1754 2180 ac
1770 2124 1840 2180 sub·

5 2255 7 2260 .
120 2217 194 2258 vero
208 2219 290 2276 suas,
305 2222 376 2262 cum
394 2206 536 2263 omnibus
551 2207 613 2263 suis
634 2205 772 2278 decimis,
800 2208 877 2264 siout
901 2223 955 2281 per
1006 2207 1117 2274 venire,
1145 2213 1295 2282 quatenus
1322 2210 1440 2267 noverit
1463 2211 1600 2268 omnium
1624 2211 1759 2269 fidebam
1782 2227 1839 2268 no·

118 2289 310 2362 privilegium
336 2295 520 2364 Romanum,
546 2300 575 2353 et
589 2311 642 2370 per
668 2295 778 2369 scripta
799 2297 954 2370 episcopo·
1007 2297 1138 2352 atrorum
1152 2297 1299 2354 memorie
1308 2299 1502 2370 praesentium
1519 2314 1555 2356 ac
1567 2299 1746 2356 futurorum.
1761 2301 1839 2367 Qua·

8 2401 14 2440 :
117 2393 187 2434 rum
213 2381 425 2454 acquisierunt,
446 2387 567 2440 uncant
590 2389 618 2440 et
640 2384 823 2458 pessideant.
853 2387 953 2443 Cortes
1005 2381 1070 2440 liter
1085 2384 1171 2458 Hugo
1186 2403 1287 2444 comes
1303 2388 1548 2459 consanguineus
1571 2392 1673 2445 noster
1696 2387 1770 2446 adiit
1791 2403 1839 2447 re-

5 2499 15 2532 ³.
118 2482 190 2524 vero
204 2484 282 2542 quas
294 2485 348 2542 per
362 2475 512 2545 praecepta
526 2476 749 2530 antecessorum
768 2477 951 2546 nostrorum,
1006 2471 1088 2541 giam
1100 2473 1340 2546 magnitudinem
1356 2479 1500 2544 nostram,
1517 2479 1550 2533 ut
1563 2475 1621 2532 hoe
1640 2475 1725 2550 quod
1748 2475 1837 2533 nobis

5 2585 8 2623 ι
120 2555 183 2614 sive
198 2557 326 2616 aliorum
340 2575 447 2632 regum
466 2561 677 2636 acquisierunt,
693 2562 885 2620 inconvulsas
909 2567 951 2619 te·
1004 2559 1111 2630 reddit,
1126 2561 1262 2620 videlicet
1276 2562 1454 2620 thosiacum
1468 2563 1569 2620 villam
1581 2564 1704 2637 inpage
1720 2565 1838 2636 Lugdu-

5 2675 15 2712 ι,
118 2651 211 2702 neent
225 2663 260 2704 ac
272 2649 455 2722 possideant.
473 2650 670 2708 Nominantur
684 2655 786 2709 autem
798 2652 873 2725 ipsae
889 2667 951 2708 cor·
1004 2648 1100 2716 nensi,
1116 2653 1144 2706 et
1158 2650 1307 2724 quidquid
1322 2651 1362 2708 ad
1375 2653 1454 2708 hanc
1479 2651 1609 2723 legitime
1624 2651 1771 2724 pertinere
1796 2653 1838 2710 vi-

5 2769 8 2804 ,
118 2737 163 2790 tes
186 2735 218 2790 in
239 2737 445 2796 ltafisconensi
468 2753 549 2813 pago
571 2739 767 2796 salustriacus
793 2742 823 2796 et
848 2740 950 2798 Chavi·
1004 2736 1099 2806 detur,
1118 2742 1220 2808 terres,
1233 2740 1347 2809 vineas,
1362 2745 1460 2814 prata,
1485 2740 1585 2810 silvas,
1606 2756 1716 2814 aquas,
1741 2758 1836 2815 aqna-

5 2856 15 2896 ι
117 2823 195 2888 nias,
222 2829 251 2882 et
266 2826 351 2883 tertia
377 2843 448 2900 pars
471 2827 604 2900 piscinae,
629 2827 677 2885 oui
697 2826 881 2885 vocabulum
905 2833 949 2886 est
1003 2841 1131 2900 rumque
1143 2827 1297 2900 decursus,
1309 2829 1494 2903 piscatoriae,
1511 2845 1617 2886 omnes
1633 2846 1733 2887 servos
1746 2832 1837 2888 utriu-

117 2913 187 2983 Osa,
203 2929 273 2970 cum
295 2916 410 2972 mansis
433 2920 462 2972 et
476 2915 675 2990 piscatoribus
700 2915 739 2974 ed
762 2915 860 2990 ipsam
881 2931 948 2988 per·
1003 2931 1077 2988 sque
1090 2933 1189 2987 sexus,
1205 2933 1260 2991 pro
1271 2922 1375 2975 nostro
1389 2919 1505 2976 seniore
1516 2917 1603 2974 bonae
1614 2919 1768 2976 memoriae
1781 2922 1836 2976 Ro·

116 3005 177 3058 tem
191 3003 419 3076 pertinentibus.
437 3007 470 3060 Et
483 3005 515 3061 in
530 2999 723 3076 lugdunensi
733 3019 813 3078 pago
825 2979 983 3062 cambo-⁶
1002 3004 1085 3062 dulio
1099 3021 1179 3078 rege,
1196 3010 1225 3064 et
1238 3007 1372 3064 remedio
1388 3007 1496 3064 animae
1512 3007 1670 3064 nostraead
1685 3013 1835 3065 monaste·

115 3091 215 3149 riaous
228 3097 256 3149 et
271 3093 477 3164 savigniacus,
493 3110 531 3151 ex
543 3099 628 3169 parte
643 3093 776 3166 lingonis
791 3109 827 3152 ac
842 3095 947 3151 lotha·
1001 3093 1080 3150 rium
1095 3094 1281 3168 Cluniacum,
1295 3095 1379 3168 quod
1392 3101 1436 3153 est
1450 3100 1654 3153 constructum
1673 3096 1704 3152 in
1719 3097 1833 3154 honore

5 3205 15 3221 ν
114 3179 278 3251 riiregum.
304 3183 375 3238 item
390 3181 421 3239 in
443 3183 550 3240 eodem
576 3198 656 3256 pago
675 3181 828 3253 amberta,
853 3197 947 3256 quam
1001 3179 1159 3240 beatorum
1167 3182 1245 3240 Petri
1253 3183 1370 3241 etPauli
1378 3183 1781 3258 apostolorum,praeoeptum
1789 3201 1833 3242 se·

117 3267 287 3326 Bernardus
300 3286 319 3327 e
333 3270 485 3328 ludovico
498 3272 690 3345 imperatore,
700 3287 754 3345 per
763 3276 947 3346 praeceptum
1002 3269 1136 3328 cundum
1146 3287 1263 3328 morem
1273 3272 1390 3343 regium
1405 3273 1649 3342 concederemus;
1661 3273 1744 3346 quod
1754 3277 1783 3330 et
1792 3272 1833 3331 te-

115 3356 399 3430 ecquisivit.Praedia
408 3359 604 3416 nihilominus
616 3375 670 3416 scu
680 3359 896 3434 possesiones,
903 3365 947 3417 at·
1001 3357 1108 3415 cimus.
1124 3359 1267 3417 Volumus
1280 3375 1424 3434 namque,
1438 3376 1474 3418 ae
1487 3359 1612 3418 firmiter
1631 3360 1832 3432 decernimus,

114 3462 175 3519 que
201 3445 291 3504 aloda
314 3449 381 3520 qdas
402 3448 544 3522 praedicto
567 3450 752 3507 monasterio
778 3465 797 3508 a
821 3449 948 3507 diversis
1001 3451 1034 3504 ut
1048 3464 1138 3522 super
1149 3449 1278 3506 insertus
1296 3449 1380 3506 locus
1393 3465 1516 3506 omnem
1529 3449 1663 3508 obtineat
1685 3451 1831 3522 vigorem,

113 3535 263 3608 personis,
293 3536 459 3611 Christique
491 3536 642 3612 fidelibus,
671 3537 733 3595 suis
760 3538 947 3613 temporibus
1001 3540 1030 3594 et
1043 3537 1192 3613 quidquid
1216 3538 1264 3594 hic
1288 3539 1434 3612 aspexerit
1454 3538 1494 3597 ad
1518 3555 1608 3614 super
1632 3545 1832 3599 memoratam

113 3625 287 3683 condonata
304 3631 383 3698 sunt,
399 3627 430 3684 in
440 3627 673 3702 quibuscunque
695 3628 782 3702 pagis
797 3629 844 3686 vel
870 3629 947 3688 vica-
1000 3625 1111 3695 viltam,
1127 3643 1198 3684 cum
1211 3627 1353 3685 omnibus
1368 3627 1430 3684 suis
1444 3628 1631 3701 adjacentiis,
1646 3633 1673 3686 et
1685 3629 1830 3703 appendi·

111 3714 165 3770 riis
189 3715 382 3782 constiterint,
405 3733 474 3774 eum
505 3717 647 3774 omnibus
670 3718 732 3774 suis
760 3718 946 3792 appendiciis
1000 3714 1235 3788 ciisquresitum,
1250 3719 1279 3773 et
1293 3716 1524 3790 acquirendum,
1545 3721 1640 3773 totum
1655 3721 1684 3774 et
1697 3717 1736 3773 ad
1760 3718 1832 3775 inte·

107 3803 178 3876 jure
200 3821 256 3862 suo
280 3805 491 3879 perpetualiter
515 3805 677 3863 vindicent.
704 3807 745 3862 De
771 3805 863 3876 silvis,
893 3805 947 3864 ubi
1000 3817 1098 3872 grum,
1113 3803 1177 3860 sine
1190 3802 1252 3859 ulio
1264 3803 1427 3860 obsistente
1442 3807 1471 3860 et
1484 3803 1715 3860 contradicente.
1729 3806 1764 3861 Ut
1778 3821 1831 3863 au·

108 3897 230 3967 partem
243 3894 367 3966 habent,
382 3900 411 3952 et
424 3895 519 3966 terris,
534 3894 648 3966 nullus,
661 3894 719 3952 nisi
732 3910 787 3968 per
808 3895 946 3968 ipsorum
1000 3895 1059 3948 tem
1073 3891 1131 3948 hoc
1145 3894 1283 3948 nostrum
1298 3895 1483 3966 praeceptum
1504 3891 1544 3948 ab
1568 3892 1710 3948 omnibus
1730 3892 1831 3950 obser·

106 3980 297 4040 voluntatem
312 3982 484 4040 terraticum
509 3982 645 4057 accipiat.
673 3981 846 4042 Secundum
870 3999 944 4040 sane
997 3984 1093 4050 vetur,
1110 3984 1138 4037 et
1152 3995 1171 4037 e
1184 3980 1305 4038 nemine
1331 3996 1467 4054 unquam
1487 3979 1623 4053 violetur,
1647 3996 1742 4038 manu
1762 3997 1831 4054 pro·

6 4109 7 4112 =
106 4072 437 4132 excommunicationes
463 4071 709 4146 apostolicorum,
734 4088 802 4146 quae
826 4072 944 4147 privile·
997 4070 1065 4143 pria
1077 4069 1277 4140 firmavimus,
1298 4074 1326 4127 et
1347 4069 1385 4126 de
1406 4069 1502 4142 sigillo
1525 4074 1630 4126 nostro
1649 4069 1829 4129 confirmare

107 4161 168 4232 giis
192 4160 311 4218 insertae
338 4167 417 4231 sunt,
446 4165 475 4219 et
498 4161 666 4219 secundum
694 4163 943 4220 contestationem
995 4159 1153 4233 jussimus.

106 4265 205 4324 quam
215 4251 727 4325 praefatusWillermusimpreoatus
737 4254 858 4310 estNos
869 4269 943 4327 quo-
1035 4249 1161 4320 Signum
1174 4248 1281 4306 Domni
1296 4248 1469 4307 chounradi
1482 4249 1608 4324 piissimi
1622 4248 1710 4322 regis.

107 4357 173 4416 quo
184 4343 216 4399 in
231 4341 468 4401 christinomine
483 4341 677 4416 precipimus
688 4345 717 4400 et
727 4346 939 4414 contestamur,
956 4334 980 4390 D
1034 4340 1110 4396 Data
1123 4355 1186 4396 ιιιιι
1192 4338 1258 4396 Kal.
1268 4338 1344 4412 usti,
1353 4339 1483 4398 anuoab
1493 4339 1700 4398 incarnatione
1711 4339 1830 4398 Domini

108 4433 144 4486 ut
158 4445 317 4503 nunquam
332 4429 422 4488 elicui
437 4428 619 4496 mortalium,
637 4427 701 4500 regi
714 4427 859 4499 videlicet,
881 4429 942 4504 epi·
997 4427 1091 4485 nostri
1104 4429 1173 4484 iesu
1187 4426 1294 4486 Christi
1317 4431 1380 4498 ata,
1408 4444 1489 4486 anno
1505 4468 1658 4486 ......
1671 4431 1827 4500 ‘regnante

108 4534 216 4593 scopo,
228 4519 277 4577 val
290 4518 392 4577 comiti
411 4517 547 4592 quolibet
569 4520 659 4591 pacto
685 4516 871 4590 subjiciatur,
887 4517 942 4576 sed
997 4517 1112 4574 domno
1122 4516 1302 4575 chounrado
1312 4532 1382 4589 rege
1389 4516 1450 4574 fibo
1458 4516 1711 4575 Rodulfileliciter.
1721 4514 1825 4574 Amen.

919 4745 1014 4866 IV.

624 4937 925 5039 nonanto
968 4937 1313 5034 nauscam

764 5103 890 5150 contris
911 5103 1163 5154 Minacouuusre

677 5207 884 5276 Monostcric
909 5207 1124 5279 alchiacensi
1145 5209 1253 5292 saeta.

391 5313 583 5387 (Bibliotheca
596 5310 775 5381 sebusiana,
791 5327 823 5384 p.
841 5314 901 5382 toa,
926 5327 962 5369 ex
974 5312 1153 5371 chartulario
1168 5311 1299 5369 ecclesis
1315 5309 1541 5376 Cluniacensis.)

148 5495 351 5552 sacrosancto
361 5490 944 5564 ecclesiaeinhonorebeatornmaposto-
997 5491 1028 5548 in
1038 5491 1109 5548 villa
1121 5490 1273 5560 Cluniaco,
1285 5485 1531 5565 quemdominus
1544 5481 1608 5540 0do
1622 5483 1718 5540 abbas
1730 5483 1771 5540 ad
1782 5499 1813 5539 re

109 5585 211 5643 lorum
225 5581 301 5639 Petri
309 5586 340 5727 gt
351 5579 436 5637 Pauli
450 5579 593 5650 tundata,
606 5579 637 5637 in
647 5594 728 5654 pago
738 5578 945 5637 Matisconensi
998 5580 1130 5651 gendum
1144 5580 1254 5638 habere
1266 5579 1393 5636 videtur.
1406 5578 1467 5646 Ego
1484 5571 1653 5718 teotaqus
1667 5571 1716 5629 Dei
1729 5571 1824 5642 gratia

330 5685 432 5728 araon.
452 5667 584 5727 Cllilllll.
