4104 6162
270 109 321 161 cn
801 95 830 153 s..
852 85 980 153 oecals
1002 85 1150 148 reeens
1168 89 1417 157 cauarscessrs
1438 101 1459 156 ιι
1795 67 1800 74 ’
1880 123 1917 177 ,q

230 219 236 229 '
268 225 345 282 riam
360 221 456 291 docet,
469 219 521 294 qui
537 233 607 276 cum
622 219 660 276 de
686 217 835 291 justorum
865 213 1025 274 afflictione
1052 215 1095 272 lo·
1110 215 1133 268 Α
1149 233 1215 279 sarr,
1229 219 1284 292 29).
1300 225 1332 279 Et
1344 223 1498 280 dieamus:
1511 227 1627 282 Bonam
1634 225 1707 285 milri
1717 231 1781 300 poia
1791 231 1921 296 temetipsa

267 316 415 387 queretur,
429 305 594 381 subiunxit,
609 307 712 365 dicens
729 323 735 363 :
750 308 785 364 Si
798 307 864 379 quis
878 311 1009 364 oestrum
1019 305 1095 362 indi·
1148 321 1194 362 me
1210 309 1302 376 (Psoi.
1317 327 1412 380 crvrrr,
1428 317 1483 382 ii).
1501 319 1573 371 Nam
1590 315 1615 370 si
1626 317 1742 388 aequitas
1751 319 1839 390 judicii
1851 329 1922 384 consi-

264 409 313 476 pet
325 401 482 472 sapientia,
496 399 627 470 postulet
642 399 732 456 uDeo
744 397 819 466 (lac.
834 411 854 454 ι.
872 398 910 466 ὅ).
937 394 1012 468 Ergo
1032 408 1095 450 ma·
1148 395 1276 469 deretur,
1293 403 1491 460 murmuratio
1506 403 1640 472 cessabit,
1655 405 1704 477 qui
1721 405 1799 464 vaide
1810 411 1922 482 injustam

264 507 325 562 gna
335 489 481 565 sapientia
490 493 533 545 est
543 489 623 544 haec
632 483 1095 560 dispensationeminteligereet
1149 486 1201 557 est,
1214 490 1246 542 ut
1260 503 1327 545 reus
1336 491 1470 561 jndicem
1482 491 1606 563 incuset,
1618 493 1851 564 cumdignatactis
1861 519 1924 574 aquo

263 584 385 638 econtra
399 575 567 653 periculose
582 575 704 634 stultitia
718 575 841 632 nescire.
859 574 941 632 Unde
963 578 991 630 et
1018 587 1094 630 uxor
1148 575 1300 647 receperit.
1330 583 1387 635 Nos
1416 581 1505 651 enim,
1521 585 1553 636 ut
1579 579 1664 638 beato
1687 581 1741 639 iob
1761 583 1922 659 improbatur,

262 670 342 727 beati
355 669 410 726 tob
424 681 493 741 quar
506 666 532 724 ei
544 681 700 723 excessum
715 663 961 721 murmurationis
988 659 1093 718 suade
1149 663 1277 721 miiitum
1291 667 1417 724 minima
1431 669 1578 740 exigimur
1591 681 1680 744 quam
1691 667 1925 749 mereteriuiqultas

261 761 324 828 bat,
341 755 430 832 quasi
442 771 504 813 una
518 755 555 812 de
568 754 663 812 stultis
673 753 848 811 mulieribus
863 753 961 810 locuta
973 767 1036 808 esse
1046 767 1091 807 rea
1147 757 1261 809 nostra.
1279 755 1364 820 erod
1379 762 1407 813 et
1433 757 1508 830 ipse,
1522 753 1660 831 quemvis
1674 775 1721 815 ore
1728 759 1825 831 judicis
1838 767 1925 822 incom-

262 849 430 920 darguitur,
445 849 474 903 et
487 843 555 901 liliis
570 843 670 914 israel,
685 845 738 918 qui
767 843 824 900 sub
852 839 1092 899 tribulationibus
1146 841 1319 914 parabiiiter
1335 843 1474 903 iesrdatus
1490 845 1535 916 sii,
1549 846 1586 902 dc
1597 863 1627 904 se
1642 847 1751 916 latetur,
1761 847 1926 910 discentiae

262 938 294 994 in
307 935 424 993 deserto
444 931 685 1007 querelabantur.
716 933 830 1004 Moyses
855 929 948 987 dicit:
977 929 1093 1000 Popate
1147 933 1311 1001 enpieoerit
1326 935 1356 990 in
1371 949 1417 992 me
1437 937 1618 993 ostentarem
1638 951 1728 1005 errem,
1749 939 1836 996 adira
1854 943 1927 998 melta

261 1028 355 1084 stalle
370 1031 396 1082 ct
406 1024 549 1094 insipiens
564 1023 661 1090 (Dent.
679 1037 766 1088 ιιιιιιιι,
778 1021 815 1094 a).
826 1016 991 1076 Concilium
1004 1017 1091 1092 quip-
1146 1019 1210 1076 alia
1234 1029 1344 1090 presto
1366 1029 1436 1080 sient
1461 1025 1489 1081 ei
1503 1023 1567 1096 (lob
1580 1037 1658 1092 xxur,
1672 1025 1723 1097 ti).
1737 1029 1774 1081 ec
1789 1025 1810 1081 si
1831 1025 1926 1084 diceret:

260 1131 299 1190 pe
314 1115 375 1184 Ilei,
391 1117 434 1172 est
451 1113 558 1170 electos
569 1127 640 1169 suos
655 1125 709 1185 per
718 1103 898 1184 temporales
918 1105 1092 1166 afflictiones
1147 1110 1219 1164 Cum
1235 1107 1359 1167 sublatis
1374 1109 1515 1168 omuibus
1534 1115 1595 1169 tam
1609 1111 1696 1169 rebus
1706 1113 1865 1186 quamiilils,
1876 1131 1927 1171 cum

261 1203 454 1261 adaeternum
464 1195 651 1271 refrigerium
663 1197 863 1256 introducere.
879 1199 989 1270 Deque
999 1195 1092 1268 Apes·
1146 1199 1175 1251 et
1187 1204 1366 1270 consumpta
1383 1199 1537 1256 vermibus
1554 1215 1653 1268 caree,
1668 1212 1715 1257 me
1726 1213 1813 1274 usquc
1826 1203 1857 1258 ad
1871 1207 1925 1259 ster-

259 1291 337 1350 tolus
352 1289 420 1348 dicit
438 1308 444 1345 :
459 1285 867 1358 Nonenimsaiterfepiqnin
877 1285 1090 1342 annuntiarem
1146 1283 1305 1356 quiiieium
1320 1285 1530 1360 humiliaverit,
1547 1287 1647 1345 adbuc
1666 1290 1755 1346 multa
1768 1290 1847 1346 ieme
1861 1291 1928 1347 corri-

259 1382 416 1439 consitiom
431 1378 486 1436 Dei
500 1377 580 1435 notis
593 1375 669 1448 (Act.
682 1390 731 1447 xx,
745 1373 799 1446 27).
818 1375 872 1430 Pro
901 1389 973 1446 quc,
989 1367 1091 1428 videli-
1147 1373 1246 1443 geeda
1256 1373 1338 1431 visus
1347 1376 1411 1448 ejus
1419 1374 1625 1450 deprehendit,
1637 1393 1689 1452 pro
1700 1377 1928 1453 quibussiparcen

258 1467 441 1528 cetcoesilio
460 1463 691 1534 manifestando,
721 1468 812 1536 eaput
839 1467 974 1520 nostrum
1002 1475 1089 1534 opor·
1147 1463 1248 1534 nollet,
1268 1463 1346 1536 juste
1369 1467 1550 1523 termentum
1579 1480 1756 1538 exaggerare
1777 1471 1871 1540 posset.
1890 1465 1929 1533 oui

257 1558 314 1614 tuit
327 1556 399 1630 pati,
414 1553 492 1611 etita
506 1553 615 1610 intrare
627 1552 658 1608 in
673 1551 799 1622 gloriam
815 1561 912 1618 suam,
934 1553 966 1605 ut
993 1553 1088 1604 osten·
1107 1561 1130 1616 Β
1146 1553 1235 1609 etiam
1249 1559 1411 1626 postquam
1430 1555 1511 1613 tanta
1531 1571 1566 1614 ac
1589 1555 1658 1614 talia
1682 1557 1815 1630 patienter
1830 1553 1927 1630 pertulit,

258 1645 351 1716 deret,
367 1643 452 1718 quod
464 1641 567 1700 omnia
579 1641 718 1698 membra
732 1639 869 1711 ejusdem
881 1639 986 1712 capitis
998 1651 1087 1712 opor·
1144 1657 1212 1714 qum
1227 1641 1330 1724 ompia
1347 1644 1456 1700 secula
1468 1646 1654 1718 stupescunt,
1663 1653 1840 1720 nequaquam
1850 1642 1929 1701 devic-

258 1735 341 1800 teret,
358 1733 390 1790 ut
404 1731 549 1805 scriptum
564 1734 617 1800 est,
633 1745 688 1803 per
699 1729 808 1786 multus
823 1725 1027 1784 tribulationes
1042 1725 1087 1783 ie·
1144 1731 1219 1787 toria
1233 1729 1385 1802 gloriatur,
1403 1734 1457 1788 sed
1480 1728 1565 1790 dicit:
1582 1737 1650 1806 lpse
1668 1747 1712 1791 me
1734 1733 1899 1805 reprehendo,
1911 1737 1929 1788 et

258 1827 336 1880 trare
348 1821 527 1892 teregnum.
545 1816 591 1875 Ad
604 1819 661 1875 hoc
677 1813 949 1888 consiliumidest,
962 1816 1088 1874 adhaec
1144 1833 1201 1890 opo
1219 1822 1427 1890 penitentiam
1448 1821 1514 1894 (iob
1537 1835 1607 1893 sarr,
1623 1823 1660 1896 6).
1684 1821 1712 1880 Si
1735 1823 1826 1878 annm
1845 1819 1929 1876 miseri-

258 1907 514 1984 dispeesationem
528 1903 753 1974 insinuandam,
777 1917 839 1978 qua
865 1919 989 1961 necesse
1013 1907 1090 1962 esta
1144 1907 1247 1964 cordia
1261 1921 1383 1982 quoque
1399 1910 1612 1983 perpendatur,
1632 1927 1694 1984 qua
1716 1909 1851 1981 benignus
1862 1908 1929 1981 juia

257 2004 392 2074 tempore
408 1993 599 2070 baptismatis
615 2009 712 2068 usqae
725 1991 765 2050 ad
777 1991 870 2050 ssnem
883 1993 913 2049 in
942 1989 1088 2064 angustiis
1143 2009 1197 2069 per
1207 1997 1386 2070 temporales
1397 1999 1552 2068 augustias
1566 2012 1634 2056 reos
1647 2012 1716 2056 suos
1729 1999 1766 2056 ab
1780 2003 1875 2054 etum
1885 2009 1929 2052 rer·

256 2089 407 2160 strumae,
422 2085 474 2143 iiiii
489 2085 579 2143 lsrael
593 2081 676 2141 dilati
691 2085 771 2152 suet,
782 2085 813 2140 ut
824 2097 884 2140 eon
900 2081 999 2140 statim
1009 2088 1088 2139 tran·
1143 2083 1214 2141 bere
1239 2085 1408 2150 abscondit,
1423 2097 1483 2143 uon
1499 2087 1675 2159 putabimus
1690 2099 1743 2144 eos
1755 2085 1896 2152 detebctm,
1908 2087 1928 2140 ui

257 2177 313 2236 sito
326 2175 403 2234 mari
418 2177 519 2234 Rubro
532 2179 640 2232 terram
664 2171 907 2246 repromissionis
933 2173 1087 2231 intrarent.
1144 2169 1269 2245 quidam
1284 2173 1381 2230 iacere
1399 2174 1550 2245 solantia
1567 2175 1718 2250 prosperis
1737 2173 1849 2248 quidem
1863 2171 1930 2226 beau

257 2265 312 2324 sed
327 2282 380 2341 per
395 2263 596 2340 quadraginta
619 2279 716 2320 annos
743 2263 774 2318 in
803 2277 903 2318 eremo
929 2259 1087 2328 demorati,
1142 2260 1363 2327 benedicentes,
1384 2263 1471 2334 juxta
1494 2261 1582 2321 iliud:
1607 2264 1799 2335 Confitebitur
1819 2261 1865 2319 titi
1884 2273 1930 2316 cun

255 2351 408 2414 nonnullis
423 2355 493 2411 sunt
507 2351 718 2410 afflictionibus
729 2349 839 2407 afflicti.
856 2349 911 2416 Qui
925 2353 1026 2406 tamen
1040 2365 1087 2406 su·
1144 2351 1313 2422 denefireris
1325 2352 1354 2408 ei
1368 2353 1462 2418 (Psoi.
1477 2365 1576 2423 xerse,
1594 2353 1655 2426 itt);
1671 2352 1721 2409 sed
1734 2347 1887 2409 inadversis
1898 2343 1932 2401 de

255 2441 954 2519 permanea,qu0dadmensuramgomorper
968 2441 1087 2512 Moysen
1142 2439 1275 2496 ficientes
1297 2440 1383 2512 juxta
1408 2440 1499 2496 iliud:
1529 2443 1566 2498 ln
1589 2444 1717 2500 miseriis
1742 2453 1797 2498 non
1820 2439 1931 2495 sustineat

257 2531 574 2607 acciperejussisuet‚
591 2531 774 2586 nauseantes
803 2527 1044 2597 murmurabant,
1060 2533 1089 2584 et
1144 2529 1450 2602 (Psat.csxx1x‚tt).
1478 2531 1524 2586 Et:
1552 2531 1601 2587 Vn
1627 2527 1932 2604 nisqeipcrdictcmnt
1990 2543 1991 2546 ¹

257 2622 295 2679 de
310 2620 366 2679 bae
382 2619 607 2696 dispensatione
628 2617 703 2674 nihil
730 2617 927 2688 intelligentes
956 2621 1008 2674 aut
1035 2631 1086 2674 cu-
1141 2619 1457 2690 sastinentiomilicrl.
1482 2631 1511 2688 ιι,
1531 2621 1585 2692 lo).
1601 2621 1661 2678 Sed
1685 2619 1779 2692 magis
1796 2614 1931 2675 amabimus
1990 2619 1991 2688 ᾗ

257 2713 368 2780 rantes,
379 2706 453 2766 obes
465 2707 601 2766 carnium
615 2705 836 2778 desiderabant.
852 2705 1041 2780 Quapropter
1056 2711 1088 2763 ut
1140 2705 1283 2779 judicem,
1300 2707 1352 2780 qui
1366 2706 1478 2764 idcirco
1503 2717 1571 2764 reus
1597 2723 1672 2767 suos
1693 2705 1851 2766 uaesitodu
1865 2713 1932 2777 pom
1990 2699 1991 2738 ι

258 2800 350 2856 decis
366 2799 482 2868 dicitur,
498 2813 561 2854 non
575 2793 783 2853 intellexerunt
797 2793 949 2852 mirabilia
964 2795 1025 2867 iJei,
1035 2793 1087 2852 scd
1142 2797 1230 2870 quasi
1244 2798 1335 2868 virgis
1349 2798 1490 2868 flagellat,
1507 2801 1541 2855 ut
1555 2813 1606 2856 eos
1621 2814 1641 2857 a
1657 2801 1789 2871 gehenne
1802 2795 1843 2853 vei
1860 2805 1932 2850 esur·

257 2891 315 2949 cito
330 2888 619 2960 deiecerunt,eteoe
630 2883 1085 2957 sustinueruntconsiliumejus.
1106 2885 1253 2962 opendio
1268 2885 1419 2942 furcarum
1446 2886 1593 2943 absolvat.
1618 2890 1655 2946 Ut
1669 2888 1747 2945 enim
1768 2881 1932 2959 supradictum

258 2979 334 3048 Quia
348 2973 565 3052 veroproedicti
587 2973 713 3047 exempli
737 2985 801 3030 sese
816 2971 934 3029 occasio
949 2969 1086 3046 praebuit,
1142 2979 1197 3046 est,
1213 2977 1296 3031 tanto
1311 2973 1471 3049 patientius
1484 2985 1563 3044 aeger
1577 2975 1791 3034 ferramentum
1804 2967 1894 3030 medici
1904 2971 1933 3022 to
1990 3029 1991 3070 1

257 3063 384 3142 quodie
406 3063 508 3121 animo
528 3062 618 3136 serpit
639 3061 671 3117 ie
692 3075 798 3117 vocem
820 3073 925 3116 rtrrsus
947 3059 1086 3132 erumpit,
1140 3063 1223 3131 ierat,
1239 3069 1352 3136 quanto
1366 3061 1525 3137 putridum
1541 3076 1607 3121 esse
1624 3062 1769 3139 conspicit
1781 3060 1853 3136 quod
1865 3055 1931 3116 secut
1990 3075 1991 3078 ¹

256 3155 392 3212 videlicet
406 3153 444 3210 de
457 3149 546 3208 nobis
556 3147 671 3207 miseris
686 3147 854 3220 monachis,
863 3148 910 3205 vel
924 3148 1024 3222 potius
1037 3148 1087 3206 Sa·
1142 3157 1170 3209 et
1183 3157 1332 3227 quantum
1346 3153 1511 3226 peripsam
1524 3154 1690 3212 sectionem
1705 3153 1804 3212 saluas
1817 3143 1932 3208 medelae

257 3241 450 3315 sabaitis,qui
465 3239 594 3296 infrenes
609 3237 649 3295 ad
659 3251 748 3294 omne
763 3235 908 3308 regularis
921 3235 1088 3311 disciplinae
1143 3245 1251 3315 sperat.
1268 3243 1344 3298 Deus
1357 3242 1469 3316 quippe
1478 3242 1612 3300 internus
1620 3243 1813 3311 estmedicus,
1823 3244 1932 3310 etpccca·

255 3333 364 3405 J'ugum
403 3327 634 3386 recalcitramus·
660 3329 728 3394 NOS,
765 3325 901 3398 inquam,
932 3325 969 3382 de
996 3325 1088 3398 hujus
1143 3329 1522 3401 torumanobiscoutagie
1537 3337 1628 3400 secat,
1644 3349 1713 3408 quse
1726 3317 1933 3389 messeeedutt'r

258 3417 365 3477 mundi
388 3419 514 3490 AEsreto
527 3429 581 3488 pa·
594 3413 763 3488 professam
785 3409 959 3483 relisionem
978 3413 1087 3482 educti,
1142 3419 1351 3493 tusreprobst.
1368 3419 1594 3478 reseruemus
1609 3419 1855 3494 peccauerim
1868 3411 1932 3470 uuu-

257 3523 312 3582 per
323 3503 454 3563 stadium
472 3499 707 3578 praesentisvitae
720 3499 807 3575 quasi
823 3515 876 3574 per
887 3502 1088 3558 eremumsub
1142 3503 1272 3575 lationis,
1289 3512 1317 3566 et
1339 3521 1400 3582 quo
1426 3519 1517 3565 voces
1532 3509 1604 3581 regri
1624 3503 1934 3572 contradicendam

258 3593 486 3655 mortificatione
502 3591 598 3650 crucis
610 3593 799 3649 excurrentes
819 3590 859 3647 ad
872 3603 1009 3664 superne
1019 3603 1086 3664 pro-
1144 3595 1331 3667 aegritudiels
1343 3595 1436 3653 tieem
1451 3601 1601 3670 procurat.
1619 3599 1707 3666 Quod
1724 3602 1819 3656 eutem
1832 3593 1934 3649 creature

256 3679 408 3744 missionis
423 3683 558 3758 requiem
583 3681 722 3738 festinare
744 3679 915 3738 debuimus.
929 3675 995 3750 Sed,
1010 3679 1087 3754 proh
1142 3684 1286 3743 creatoris
1298 3683 1446 3758 judicium
1458 3685 1604 3744 discutere
1614 3689 1673 3746 ne'c
1682 3687 1789 3745 debeat
1798 3695 1847 3741 eea
1856 3673 1933 3754 possit,

257 3775 359 3834 dolor!
375 3771 535 3831 ridiculum
551 3775 580 3829 et
600 3769 715 3842 engeis
729 3771 758 3827 et
779 3767 953 3827 bominibus
970 3773 1086 3844 specta·
1140 3773 1301 3848 Apostolus
1316 3775 1453 3845 ostendit,
1469 3775 1522 3850 qui
1537 3791 1606 3833 cum
1621 3777 1661 3836 de
1676 3773 1865 3853 premeditato
1880 3761 1934 3822 divi·

256 3865 359 3924 culum
371 3861 550 3939 prebentes,
565 3861 596 3918 in
610 3853 720 3934 arrepti
742 3857 890 3934 propositi,
903 3857 1000 3916 studio
1021 3856 1085 3916 len·
1140 3875 1249 3920 norum
1261 3861 1445 3936 Judiciorum
1459 3863 1569 3923 diceret
1585 3880 1592 3925 ι
1610 3866 1780 3926 Oattitado
1793 3859 1933 3921 distrione

254 3956 397 4013 tescimus
408 3972 415 4024 ;
427 3957 455 4010 et
467 3951 542 4009 sicut
551 3947 590 4007 lili
603 3947 801 4022 despicientes
809 3935 1084 4022 guntrammus,
1140 3953 1296 4025 sapientiae
1309 3961 1337 4012 et
1360 3955 1492 4013 scientia
1518 3954 1583 4027 Dei,
1599 3961 1646 4014 eto
1664 4001 1671 4028 ,
1686 3955 1799 4016 addidit
1810 3950 1848 4023 ;0
1864 3949 1933 4009 cmo,

255 4045 284 4101 et
298 4041 372 4100 ollas
387 4041 524 4098 carnium
544 4037 747 4095 desiderantes
766 4037 855 4094 corde
882 4032 993 4094 reversi
1017 4043 1085 4096 stret
1141 4049 1174 4101 ta
1189 4046 1254 4117 qais
1269 4054 1308 4110 es,
1319 4045 1561 4116 correspondens
1573 4045 1650 4104 Deo?
1662 4049 1802 4116 (Romal,
1816 4033 1935 4114 stitione

255 4133 297 4190 cd
309 4133 480 4204 egyptum,
496 4129 538 4184 sic
552 4129 580 4198 et
590 4141 657 4195 nos,
673 4129 702 4183 et
716 4139 903 4199 mensuram,
918 4131 948 4184 et
958 4127 1085 4200 quatita·
1140 4131 1253 4206 quippe
1267 4131 1306 4188 ab
1325 4133 1419 4188 hume
1446 4137 1578 4190 vocatur.
1596 4134 1790 4209 despondere
1811 4143 1872 4200 erge
1893 4123 1936 4178 ⁰2²⁰

253 4220 417 4278 temvietus
430 4233 448 4275 a
459 4217 518 4274 Deo
532 4213 911 4290 perbeatumBenedictum
926 4215 1082 4289 praefixam
1101 4255 1124 4311 D
1140 4229 1296 4294 nonposse
1305 4220 1647 4294 convinciturquihomo
1657 4213 1936 4290 nomineturpuitlt‘

253 4307 448 4376 fastidientes,
459 4310 488 4362 et
502 4303 685 4374 sanguineas
700 4303 794 4376 dapes
809 4303 1020 4362 velutberbari
1034 4305 1084 4362 de
1139 4312 1196 4367 boc
1211 4309 1297 4384 quod
1313 4310 1350 4367 de
1365 4309 1460 4366 humo
1475 4315 1613 4386 sumptus
1634 4317 1691 4383 cst,
1717 4323 1840 4386 superne
1850 4297 1935 4378 judicia

254 4395 431 4464 siderantes,
448 4391 487 4450 ad
499 4391 681 4466 apostasiam
698 4387 790 4462 hujus
805 4391 911 4449 mundi
921 4391 1085 4451 relabimur
1138 4394 1287 4456 discutere
1301 4397 1429 4456 idoneus
1440 4411 1501 4457 eon
1516 4403 1569 4458 cst.
1585 4399 1663 4468 Oula
1677 4400 1834 4475 igiturbnc
1846 4383 1937 4452 teresi·

253 4485 413 4544 consilium
428 4495 490 4541 uon
506 4481 696 4539 sustinentes·
1137 4501 1208 4562 gere
1222 4501 1285 4546 non
1300 4487 1477 4562 sufficimus,
1492 4493 1584 4549 restat
1598 4493 1630 4549 ut
1644 4491 1705 4549 sub
1718 4491 1784 4565 etus
1799 4475 1936 4558 disposite

1136 4577 1226 4635 nibus
1254 4574 1405 4635 humiliter
1436 4579 1601 4648 taceamus,
1637 4595 1677 4638 ne
1717 4581 1791 4637 torte
1824 4573 1847 4632 si
1868 4571 1936 4626 aaa

288 4667 408 4726 xxxva.
422 4659 538 4724 Atvcro
563 4659 863 4738 nequejudiciorum,
878 4676 975 4737 neque
997 4663 1084 4722 mise·
1136 4665 1326 4724 districtionis
1353 4665 1418 4738 ejus
1447 4665 1633 4737 discutiatur,
1670 4668 1801 4744 amplius
1830 4661 1936 4720 discussa

251 4756 449 4814 ricordiarum
471 4749 660 4829 profunditas
688 4751 728 4811 ad
756 4751 905 4826 liquidum
932 4755 1083 4826 penetrari
1137 4757 1325 4828 provocetur.
1341 4753 1430 4811 Vitari
1444 4767 1578 4830 eamque
1591 4755 1634 4814 vis
1647 4755 1770 4832 superni
1785 4746 1886 4812 consiti
1897 4753 1936 4798 ne·

252 4849 359 4917 potest.
389 4843 521 4909 iacilnio,
552 4841 659 4915 inquit,
687 4842 809 4898 Domini
835 4841 959 4913 aipssns
985 4845 1082 4902 molta
1138 4857 1297 4916 quaquam
1312 4845 1419 4916 potest,
1445 4843 1497 4901 sed
1524 4845 1589 4918 ejus
1612 4843 1752 4919 pondera
1777 4842 1830 4901 sibi
1851 4841 1936 4902 magns

251 4935 346 5006 (Psoi.
361 4949 411 5002 xv,
421 4933 459 5004 7);
475 4929 606 4987 etitem:
625 4929 848 5002 (irrisintettipit
860 4930 1082 4990 misericordias
1138 4931 1245 4988 virtute
1260 4931 1379 5003 leviget,
1391 4929 1443 5007 qui
1467 4943 1498 4989 se
1512 4933 1570 4990 sub
1594 4935 1659 5007 eius
1674 4934 1797 4991 nutibus
1816 4915 1936 4989 frenati

250 5023 395 5084 Domini?
423 5021 517 5090 (Psat.
535 5035 588 5086 avr,
604 5021 660 5084 is).
686 5021 824 5075 Attamen
849 5017 1011 5091 intelligere
1031 5035 1082 5079 ee·
1136 5021 1201 5078 haec
1215 5019 1351 5090 subjecto
1363 5020 1461 5078 cordis
1476 5018 1604 5080 humero
1615 5021 1720 5080 volens
1733 5023 1838 5097 portet.

249 5129 332 5173 cesse
347 5114 401 5183 est,
415 5107 486 5184 quia
496 5101 611 5179 justum
626 5103 767 5178 estquod
789 5105 930 5179 patimur,
947 5111 979 5163 ut
1006 5105 1082 5166 inter
1172 5105 1306 5163 xxxviii.
1323 5106 1563 5164 murmurationis
1578 5107 1693 5164 melum
1707 5107 1770 5162 sive
1783 5091 1935 5174 desposcit

249 5201 399 5278 quaslibet
422 5195 576 5268 angustias
597 5207 659 5250 een
680 5209 915 5264 murmuremus,
933 5197 986 5253 sed
1000 5195 1080 5255 dica-
1135 5195 1182 5251 nis
1197 5211 1251 5269 per
1265 5193 1323 5253 boc
1345 5194 1505 5252 insidiante
1530 5195 1652 5253 diabolo
1668 5195 1801 5254 maxime
1820 5179 1936 5254 adempti,

249 5308 333 5348 mus:
350 5290 454 5346 instas
469 5302 507 5350 es,
523 5283 658 5352 Domine,
671 5287 699 5339 et
709 5285 823 5339 rectam
831 5281 983 5353 judiciam
995 5291 1079 5343 tunm
1136 5285 1218 5359 quod
1230 5283 1301 5342 mali
1314 5269 1937 5360 prosperantur,ethonlcornprimunrur.t¹

249 5379 343 5452 (Psoi.
358 5393 461 5440 axvru,
481 5375 552 5444 itt).
568 5371 601 5429 st
628 5371 698 5428 item
720 5369 803 5444 quod
832 5369 908 5426 elius
932 5373 1080 5445 propheta
1134 5375 1192 5430 hoc
1208 5374 1287 5431 enim
1302 5361 1542 5445 tit,utveiDeum
1555 5355 1938 5434 eoncararedobceeaestit

248 5465 328 5523 dicit:
342 5463 576 5536 increpationem
587 5461 707 5517 Domini
713 5457 863 5516 sustinebo
877 5461 948 5531 quic
958 5460 1081 5530 pereuni
1135 5463 1272 5520 infirmus
1285 5461 1405 5519 animus
1419 5467 1595 5535 suspicetur,
1605 5465 1767 5521 siculusor
1777 5457 1852 5517 beati
1861 5446 1937 5508 lobia

250 5555 354 5628 (Mici-
379 5569 433 5624 vu,
457 5557 495 5616 tit·
512 5549 714 5622 intelligamus
743 5563 865 5624 quoque
889 5549 971 5623 quia,
992 5549 1079 5624 juxta
1135 5549 1318 5626 afflictique
1334 5551 1632 5620 eidicitmaeifeste:
1652 5554 1738 5610 Vana
1751 5540 1938 5623 sectamini·

249 5643 325 5702 iliud
342 5642 408 5710 lob,
426 5642 479 5713 qui
496 5641 630 5710 afflictus
653 5641 757 5710 faerit,
773 5641 830 5696 erit
849 5641 881 5696 in
900 5642 1000 5711 pieria
1016 5641 1082 5713 (Joi
1136 5642 1401 5714 leniretque),
1422 5646 1481 5722 etc.
1496 5639 1680 5704 clamant
1702 5643 1742 5700 Si
1755 5637 1889 5698 Dominus
1900 5637 1938 5680 aa
