4106 6148
125 70 178 126 937
381 81 383 86 ’
439 113 447 122 .
934 68 1024 124 vira,
1309 67 1314 74 ’
1455 89 1462 118 ῖ
1783 77 1836 133 938

123 189 212 248 ditur.
227 193 302 248 Tum
317 189 417 248 subito
430 189 546 248 intonat
559 191 650 248 aether
664 190 825 250 aclamore
853 190 952 250 multi·
970 193 1124 248 emutare
1138 191 1313 262 suademus,
1328 191 1420 250 fuisse
1435 193 1604 252 hanelatos.
1626 194 1725 254 Victus
1747 197 1779 254 in
1790 197 1839 255 his

124 279 246 342 tudinis,
261 284 293 336 ut
305 282 383 336 Deus
395 285 588 346 succurreret,
607 285 635 337 et
647 279 734 338 celeri
760 297 865 354 gressu
889 281 953 338 Ddo
1005 279 1139 353 pontifex
1149 285 1280 347 sanetus,
1297 281 1378 340 aliud
1393 299 1455 340 sun
1479 283 1722 343 contradictionis
1750 302 1838 358 argu-

124 371 316 426 venerandus
342 374 509 426 accurreret
545 368 743 426 vociferantis.
770 370 898 428 Advolat
926 373 955 426 et
1006 371 1143 425 mentum
1155 369 1290 442 opponit.
1303 372 1377 427 cum
1392 370 1491 442 primi,
1508 371 1613 446 inquit,
1627 376 1727 432 Patres
1740 375 1836 448 ipsius

124 457 274 531 quidnam
289 457 345 514 sibi
361 458 430 514 relit
444 474 496 515 rex
510 457 655 515 ascheri
677 458 881 516 lassabundus
907 459 954 516 in·
1007 455 1154 528 Ecclesiae,
1168 457 1221 531 qui
1235 461 1265 515 et
1275 457 1524 517 christianitatem
1548 477 1641 534 regno
1670 463 1837 535 auglorum

126 552 266 619 terrogat.
282 547 381 619 Audit,
395 553 424 606 et
439 548 540 606 statim
553 547 616 620 regi
629 548 725 606 taliter
736 549 835 624 inquit
854 568 861 608 :
878 549 956 617 Quid
1008 545 1179 615 attuleruut,
1194 550 1221 603 et
1234 561 1340 604 omnes
1355 547 1408 621 qui
1419 546 1463 604 eis
1476 555 1686 608 successerunt
1699 552 1838 626 usquein
1943 595 1946 602 .

126 641 171 694 est
183 637 241 694 hoc
255 641 270 693 1
282 653 344 711 quo
358 637 512 694 intendis?
539 637 624 694 Ensis
640 643 709 696 tuus
738 639 770 696 in
788 639 879 698 latere
905 643 956 696 luo
1008 649 1143 708 presens
1158 635 1311 708 monachi,
1322 636 1642 711 utomnibusconstat,
1655 641 1837 711 emhtennt3

125 725 241 796 integer
253 727 372 799 pendet,
385 731 414 783 et
429 731 460 784 tu
472 742 543 783 eum
557 726 685 784 fractum
710 743 775 784 esse
790 743 955 802 conquere-
1009 739 1066 796 ego
1080 729 1143 782 tam
1158 726 1326 800 antiquam,
1343 730 1559 792 lamsauctam,
1576 732 1638 786 tam
1653 732 1714 788 Deo
1727 747 1837 806 accep·

125 814 185 870 ris?
201 814 272 872 Dedi
285 815 325 872 ad
341 820 378 883 te,
390 817 428 873 ad
445 816 589 886 vaginam
603 832 729 873 manum
751 818 889 886 extendo,
908 833 957 875 cx·
1009 815 1082 885 tam,
1102 817 1293 872 ettantorum
1315 819 1435 874 Petrum
1463 817 1638 876 anctoritate
1666 819 1840 878 roboratam
1945 885 1956 902 .

126 919 191 960 sere
203 903 298 975 illum,
315 909 344 962 et
358 921 426 962 ecce
443 905 565 962 :testera
581 905 697 962 Domini
710 906 764 962 erit
774 910 883 964 tecum.
899 910 956 964 Nec
1010 903 1261 961 consuetudinem
1277 908 1437 972 mutarem,
1462 904 1665 978 1111118111111,
1691 907 1839 966 annihila·

126 991 281 1062 formides,
297 993 370 1067 quia
385 1009 447 1050 non
458 994 541 1068 prius
552 995 779 1067 contingetsolis
790 995 957 1070 occubitus,
1009 991 1098 1048 rem?
1112 991 1213 1062 absin
1240 992 1302 1050 imo
1329 993 1445 1050 noverit
1466 997 1527 1051 tota
1553 994 1713 1065 Britannia,
1729 1001 1758 1053 ct
1771 1012 1840 1070 quac

126 1096 221 1154 quam
235 1081 426 1139 adversarios
440 1082 559 1140 Domini
576 1083 689 1156 tui,qui
701 1088 806 1142 contra
817 1088 846 1142 te
861 1085 958 1142 insur-
1011 1078 1151 1150 adjacent
1163 1080 1269 1138 insula
1284 1097 1401 1153 omnen,
1417 1081 1559 1140 manullo
1586 1099 1723 1157 unquam
1750 1091 1840 1159 pacto

126 1174 278 1235 rexerunt,
293 1170 366 1242 fuga
379 1171 515 1230 involvar
527 1177 579 1229 aar
593 1173 737 1231 internus,
750 1175 796 1231 Ad
809 1175 875 1232 1130
889 1174 957 1249 qui.
1010 1183 1231 1226 consensurum
1246 1175 1279 1228 ut
1291 1170 1396 1245 ipsein
1411 1170 1539 1228 clericali
1565 1170 1672 1230 habitu
1700 1174 1842 1232 constitu·

127 1273 188 1330 que
202 1259 389 1316 audientium
418 1261 525 1331 grandi
550 1265 671 1334 stupore
697 1262 813 1320 attoniti
835 1262 959 1320 deflexis
1011 1259 1059 1313 tus
1073 1273 1127 1332 per
1139 1258 1348 1332 pontificatum
1363 1259 1499 1317 Ecclesiae
1515 1260 1722 1319 llantuariensi
1741 1263 1842 1336 preasi-

128 1345 294 1404 luminibus
308 1349 455 1420 viderunt,
467 1365 558 1422 quem
571 1349 655 1424 prius
667 1367 730 1408 non
742 1351 889 1420 viderant,
910 1367 959 1410 en·
1011 1345 1111 1412 dcam,
1127 1347 1175 1404 cui
1188 1347 1289 1405 nullus
1304 1349 1432 1406 antehac
1446 1349 1499 1423 qui
1510 1350 1681 1407 monachus
1703 1367 1765 1409 non
1779 1350 1843 1410 fue-

129 1452 194 1492 sem
208 1437 238 1494 in
252 1437 343 1494 latere
356 1439 436 1510 regis
449 1439 631 1513 pendentem
657 1458 663 1496 :
680 1457 773 1515 quem
786 1457 839 1498 rex
853 1441 884 1498 in
898 1445 959 1500 Deo
1011 1436 1059 1506 rit,
1076 1438 1167 1494 scitur
1180 1438 1368 1512 presedisse.
1384 1444 1523 1497 Attamen
1535 1439 1607 1514 quia
1620 1457 1680 1509 me,
1696 1445 1729 1500 ut
1739 1441 1844 1500 intelli·

129 1525 314 1583 confortatus
340 1527 497 1601 arripiens,
525 1528 648 1586 dexteru
677 1529 815 1604 laevaque
834 1535 961 1588 cunctos
978 1524 1154 1618 Bgidatur,
1169 1541 1232 1583 non
1246 1531 1279 1583 tu
1293 1527 1387 1594 solus,
1404 1528 1457 1584 sed
1480 1527 1566 1586 11111111
1591 1533 1710 1600 vocant,
1741 1535 1775 1588 ut
1800 1530 1844 1588 ibi

128 1619 333 1686 occursantes,
349 1620 402 1672 aut
415 1615 588 1684 debilitavit,
604 1621 657 1674 aut
672 1617 798 1691 fugavit,
810 1619 960 1676 autmerti
1013 1613 1148 1688 pontifex
1165 1615 1249 1684 fiam,
1265 1631 1321 1673 nec
1331 1632 1435 1673 meum
1449 1621 1494 1675 est
1504 1616 1561 1674 illis
1572 1617 1748 1676 reluctando
1761 1619 1844 1694 peni-

128 1704 264 1762 funditus
278 1705 407 1762 tradidit.
424 1710 526 1779 ltaque
538 1707 625 1779 Juxta
637 1707 765 1765 verbum
785 1707 890 1766 famuli
909 1709 961 1766 Dei
1012 1707 1061 1760 tus
1069 1703 1282 1773 contradicere,
1296 1721 1334 1761 ne
1346 1721 1416 1762 eum
1426 1706 1479 1779 qui
1490 1705 1522 1762 in
1536 1705 1609 1780 ipsis
1622 1706 1739 1764 habitat
1748 1711 1843 1766 Deum
1894 1775 1897 1784 ¹

128 1793 310 1862 factumest,
326 1795 558 1852 utsimuletsel
573 1796 818 1866 occumberet‚et
840 1797 904 1869 regi
923 1797 960 1854 de
1014 1791 1178 1861 offendam,
1195 1793 1413 1851 commendans
1437 1794 1652 1852 conscientiam
1676 1812 1777 1854 meam
1804 1796 1845 1854 ab

127 1881 264 1938 hostibus
280 1881 401 1938 victoria
415 1883 595 1955 proveniret.
606 1883 683 1950 Dnid
696 1884 767 1941 hinc
784 1885 959 1956 gratiarum,
1014 1879 1097 1936 omni
1107 1879 1192 1936 istius
1201 1881 1325 1938 honoris
1339 1881 1502 1940 ambitione
1517 1899 1647 1941 vacuam
1661 1886 1733 1956 Deo,
1756 1901 1845 1944 sanc·

129 1970 350 2045 quidiaudnm,
364 1971 438 2046 quid
452 1977 591 2029 votorum
607 1975 667 2030 Dee
680 1989 734 2048 per
754 1973 875 2030 fidelem
904 1989 962 2031 ser-
1014 1972 1079 2025 tum
1090 1969 1280 2043 propositum
1304 1970 1489 2028 monachica
1515 1971 1677 2043 religionis,
1706 1973 1790 2046 quod
1805 1973 1845 2032 ab

130 2075 203 2115 vum
218 2075 308 2116 suum
323 2059 469 2128 Ddonem,
483 2075 537 2133 per
546 2075 658 2132 regem,
669 2061 961 2134 pervictcremexer-
1014 2058 1135 2116 incunte
1149 2062 1234 2116 aetate
1247 2058 1425 2130 desideravi,
1438 2075 1494 2117 nec
1506 2059 1633 2134 adipisci
1646 2060 1736 2118 variis
1747 2062 1846 2121 cauus

130 2149 232 2218 citum,
247 2163 301 2222 per
317 2153 414 2206 totum
428 2165 555 2221 regnum
582 2167 644 2224 quo
672 2150 850 2222 magnitudo
876 2152 961 2210 istius
1013 2147 1247 2222 impedientibus
1270 2148 1377 2218 merui,
1403 2148 1461 2206 hac
1476 2148 1592 2222 saltem,
1622 2149 1787 2208 utinterim
1804 2152 1847 2210 ita

129 2237 258 2294 victoriae
271 2237 386 2311 perlata
396 2243 450 2307 est,
465 2239 503 2294 sit
514 2238 701 2314 persolutum
723 2239 791 2314 quis
816 2243 961 2298 enarret?
1014 2240 1143 2309 putetur,
1155 2236 1313 2294 occasione
1328 2252 1494 2294 assumam.
1511 2237 1706 2295 Postmodum
1720 2254 1791 2296 vere
1807 2237 1846 2298 de

129 2325 347 2396 llagnificeutia
361 2327 430 2384 facti
443 2327 564 2385 docebit
577 2328 744 2398 audientes,
760 2329 832 2403 quia
846 2346 909 2388 non
918 2330 961 2388 fa·
1014 2323 1265 2399 pontificatuque
1280 2325 1318 2382 de
1332 2325 1431 2396 agitis,
1445 2325 1510 2398 ipse
1525 2325 1573 2383 cui
1588 2330 1697 2384 cuncta
1705 2326 1844 2384 cordium

130 2415 184 2472 cile
202 2416 379 2490 quisquam.
397 2417 548 2474 Gloriosus
562 2421 663 2474 autem
677 2419 740 2476 Ddo
759 2433 878 2490 magnae
907 2419 960 2477 de·
1014 2417 1128 2471 secreta
1141 2418 1310 2488 patescunt,
1327 2419 1408 2486 agat,
1423 2417 1451 2472 et
1468 2415 1551 2472 hunc
1565 2415 1597 2472 in
1612 2431 1648 2474 eo
1670 2416 1844 2488 constituat,

129 2504 199 2561 hinc
213 2504 421 2563 damnationis
435 2506 518 2580 apud
530 2522 636 2564 omnes
650 2507 834 2582 habitnsest,
850 2513 879 2567 et
891 2525 960 2568 vere
1016 2519 1106 2577 quem
1116 2501 1260 2560 idoneum
1275 2502 1314 2561 ad
1328 2503 1387 2560 hoc
1401 2519 1457 2560 sua
1473 2504 1621 2576 sapientia
1635 2504 1753 2580 probat.

128 2593 292 2668 praeclarus
308 2595 438 2652 israelita
450 2596 675 2670 comprobatus.
1013 2601 1158 2660 Moacclu'
1167 2606 1274 2660 certem
1286 2617 1305 2660 c
1317 2603 1558 2660 Flcrr'cceasibas
1573 2604 1683 2674 accipit
1698 2621 1705 2673 ;
1726 2604 1763 2673 fit
1776 2603 1846 2662 dein

128 2692 309 2750 Ecdmundo
324 2693 493 2764 cogentecd
503 2693 959 2765 ccatecriaapontificctcmaoa
1307 2673 1550 2744 111111111111111111

165 2764 324 2836 acquiescit
336 2764 595 2821 translatioaiaisi
601 2767 691 2836 prius
701 2767 739 2822 sit
747 2767 922 2824 menachus.
1049 2773 1076 2826 9.
1090 2769 1212 2826 llacviri
1225 2771 1372 2828 sententia
1381 2786 1434 2827 rex
1446 2787 1509 2828 non
1522 2770 1640 2828 modice
1650 2771 1844 2841 exhilaratus,

166 2863 191 2916 8.
208 2861 279 2916 Post
304 2876 420 2934 paucos
435 2861 528 2934 hujus
555 2861 684 2933 insignis
706 2863 838 2920 rietoriae
860 2879 958 2922 annos
1012 2859 1118 2918 laudat
1132 2862 1271 2917 sanctum
1282 2859 1558 2934 propositumejus,
1573 2859 1679 2917 laudat
1695 2861 1846 2918 admiran-

129 2950 316 3007 Ethelstanus
341 2948 422 3006 bono
446 2948 506 3006 fine
534 2953 714 3023 presentem
737 2951 831 3010 vitam
864 2951 960 3010 finivit
1013 2949 1320 3007 dumetimitandum
1336 2948 1509 3022 exemplum
1524 2963 1644 3020 magnae
1670 2948 1846 3006 humilitatis

128 3039 212 3111 (269),
228 3042 256 3096 ct
267 3037 357 3095 frater
366 3038 432 3110 ejus
448 3037 645 3096 Eadmundus
665 3038 766 3098 locum
786 3039 958 3098 decedentis
1014 3039 1090 3111 ejus,
1105 3037 1210 3095 laudat
1218 3041 1406 3096 constantem
1421 3038 1562 3095 virtutem
1575 3037 1670 3096 animi
1680 3038 1756 3112 ejus.
1772 3038 1845 3096 llcs-

127 3143 180 3184 rex
194 3125 291 3184 factus
304 3126 442 3184 obtiduit.
455 3127 528 3184 ilinc
542 3128 679 3199 germani
707 3129 753 3185 sui
776 3127 903 3202 vestigia
928 3129 961 3186 in
1013 3128 1147 3186 tinantur
1160 3125 1250 3199 igitur
1260 3130 1329 3202 post
1340 3128 1405 3185 haec
1433 3126 1490 3184 sub
1517 3127 1665 3186 celeritate
1681 3127 1780 3185 nuntii
1804 3127 1861 3186 ad'

128 3217 210 3274 bono
219 3215 377 3284 aemrrlans,
391 3215 489 3273 bonos
499 3232 637 3290 quosque
652 3233 772 3276 summo
783 3218 883 3276 studio
895 3217 960 3276 dih
1014 3216 1157 3276 abbatem
1185 3215 1315 3274 coenobii
1342 3217 1438 3274 sancti
1464 3215 1612 3274 Benedicti
1638 3215 1844 3290 lloriacensis,

8 3385 9 3390 ἵ
129 3306 229 3379 gebat,
244 3310 273 3364 ct
286 3305 407 3363 eossibi
421 3305 583 3364 familiares
609 3306 740 3380 effectos,
764 3307 796 3364 in
822 3307 870 3365 his
891 3323 960 3382 quae
1014 3310 1125 3364 sancta
1138 3305 1492 3379 religionishabitumad
1513 3321 1591 3380 opus
1614 3305 1748 3380 episcopi
1759 3306 1847 3379 juxta

8 3445 11 3482 ζ
130 3396 331 3456 Christianum
353 3410 457 3468 regem
482 3395 640 3470 decebant,
670 3396 785 3455 siccem
798 3413 834 3455 ac
856 3396 961 3454 libenti
1013 3394 1847 3471 praescriptumnegotiumexquisitori.Famasiquidem

129 3487 232 3546 animo
247 3486 399 3545 audiebat.
415 3486 555 3544 Praeclare
569 3487 659 3559 igitur
670 3487 747 3544 inter
757 3487 831 3546 alies
855 3487 963 3545 beatus
1014 3483 1245 3556 religiosissimae
1259 3483 1506 3556 conversationis,
1534 3499 1604 3558 quae
1625 3482 1718 3559 ,apud
1735 3482 1847 3542 Floria-

130 3577 195 3636 Ddo
207 3577 272 3650 ejns
283 3577 484 3635 familiaritate
498 3577 611 3652 potitus
633 3581 688 3650 est,
703 3582 732 3636 et
760 3577 798 3636 eb
822 3593 858 3636 ce
886 3592 964 3652 pura
1016 3589 1087 3632 cum
1099 3572 1172 3646 ipsis
1182 3572 1302 3645 diebus,
1317 3587 1441 3647 quaque
1454 3575 1604 3630 terrarum
1619 3571 1771 3631 ferebatur
1783 3588 1849 3632 om·

130 3669 230 3725 mento
244 3665 380 3724 dilectus.
396 3666 445 3724 llis
455 3666 563 3724 diebus
577 3666 731 3724 Wlfclmus
741 3667 876 3742 pontifex
888 3669 964 3726 can·
1016 3661 1142 3720 nimodo
1158 3661 1272 3720 fervere
1286 3681 1293 3732 ;
1310 3665 1339 3718 et
1353 3665 1458 3720 contra
1470 3661 1605 3720 studium
1619 3661 1756 3734 ejusdem
1780 3661 1849 3719 reli·

129 3755 297 3814 tuariorum
311 3756 427 3814 cunetis
437 3755 616 3814 mortalibus
635 3755 772 3813 debitum
782 3757 852 3814 vitre
871 3756 966 3814 tinem
1018 3751 1126 3824 glemu
1136 3750 1220 3824 quod
1234 3749 1274 3807 ob
1290 3749 1468 3824 multiplices
1487 3750 1674 3807 diversorum
1688 3753 1850 3808 eventuum

132 3845 252 3903 sortitus
264 3847 319 3902 cst.
330 3847 371 3901 Ne
384 3845 489 3918 itaque
506 3849 590 3902 muta
603 3843 689 3902 sedes
700 3843 770 3919 plus
795 3859 884 3919 aequo
898 3859 967 3918 pas-
1018 3856 1109 3898 casus
1128 3840 1160 3896 in
1173 3838 1281 3910 anglia
1293 3853 1515 3912 usquequaque
1539 3841 1672 3912 coeperat
1685 3838 1850 3910 defervere,

132 3941 198 3996 tore
212 3938 337 4006 careret,
352 3935 552 3993 reverendum
578 3935 714 3994 Ddonem
739 3951 793 3994 rex
816 3935 966 4002 convenit,
1019 3929 1089 3988 illuc
1100 3927 1177 3986 mitti
1189 3931 1218 3985 et
1230 3927 1300 3984 inde
1313 3927 1422 4002 cupitae
1436 3927 1590 4001 religionis
1619 3927 1759 3986 eliachim
1785 3943 1852 4002 per·

133 4025 429 4100 suadensquatenus
444 4024 585 4082 desolatae
600 4023 737 4082 Ecclesia
765 4041 821 4100 per
848 4039 968 4099 suscep
1021 4017 1116 4076 suasit
1125 4016 1238 4091 expleri
1255 4033 1261 4072 :
1276 4016 1359 4090 quod
1373 4021 1403 4074 et
1416 4016 1529 4074 factum
1541 4020 1597 4074 est.
1614 4015 1716 4075 abbas
1739 4015 1853 4091 quippe

133 4117 247 4174 donem
269 4131 360 4190 super
378 4113 462 4172 illam
489 4130 569 4172 curae
594 4113 753 4188 pastoralis
780 4113 963 4172 subveniret.
1020 4105 1186 4180 lociipsius
1201 4105 1305 4164 audito
1319 4105 1426 4162 nuntio
1451 4104 1623 4162 laetissimus
1647 4105 1783 4176 efficitur,
1804 4121 1854 4163 as-

136 4205 242 4263 Dbstat
254 4203 312 4274 ille,
327 4219 383 4262 nec
397 4203 492 4260 ullum
506 4201 645 4261 suadenti
658 4203 773 4277 prabet
796 4217 968 4262 assensum.
986 4235 1008 4289 D
1023 4194 1212 4270 sumptisque
1227 4209 1331 4252 secum
1342 4192 1495 4251 nonnullis
1504 4209 1521 4250 e
1531 4192 1672 4251 iratribus
1685 4193 1758 4264 suis,
1768 4209 1855 4268 pros·

137 4294 210 4352 Dicit
223 4293 305 4351 enim
319 4297 348 4350 et
360 4293 521 4365 indignum
532 4309 564 4350 se
576 4295 659 4350 muta
672 4307 705 4350 re
729 4311 736 4363 ;
755 4296 785 4350 ct
796 4292 822 4349 si
835 4291 966 4366 dignitas
1023 4298 1096 4360 pero
1110 4298 1198 4340 cursu
1212 4298 1296 4340 mare
1311 4284 1509 4351 transvectus,
1520 4281 1659 4353 angliam
1672 4281 1856 4354 ingreditur;

138 4383 327 4457 aliquatenus
337 4381 493 4456 aspiraret,
504 4387 606 4440 tamma
617 4397 656 4440 ne
678 4382 815 4456 pontifex
835 4381 969 4439 Ecclesia
1024 4371 1187 4434 antistitem
1202 4371 1337 4430 Ddonem
1351 4372 1454 4428 Deoin
1469 4370 1583 4429 cunctis
1597 4370 1714 4445 placere
1734 4371 1858 4429 studen-
1942 4391 1947 4398 ·

139 4488 195 4530 sna
207 4471 310 4530 relicta
324 4471 364 4528 ad
374 4471 466 4530 aliam
484 4471 602 4544 migret,
618 4486 772 4530 canonum
793 4470 969 4528 anctoritate
1025 4469 1086 4523 tem
1098 4462 1197 4522 alacer
1209 4461 1282 4533 edit,
1298 4464 1327 4518 et
1338 4460 1465 4535 eiquam
1475 4459 1668 4518 desiderabat
1681 4460 1777 4518 sancti
1788 4475 1860 4534 pro-

139 4560 247 4618 latatur
260 4559 422 4634 prohiberi.
438 4563 546 4619 contra
558 4576 627 4634 quae
641 4563 671 4617 et
693 4563 799 4618 nomm
829 4558 972 4617 omnibus
1026 4553 1115 4630 positi
1130 4555 1244 4610 restem
1258 4551 1452 4609 devotissime
1464 4549 1563 4607 tradit.
1579 4549 1755 4624 Spectabilis
1769 4548 1861 4621 igitur

141 4648 322 4724 probitatem
335 4649 415 4708 illius
440 4665 494 4707 rex
518 4649 668 4722 edisserit,
697 4653 726 4706 et
755 4647 840 4723 quod
868 4647 975 4706 beaten
1028 4643 1162 4720 pontifex
1176 4641 1424 4700 Ddomonachns
1451 4639 1558 4698 habitu
1583 4639 1692 4708 factus,
1721 4639 1774 4714 qni
1797 4639 1863 4712 jam

141 4737 349 4813 apostolorum
363 4739 503 4813 princeps
516 4742 618 4796 Petrus
627 4737 666 4796 de
675 4737 834 4796 Antiochia
849 4739 977 4794 ftomam
1029 4733 1101 4792 olim
1115 4731 1301 4790 monachicae
1314 4730 1381 4788 vita
1393 4728 1486 4788 sacris
1501 4727 1598 4787 fuerat
1608 4727 1726 4786 actibus
1740 4727 1865 4786 decora·

142 4827 303 4886 translatus
316 4827 414 4897 fuerit,
429 4828 574 4902 multique
587 4827 638 4886 alii
649 4828 736 4900 J'uxta
750 4831 888 4885 veterum
907 4841 973 4883 mo·
1030 4827 1090 4891 tus,
1104 4820 1179 4895 quin
1191 4821 1302 4893 jugum
1325 4817 1444 4876 Domini
1458 4832 1550 4890 super
1574 4819 1667 4876 totam
1681 4815 1822 4890 angliam
1845 4830 1865 4876 a

143 4921 298 4988 numentc,
308 4916 455 4974 librorum
466 4917 552 4974 sedes
563 4931 635 4973 suas
648 4916 763 4974 radone
774 4919 899 4989 cogente
908 4930 973 4972 mu·
1030 4925 1102 4982 rege
1113 4912 1142 4967 et
1155 4923 1249 4980 regno
1259 4906 1412 4971 inritatus,
1425 4906 1488 4964 imo
1500 4905 1676 4980 compulsus
1690 4905 1866 4981 susciperet,

144 5006 280 5077 crerint,
294 5005 446 5064 luculento
462 5020 600 5062 sermone
615 5005 774 5078 proponit;
803 5009 832 5062 et
846 5003 977 5077 adjecit;
1033 5002 1129 5060 factus
1144 4997 1268 5056 antistes
1291 4995 1513 5055 cantuariensis
1536 5010 1678 5054 recusare
1698 4995 1778 5053 ultra
1806 5007 1870 5050 non

147 5096 241 5169 liujus
251 5113 374 5172 quoque
388 5096 431 5153 rei
445 5094 619 5168 exemplum
634 5108 728 5167 penes
740 5109 796 5150 nos
811 5093 884 5150 satis
912 5091 979 5150 ido-
1034 5088 1140 5166 potuit.
1171 5085 1303 5154 Qualiter
1328 5101 1400 5158 erge
1424 5083 1557 5160 suscepti
1583 5083 1737 5156 regiminis
1765 5079 1866 5138 officio

146 5201 241 5244 neum
256 5187 415 5244 stolarum
430 5184 590 5254 habemus,
605 5181 688 5240 viros
701 5180 836 5239 videlicet
848 5185 981 5255 sanctos,
1037 5195 1111 5237 usus
1124 5175 1161 5234 sit
1170 5175 1223 5250 qui
1234 5190 1325 5234 nosse
1339 5174 1568 5264 desiderantes
1577 5173 1638 5231 rita
1651 5172 1717 5242 ejus
1745 5184 1814 5243 qnae
1843 5168 1873 5224 ct

148 5274 279 5334 Melitam
292 5275 359 5333 dico
372 5273 534 5332 antistitem
548 5271 800 5340 Lundouienscm,
821 5274 850 5327 ct
863 5273 982 5328 lustum
1038 5266 1136 5342 qualis
1159 5269 1228 5323 anta
1257 5263 1460 5323 sacerdotium
1484 5266 1514 5319 et
1536 5262 1567 5316 in
1593 5255 1762 5316 sacerdotio
1784 5253 1874 5312 fuerit

150 5363 312 5422 liniensem
332 5362 525 5424 cantuariam
539 5361 628 5419 simili
642 5360 983 5433 ratione,quatesedem
1039 5356 1145 5433 paucis
1157 5369 1250 5430 supra
1267 5353 1458 5426 digessimus,
1486 5350 1563 5406 sicut
1591 5346 1718 5416 aestimo,
1747 5345 1877 5420 possunt

189 5475 263 5546 (269)
278 5477 388 5546 Nempe
403 5485 485 5528 anno
497 5471 561 5543 til,
570 5469 727 5545 etquidem
741 5484 770 5526 u
780 5467 846 5525 Kal.
858 5471 984 5525 Novem·
1041 5481 1117 5523 num
1125 5466 1302 5546 sequentem
1314 5460 1438 5530 contigit
1448 5454 1560 5515 Ddonis
1570 5454 1720 5528 promotio
1730 5455 1762 5513 in
1772 5451 1876 5511 sedem

152 5545 226 5615 bris,
238 5561 276 5601 cx
288 5542 489 5616 chronologia
502 5541 651 5600 saxonica
676 5545 741 5599 Non
756 5555 827 5612 ergo
840 5543 909 5597 ante
934 5555 986 5598 an·
1045 5540 1301 5596 cantuariensem.

302 5635 424 5690 Peraea.
445 5629 581 5690 cxlilllll.
785 5661 793 5671 -
1703 5619 1737 5672 30
