4160 6162
225 42 277 100 200
518 74 522 80 ·
753 31 782 88 S.
799 23 930 85 000le
945 15 1091 78 lautus
1106 17 1361 106 ctttatrtcnrtSts
1376 27 1410 80 ll.
1882 33 1942 88 ρος

224 160 292 228 suit,
307 158 380 234 quia
393 160 422 214 et
433 154 571 228 exempla
589 152 765 218 hominibus
781 167 849 224 quae
865 146 1050 204 imitarentur
1067 175 1091 232 Α
1107 151 1208 202 menta
1222 146 1324 220 incipit
1338 149 1501 222 sequentia.
1518 149 1599 207 Unde
1615 150 1834 224 scriptumest:
1863 176 1877 202 a
1891 155 1945 210 Se-

222 249 360 325 prmbuit,
378 249 477 304 'etlleo
493 244 523 300 in
539 259 570 300 se
585 258 678 317 opera
692 241 803 316 quibus
824 255 898 309 erga
913 233 1051 294 homines
1106 235 1206 292 cundo
1232 251 1282 292 eos
1311 237 1363 310 qni
1389 253 1449 293 non
1473 238 1674 304 erediderunt,
1699 239 1829 313 perdidit
1855 243 1941 311 (lad.

222 340 412 412 placarentur
423 332 581 390 moriendo
596 329 735 388 ostendit.
753 329 908 402 Sequitur:
1105 324 1144 394 ι).
1161 347 1175 374 »
1197 327 1228 381 Et
1251 326 1281 380 in
1310 326 1452 399 psalmo:
1479 351 1492 376 ι
1518 327 1684 384 lnduantur
1707 329 1784 386 sicut
1804 329 1943 403 diploide

258 431 339 482 Vsas.
356 425 402 480 3-ι.
414 425 575 494 deserato
590 437 637 478 me
659 422 776 492 alapam
796 434 893 484 suam,
906 421 933 472 et
957 425 1052 483 pavor
1107 413 1281 471 contusione
1296 415 1388 486 (Psoi.
1405 432 1506 486 cxrnr,
1521 421 1577 484 ιι).
1597 439 1611 468 a
1624 421 1681 473 Aut
1695 434 1765 474 cum
1788 423 1943 477 tormenta

220 519 284 587 ejrts
300 531 360 572 non
388 529 434 570 me
457 517 578 569 terreat.
599 510 813 579 —Perlegem
836 506 949 579 qnippe
969 501 1052 570 virga
1106 506 1261 572 sequentia
1295 503 1419 574 flagellis
1453 505 1650 578 presentibus
1681 506 1835 578 extinguit.
1866 509 1942 566 Hinc

221 610 298 680 Deus
313 606 468 672 terruerat,
485 617 555 659 cum
578 599 714 657 dicebat:
733 596 843 670 Siquis
862 596 926 650 haec
940 591 988 648 val
1002 589 1052 645 illa
1106 588 1215 646 Paulus
1230 592 1293 648 ait:
1316 615 1330 643 «
1346 595 1420 648 cum
1442 595 1615 665 judicamur
1639 611 1657 650 a
1682 595 1819 664 Domino,
1845 598 1940 653 corri-

219 694 321 753 iecerit
347 695 442 750 morte
469 690 622 748 moriatur.
655 687 711 746 Sed
735 687 908 742 incarnatus
934 681 1050 748 virgam
1105 679 1218 752 pimur,
1240 687 1273 738 ut
1296 699 1357 738 non
1379 701 1448 740 cum
1473 685 1530 740 hoc
1559 685 1674 741 mundo
1702 685 1885 742 damnemur
1912 689 1945 759 (I

220 783 351 852 abstrdit,
364 781 436 855 quia
447 779 511 837 vias
524 779 590 835 vitae
604 793 657 852 per
673 774 937 834 mansuetudinem
952 771 1050 825 osten-
1107 769 1175 825 Cor.
1192 787 1233 840 ιιι,
1248 775 1303 838 32).
1319 796 1332 822 a
1350 776 1383 829 Et
1397 774 1465 830 alibi
1484 792 1489 830 :
1507 798 1520 824 a
1535 776 1596 844 ligo
1609 791 1686 847 quos
1699 791 1770 832 amo
1784 791 1891 847 arguo,
1909 785 1941 834 et

220 873 273 930 dit.
288 873 360 928 ltine
375 869 515 943 estquod
537 868 563 925 ei
585 867 701 924 dicitur.
724 889 737 915 a
753 863 885 930 intende,
908 872 1050 934 prospere
1106 859 1220 930 castigo
1234 861 1336 932 (Aper.
1353 879 1392 927 in,
1413 863 1463 934 19).
1482 887 1494 913 ι
1512 864 1666 936 Sequitur:
1684 865 1871 923 indicomtbi
1882 883 1940 923 car

219 961 350 1038 procede
363 963 391 1018 et
405 974 509 1030 regna,
524 961 645 1032 propter
659 955 814 1013 veritatem
835 957 864 1008 et
875 951 1050 1009 mansuetu·
1106 963 1151 1005 me
1165 950 1209 1006 ita
1219 951 1367 1021 jndices?
1395 957 1436 1006 Ac
1451 952 1475 1007 si
1499 953 1609 1009 diceret
1626 970 1632 1008 :
1652 953 1727 1018 Quia
1755 953 1940 1024 flagellando

220 1051 323 1108 dinem
338 1047 522 1122 etjustitiam
538 1047 632 1120 (Psal.
642 1063 716 1118 ιιιι,
739 1049 776 1114 5).
791 1067 804 1094 »
819 1040 924 1099 Timeri
938 1037 1050 1112 quippe
1106 1053 1154 1094 mo
1167 1038 1295 1110 judicas,
1312 1040 1435 1096 ostende
1450 1041 1533 1114 quod
1547 1041 1585 1096 ad
1597 1041 1747 1112 judicium
1765 1059 1820 1115 per
1833 1042 1937 1114 flagel-

220 1141 309 1215 quasi
322 1143 399 1196 Deus
422 1138 527 1208 noluit,
545 1135 599 1193 sed
626 1135 714 1208 quasi
738 1138 821 1190 Pater
843 1135 875 1187 ut
901 1131 1052 1186 amaretur
1105 1126 1167 1182 lum
1184 1143 1323 1185 securum
1338 1129 1457 1186 reddas.
1473 1129 1577 1185 Aliter:
1593 1129 1771 1203 Plerumque
1781 1132 1863 1188 eninr
1873 1134 1939 1204 jus-

219 1215 385 1303 inspiravit.
401 1225 487 1294 Quod
500 1225 615 1298 liquido
630 1224 741 1281 Paulus
757 1222 827 1279 dicit
843 1238 849 1275 :
865 1243 878 1270 a
893 1223 956 1276 Non
970 1215 1050 1272 enim
1106 1219 1153 1272 tus
1167 1215 1286 1286 flagella
1300 1217 1339 1273 ad
1354 1218 1561 1290 probationem
1582 1219 1716 1292 percipit,
1732 1220 1785 1276 sed
1806 1237 1861 1294 pro
1876 1239 1938 1293 qua

219 1317 374 1392 accepistis
403 1315 541 1389 spiritum
568 1312 715 1370 servitutis
741 1312 848 1368 iterum
875 1308 906 1363 in
934 1307 1049 1372 timore,
1106 1307 1206 1361 tamen
1234 1305 1399 1378 specialiter
1427 1305 1515 1380 culpa
1541 1307 1724 1379 percutiatur
1743 1307 1868 1365 minime
1890 1326 1939 1366 co·

219 1403 271 1462 sed
301 1403 458 1478 accepistis
486 1402 624 1477 spiritum
651 1399 821 1473 adoptionis
850 1396 990 1462 tiliorum,
1019 1393 1050 1447 in
1106 1395 1231 1463 gnoseit,
1248 1399 1337 1468 atque
1353 1395 1449 1466 magis
1464 1396 1494 1452 in
1510 1397 1703 1468 percussione
1721 1397 1860 1470 trepidet,
1874 1415 1937 1472 quo

217 1510 279 1568 quo
291 1487 472 1560 clamamus
489 1487 575 1546 Abba
590 1490 692 1562 [Pater]
709 1489 803 1557 (Rom.
819 1503 878 1558 ιιιι,
894 1483 947 1554 rt).
965 1504 979 1533 a
999 1483 1049 1537 Se·
1068 1513 1090 1570 Β
1106 1497 1229 1539 catrsam
1244 1499 1305 1539 susa
1318 1484 1519 1556 percussionis
1532 1484 1657 1554 ignorat.
1668 1486 1740 1542 Petit
1752 1491 1785 1542 ut
1800 1489 1937 1562 semetip

216 1583 317 1656 quitur
329 1599 335 1637 :
1099 1589 1175 1628 sum
1186 1573 1243 1630 sibi
1255 1573 1347 1644 judex
1359 1573 1478 1642 indicet,
1488 1579 1638 1647 quatenus
1647 1574 1731 1647 quod
1741 1575 1789 1632 ille
1799 1576 1937 1634 animad-

251 1671 336 1728 Vnas.
349 1674 394 1726 35.
410 1663 539 1740 loquar,
555 1675 581 1726 et
596 1667 773 1725 coccimela
787 1677 862 1722 aum.
878 1693 911 1704 -
926 1661 975 1717 Vir
989 1660 1048 1717 ete·
1104 1661 1248 1718 vertendo
1260 1662 1396 1734 percutit,
1412 1663 1469 1718 boc
1481 1662 1511 1718 in
1526 1679 1558 1718 sc
1571 1661 1672 1719 tiendo
1682 1667 1711 1720 et
1724 1663 1789 1736 ipse
1798 1665 1934 1736 castiget.

217 1761 281 1817 nim
298 1761 431 1830 sanctus,
446 1757 518 1832 quia
537 1756 663 1814 humani
685 1755 801 1826 generis
821 1753 1050 1824 Redemptorem
1107 1751 1262 1824 Sequitur:

217 1833 320 1906 venire
331 1847 435 1905 mitem
450 1845 604 1920 conspicit,
615 1861 678 1902 non
689 1847 830 1900 metuma
846 1833 1050 1909 nominasse
1139 1843 1226 1897 Vens.
1243 1845 1268 1897 3.
1286 1841 1432 1912 Nacqatd
1446 1841 1552 1897 bouum
1577 1841 1631 1896 tibi
1651 1842 1770 1898 uidetur
1781 1843 1808 1898 st
1819 1844 1935 1900 catam-

217 1935 359 1996 affectum
375 1953 393 1993 a
406 1937 490 1992 Patre
514 1933 615 2002 sumit,
632 1937 660 1990 et
674 1933 812 1990 timorem
827 1929 962 2004 despicit,
979 1927 1050 2001 quia
1104 1931 1207 1994 cieris,
1223 1936 1249 1986 et
1266 1933 1418 2000 opprtrrros
1431 1945 1477 1986 me
1490 1933 1676 2000 pauperem?
1691 1963 1725 1972 —
1739 1935 1778 1986 Ac
1792 1931 1816 1986 si
1829 1935 1933 2004 aparte

216 2042 270 2102 per
296 2023 467 2099 adoptionis
491 2023 618 2096 gratiam
644 2021 684 2078 ad
707 2036 842 2078 amorem
858 2017 960 2088 surgit.
978 2017 1049 2073 llino
1104 2018 1266 2075 diceretur:
1283 2023 1324 2076 Tu
1338 2019 1391 2092 qui
1404 2033 1521 2076 summe
1536 2019 1636 2076 bonus
1654 2036 1697 2085 es,
1714 2020 1785 2076 novi
1796 2021 1868 2094 quia
1879 2020 1933 2078 bo·

216 2119 347 2174 loannes
360 2115 416 2186 ait:
434 2113 556 2170 «Timor
569 2129 631 2169 non
646 2116 689 2169 est
703 2112 734 2168 iu
748 2110 900 2181 charitate,
913 2107 967 2164 sed
982 2123 1049 2181 per·
1103 2124 1177 2164 num
1192 2124 1254 2164 non
1266 2108 1415 2176 aestimas,
1425 2115 1458 2165 ut
1478 2124 1645 2182 pauperem
1671 2125 1724 2181 per
1749 2109 1932 2166 calumniam

216 2205 294 2264 lecta
317 2204 446 2262 charitas
468 2201 548 2261 laras
576 2202 665 2259 mittit
687 2201 824 2258 timorem
855 2195 1047 2272 (lJcon.'1v,
1103 2211 1233 2268 premas.
1252 2197 1401 2268 Scioergo
1417 2197 1490 2270 quia
1513 2212 1575 2253 non
1590 2198 1761 2268 estjustum
1776 2199 1860 2271 qued
1883 2214 1934 2271 pa-

217 2293 270 2368 18).
284 2317 298 2345 a
313 2287 461 2367 Apeccali
473 2291 563 2363 igitur
572 2295 666 2349 morte
677 2289 828 2347 timornos
837 2288 978 2345 suscitare
987 2301 1048 2343 non
1103 2286 1169 2350 tior,
1194 2289 1222 2342 et
1247 2301 1282 2342 eo
1311 2287 1409 2354 magis
1442 2286 1541 2352 doleo,
1570 2286 1654 2359 quod
1680 2301 1788 2343 carrsas
1813 2287 1933 2358 justitiae

215 2383 317 2456 valuit,
334 2374 387 2439 sed
399 2381 439 2440 ad
452 2385 563 2439 statum
577 2381 645 2438 vitta
659 2381 790 2454 aspirata
809 2377 1048 2435 mansuetudinis
1103 2375 1218 2444 ignoro.
1234 2377 1308 2432 Cum
1327 2391 1397 2431 vero
1413 2392 1443 2431 se
1463 2389 1639 2448 pauperem,
1655 2391 1717 2432 ιιοιι
1742 2375 1932 2433 innocentem

217 2471 423 2544 gratiaexerit.
442 2471 596 2544 Sequitur:
625 2471 727 2542 Neque
751 2470 828 2525 enirn
846 2482 967 2538 possum
992 2481 1049 2522 me·
1102 2468 1259 2532 memorat,
1274 2480 1334 2520 non
1347 2468 1412 2535 jam
1428 2465 1464 2520 de
1484 2465 1547 2522 vita
1570 2463 1728 2520 audaciam
1753 2465 1867 2538 arripit,
1880 2465 1934 2522 sed

217 2569 302 2622 tuens
322 2561 510 2632 respondere.
526 2591 561 2600 -
580 2557 772 2632 Respondere
795 2557 908 2630 quippe
928 2555 1048 2612 cuilibet
1101 2568 1193 2625 quam
1207 2568 1238 2608 se
1257 2552 1411 2608 infirmum
1433 2553 1598 2626 conspiciat
1610 2552 1748 2610 ostendit.
1771 2553 1931 2627 Sequitur:

217 2646 355 2719 dicimus,
365 2666 434 2706 cum
444 2645 528 2705 iactis
541 2645 619 2704 illius
631 2642 823 2718 dignaopera
836 2657 1046 2717 recompensa·
1103 2643 1182 2712 Opas
1210 2658 1352 2700 munuum
1375 2649 1506 2699 tauram.
1536 2673 1562 2682 -—
1592 2645 1632 2698 Ac
1656 2643 1680 2698 si
1704 2647 1806 2715 aperte
1830 2643 1931 2700 dicat:

216 2757 295 2796 mus.
311 2743 370 2796 lieo
385 2753 456 2810 ergo
478 2733 659 2811 respondere
675 2739 728 2805 est,
745 2733 833 2791 donis
853 2733 917 2806 ejus
939 2748 1047 2806 praece-
1103 2732 1193 2806 tmpie
1207 2733 1377 2806 opprimere
1401 2735 1572 2806 conpotes,
1589 2745 1680 2804 quem
1696 2736 1724 2788 te
1747 2731 1853 2789 fecisse
1866 2747 1933 2802 gra·

216 2827 356 2886 dentibus
371 2831 473 2884 nostra
484 2824 630 2899 obsequia
643 2823 777 2882 reddere.
795 2825 879 2880 [iona
900 2821 1045 2879 animno·
1102 2821 1174 2878 tuito
1200 2822 1374 2878 recordaris.
1400 2809 1559 2895 Sequitur:
1580 2822 1619 2877 Et
1647 2822 1803 2880 auaritiam
1826 2824 1932 2892 enpu-

215 2917 262 2975 bis
276 2916 409 2988 largitur,
423 2916 639 2986 benignitatem
655 2931 752 2982 suam,
766 2917 794 2970 et
807 2909 981 2984 ergamalos
992 2909 1047 2967 uti·
1101 2929 1169 2969 ram
1182 2913 1306 2983 adjaces
1319 2913 1333 2968 ‘l
1348 2945 1380 2952 -
1398 2915 1477 2978 Quos
1488 2911 1686 2984 namquruoc
1695 2911 1726 2968 in
1736 2910 1801 2968 loco
1812 2909 1931 2984 impios,

215 3013 273 3066 tur.
285 3006 475 3081 despondere
495 3005 587 3064 horno
604 3008 645 3062 tot
656 3001 810 3062 beneficiis
821 3003 919 3072 debet,
936 3007 989 3058 sed
1004 3005 1046 3057 ta·
1101 3002 1156 3058 nisi
1172 3003 1320 3072 malignos
1336 3003 1456 3074 spiritus
1472 3005 1560 3058 vocat
1572 3001 1585 3056 ‘l
1599 3001 1654 3067 Qui
1671 3017 1741 3058 cum
1754 3000 1851 3058 redire
1873 3001 1932 3074 ipsi

216 3114 286 3154 men
301 3095 483 3170 respondere
499 3098 636 3150 metuens
652 3109 712 3149 non
725 3091 820 3160 valet;
837 3091 909 3164 quia
920 3089 1046 3146 humani
1101 3091 1247 3146 advitam
1263 3097 1426 3164 nequeunt,
1442 3089 1599 3146 crudeliter
1626 3089 1725 3146 socios
1744 3089 1784 3147 ad
1803 3092 1933 3146 mortem

217 3184 334 3255 generis
351 3181 552 3264 Conditorem,
566 3179 725 3246 quiadhuc
738 3174 879 3234 serviliter
894 3173 1044 3248 formidat,
1101 3183 1247 3262 quaerunt.
1265 3180 1398 3244 Quorum
1413 3177 1555 3234 nimirum
1570 3176 1729 3234 eonsilium
1739 3176 1803 3245 ruit,
1817 3173 1850 3232 ut
1863 3175 1933 3233 bea-

216 3269 428 3344 proculdubio
442 3283 504 3326 non
518 3271 610 3325 amat.
623 3266 697 3324 Nam
710 3271 781 3323 tunc
791 3266 888 3322 solum
902 3267 961 3322 Deo
975 3271 1046 3321 vera
1101 3271 1165 3323 tum
1179 3267 1234 3323 tob
1248 3267 1351 3325 divina
1365 3267 1512 3341 correptio
1533 3269 1676 3336 tangeret,
1691 3270 1719 3324 et
1730 3266 1781 3340 qui
1804 3265 1834 3322 in
1848 3269 1931 3322 ban-

216 3357 363 3433 obsequla
378 3357 544 3427 reddimus,
560 3371 630 3414 cum
643 3373 694 3413 eos
709 3359 831 3429 propter
846 3355 958 3412 amoris
971 3353 1047 3411 fidu·
1100 3355 1243 3428 quillitate
1256 3357 1355 3427 iustus
1366 3357 1526 3426 exstiterat,
1543 3355 1649 3412 saltem
1663 3368 1717 3429 per
1732 3354 1852 3426 flagella
1863 3371 1932 3428 pec·

216 3451 294 3507 ciam
309 3461 371 3506 non
385 3447 539 3518 timemus,
554 3463 623 3503 cum
636 3461 692 3501 nos
707 3445 746 3502 ad
758 3445 839 3502 bona
849 3457 942 3518 opere
955 3445 1045 3501 altec-
1101 3449 1189 3500 caret.
1205 3446 1263 3502 Sed
1273 3443 1433 3519 impiorum
1449 3444 1608 3502 consilium
1622 3444 1765 3502 llcminus
1775 3459 1837 3501 non
1849 3444 1932 3502 audi·

217 3542 275 3610 tus,
288 3549 350 3594 non
358 3539 467 3610 metus,
478 3535 587 3606 dirigit.
597 3535 751 3608 Sequitur:
1101 3534 1151 3604 vit,
1168 3534 1239 3606 quia
1251 3551 1355 3591 eorum
1371 3534 1583 3592 tentationibus
1596 3545 1721 3590 carnem
1741 3533 1815 3605 justi
1829 3532 1930 3607 prodi-

233 3619 237 3628 ’
549 3625 661 3682 CAPUT
674 3626 704 3680 X.
1100 3623 1152 3691 dit,
1169 3623 1303 3680 animam
1318 3625 1448 3694 negavit.
1466 3625 1527 3680 Hoc
1541 3623 1630 3682 etiam
1637 3623 1797 3680 consilium
1806 3623 1931 3681 assidue

250 3719 336 3774 Vens
354 3719 379 3772 l.
397 3715 495 3773 Taedet
505 3719 637 3771 animum
648 3725 742 3770 meum
753 3713 821 3770 vita
835 3721 915 3770 meae.
926 3713 1045 3769 —Oum
1101 3713 1245 3770 Dominus
1257 3711 1391 3782 destruit,
1406 3713 1478 3787 quia
1491 3712 1561 3786 pius
1577 3713 1719 3771 Conditor
1730 3728 1800 3770 cum
1814 3711 1929 3769 viribus

215 3805 336 3864 enimin
347 3819 450 3862 amore
461 3801 627 3862 conditoris
647 3817 733 3860 mens
744 3805 848 3859 nostra
863 3798 1044 3876 accenditur,
1099 3801 1219 3874 flagella
1241 3802 1426 3874 moderatur,
1441 3819 1479 3860 ne
1502 3802 1642 3859 virtutem
1662 3802 1813 3874 justorum
1838 3817 1930 3876 poena

212 3911 302 3953 omne
316 3893 498 3951 desiderium
511 3891 667 3967 presentis
681 3892 749 3948 vitre
768 3889 923 3960 levigatur.
939 3892 970 3948 tn
993 3896 1044 3949 tce·
1099 3897 1231 3950 transeat
1253 3894 1508 3968 persequentium,
1526 3897 1554 3950 et
1572 3909 1626 3968 per
1645 3893 1785 3950 astutiam
1808 3891 1930 3950 tortium

212 3983 296 4042 dium
325 3982 482 4040 delectatio
505 3981 637 4052 vertitur,
650 3985 739 4056 atque
754 3981 833 4038 banc
857 3995 926 4038 cum
945 3996 1044 4038 errore
1099 3983 1233 4040 bumana
1247 3982 1404 4040 infirmitas
1419 3981 1552 4040 excedat.
1571 3981 1644 4038 llinc
1660 3981 1770 4038 Paulus
1785 3980 1843 4038 ait:
1860 4003 1874 4032 a
1889 3981 1930 4038 Fi·

211 4087 298 4130 mans
308 4071 423 4142 toleret,
437 4071 485 4129 cui
495 4071 573 4128 victa
584 4070 668 4144 prius
679 4069 809 4144 reprobo
822 4083 924 4127 amore
934 4071 1042 4128 servie-
1098 4071 1173 4128 detis
1186 4077 1288 4130 autem
1304 4075 1391 4146 Deus,
1406 4073 1458 4146 qul
1482 4087 1543 4129 non
1558 4071 1669 4145 patitur
1687 4087 1741 4128 ros
1760 4070 1869 4128 tentari
1882 4087 1929 4128 su·

210 4160 271 4216 bat.
288 4161 443 4233 Sequitur:
459 4158 616 4216 Dimittam
641 4159 799 4216 adversam
823 4173 869 4216 me
893 4160 1041 4230 eloquium
1097 4153 1153 4234 pra
1167 4161 1197 4217 id
1212 4162 1294 4235 quod
1309 4161 1443 4235 potestis,
1463 4183 1477 4213 ιι
1505 4166 1534 4218 et
1559 4159 1675 4236 reliqua
1700 4161 1729 4229 (l
1740 4159 1809 4217 Cor.
1825 4172 1855 4226 x,
1871 4159 1926 4232 te).

210 4263 317 4304 meum.
329 4280 364 4289 -
376 4249 467 4314 Quasi
481 4263 536 4320 pro
547 4263 578 4304 se
593 4246 712 4321 eloquio
724 4263 779 4304 suo
794 4247 894 4316 utitur,
908 4247 960 4322 qui
973 4263 1040 4322 pra·
1059 4221 1082 4276 D
1098 4251 1251 4324 Sequitur:

209 4351 249 4391 va
260 4349 329 4407 quae
344 4335 444 4405 gessit,
460 4335 620 4392 defendere
636 4335 879 4392 excusationibus
904 4340 1037 4393 conatur.
1132 4341 1219 4397 Vens.
1236 4344 1262 4408 t,
1273 4345 1336 4412 aa.
1350 4347 1376 4396 7.
1391 4339 1537 4413 Nanqaid
1557 4341 1639 4398 ocati
1656 4341 1761 4398 neraei
1779 4339 1834 4395 titt
1845 4343 1926 4402 suat,

210 4423 267 4480 Sed
279 4422 441 4480 adversum
462 4439 493 4480 se
506 4423 660 4498 eloquium
673 4423 801 4496 dimittit,
818 4425 871 4498 qui
898 4439 1040 4482 accusare
1094 4435 1149 4485 out
1164 4429 1327 4486 stratvtdat
1343 4431 1464 4488 tumeat
1475 4435 1507 4486 ta
1517 4428 1766 4500 uideotNiaaqaid
1778 4427 1928 4484 stcatda'ea

208 4511 238 4568 in
254 4527 285 4568 se
298 4513 356 4570 hoc
370 4513 484 4587 incipit,
502 4513 585 4587 quod
601 4513 718 4570 erravit.
738 4514 876 4588 Sequitur
892 4533 898 4571 :
918 4517 1040 4588 Loquar
1095 4519 1232 4588 bominis,
1247 4519 1308 4576 dies
1321 4521 1376 4588 tur',
1393 4525 1446 4578 nat
1460 4519 1537 4577 anni
1551 4521 1596 4576 tui
1615 4520 1692 4576 sicat
1708 4517 1928 4575 lamentarent

206 4603 238 4658 ιιι
253 4603 458 4661 amaritudine
473 4605 581 4661 anima
592 4619 673 4661 mea.
694 4635 729 4646 --
750 4605 820 4670 Quis
842 4603 946 4678 culpas
968 4619 1040 4662 suas
1067 4655 1069 4662 ,
1093 4613 1227 4679 tempora
1237 4615 1271 4664 ut
1283 4623 1401 4680 querca
1416 4609 1603 4682 iniquitatem
1618 4623 1713 4666 meam
1728 4611 1758 4664 et
1770 4609 1926 4676 peccatam

205 4691 355 4749 detestans
383 4693 525 4768 loquitur.
549 4697 639 4751 restat
665 4709 786 4750 necesse
809 4699 852 4750 est
874 4698 907 4750 ut
929 4694 985 4751 has
1008 4695 1039 4751 ιιι
1093 4698 1635 4769 meamscrateaetsacsqauntttt
1647 4694 1925 4766 impiamsecerr'mt

205 4781 404 4838 amaritudine
416 4785 524 4840 animae
535 4783 684 4857 loquatur,
695 4787 726 4840 ut
737 4784 802 4840 haec
817 4783 883 4856 ipsa
895 4785 1038 4842 amaritu-
1092 4791 1177 4843 -Ac
1193 4787 1216 4842 ιι
1241 4784 1391 4842 humiliter
1405 4786 1559 4859 requirens
1574 4786 1686 4842 diceret
1702 4802 1709 4840 :
1739 4787 1797 4842 Cur
1823 4797 1873 4842 ma
1895 4785 1925 4842 ιιι

204 4866 243 4924 (ιο
258 4869 374 4941 puniat,
392 4871 540 4945 quidquid
561 4873 665 4943 lingua
680 4885 733 4945 per
759 4873 867 4929 mentis
889 4875 1037 4945 judicium
1092 4880 1227 4949 tempore
1241 4889 1295 4950 per
1308 4875 1427 4947 flagella
1438 4875 1604 4944 examinas,
1617 4886 1708 4948 quem
1724 4873 1807 4946 apud
1822 4878 1926 4949 teper-

205 4962 339 5015 accusat.
357 4959 513 5032 Sequitur:
1091 4965 1164 5022 lecte
1174 4969 1204 5022 et
1216 4969 1284 5023 ante
1297 4969 1433 5038 tempora
1453 4964 1624 5021 scisti‘ltlur
1638 4962 1743 5036 culpas
1756 4977 1842 5022 meas
1858 4971 1924 5022 rar

237 5049 355 5104 venat.
365 5048 471 5106 Dicam
481 5051 556 5106 Deo:
574 5051 646 5107 Noti
657 5065 704 5107 me
716 5051 925 5111 condemnare.
938 5085 971 5094 -—
982 5055 1036 5120 Qui
1090 5053 1213 5110 beribus
1223 5053 1399 5125 interrogas,
1414 5067 1506 5126 quem
1516 5067 1571 5126 per
1582 5055 1610 5110 te
1619 5051 1790 5124 aeternitatis
1800 5053 1860 5111 tum
1867 5063 1924 5126 po-

199 5141 388 5211 peccatorem
400 5150 430 5195 se
446 5139 476 5194 in
492 5139 691 5197 amaritudine
708 5141 817 5199 animae
830 5143 945 5214 asserit,
960 5145 1035 5217 quid
1090 5143 1224 5212 tentiam,
1239 5157 1295 5200 nec
1308 5144 1391 5217 prius
1405 5158 1497 5215 quam
1513 5141 1658 5200 conderes
1680 5142 1802 5213 ignoras
1812 5141 1826 5198 ι
1838 5141 1923 5200 Oculi

200 5226 347 5284 Deoaliud
362 5241 456 5302 quam
466 5243 505 5285 ne
520 5225 739 5286 condemnatur
747 5229 829 5303 dicit,
840 5233 913 5306 quia
925 5233 1036 5290 amari-
1088 5233 1203 5306 quippe
1216 5233 1326 5302 carnei,
1337 5231 1417 5289 laeta
1426 5231 1732 5306 temporum,nonnisi
1743 5231 1774 5288 in
1787 5235 1923 5305 tempore

196 5313 270 5370 tudo
280 5318 435 5386 presentis
451 5317 642 5392 poenitentiae,
655 5319 816 5391 exstinguit
826 5321 975 5395 supplicia
991 5339 1032 5377 se
1091 5327 1270 5394 agnoscunt,
1281 5327 1310 5379 et
1321 5323 1473 5378 humanus
1482 5321 1724 5396 visusqucdlibet
1735 5337 1812 5396 opus
1823 5319 1923 5394 sequi-

195 5403 315 5474 quentis
326 5405 532 5464 irae‘tltuobus
543 5408 623 5464 enim
637 5408 735 5464 modis
746 5409 840 5466 inhac
850 5409 1034 5482 vitajudicat
1090 5411 1440 5485 tar,nonparcurrit.lties
1453 5426 1576 5486 quoque
1591 5417 1619 5470 et
1633 5413 1704 5470 anni
1718 5411 1888 5478 hominum,
1903 5425 1923 5466 ι

193 5491 283 5562 Deris,
296 5507 365 5549 cum
377 5500 429 5552 aut
436 5511 490 5569 per
500 5498 581 5556 mala
593 5499 751 5572 praesentia
759 5500 892 5570 irrogare
900 5501 965 5572 jam
977 5503 1033 5557 tor·
1089 5502 1197 5560 diebus
1219 5506 1248 5559 et
1269 5502 1355 5559 annis
1375 5503 1542 5560 calamitatis
1561 5503 1741 5578 discrepant,
1756 5499 1830 5576 quia
1844 5499 1920 5558 vito·
