4160 6162
135 123 187 179 233
399 151 401 156 ·
567 123 715 182 ΕΡΙΤΟΜΕ
730 123 912 182 nonantula
926 122 955 179 S·
970 118 1074 180 enne.
1091 125 1125 179 ΙΝ
1139 123 1209 180 tou.
1226 155 1261 165 -
1275 123 1339 182 LlB.
1354 126 1408 182 illl.
1790 126 1843 182 eei

135 241 207 300 dum
218 239 345 300 inlantia
358 241 399 300 ad
411 242 579 316 pueritiam,
588 243 715 317 pueritia
734 242 772 300 ad
790 242 962 300 adolescen·
977 245 1002 300 Α
1017 245 1121 304 iteum.
1151 245 1185 300 Et
1209 247 1287 301 recte
1316 243 1358 300 ait
1385 259 1391 300 :
1420 243 1461 302 at
1493 243 1618 318 drpnum
1644 243 1727 300 dacis
1756 259 1847 316 super

134 331 215 400 tiam,
242 330 443 388 adolescentia
465 331 505 389 ad
529 333 728 404 jnventutem,
753 332 896 404 juventus
922 331 961 388 ad
1016 329 1221 403 hujuscemodi
1235 347 1355 403 operere
1370 333 1472 391 oculos
1486 332 1581 390 taos?
1601 325 1759 406 Sequitur':

134 422 326 492 senectutem,
342 423 478 478 senectus
492 421 597 478 transit
615 420 655 478 ad
668 425 807 489 mortem,
824 421 855 477 in
869 437 961 478 eursu
1050 420 1136 478 Vsus.
1152 423 1178 477 t.
1197 421 1254 490 Oai
1262 427 1359 492 potest
1370 421 1474 491 socero
1484 422 1629 482 rutundum
1642 421 1679 480 de
1693 423 1845 480 imnrando

133 507 200 565 vita
218 508 374 581 pressantis
387 508 460 582 ipsis
478 509 540 566 suis
558 510 728 581 augmentis
747 509 787 568 ed
801 509 960 567 detrimen·
1015 509 1712 583 conceptumsemine‘lNonnetuqaisotasest?
1726 511 1845 585 Ipse,-

134 601 164 654 ta
177 595 348 670 impellitur.
365 597 524 670 Sequitur:
1014 599 1067 672 qui
1084 615 1137 674 per
1156 615 1188 658 se
1203 599 1283 656 solus
1303 603 1350 656 est
1366 598 1510 668 mundus,
1535 599 1684 658 mundare
1704 600 1847 674 praevalet

168 687 255 743 Vens.
278 689 304 742 3.
330 686 370 742 lit
393 687 518 759 dipnam
542 687 626 745 duro
648 703 739 760 super
756 689 962 758 trduscnnodi
1013 688 1183 747 immunda.
1196 692 1291 746 Homo
1300 688 1381 746 euim
1390 688 1421 745 in
1432 687 1617 764 corruptibili
1630 704 1720 746 carne
1733 690 1844 758 vivens,

133 775 251 846 aperire
270 775 369 831 ocutos
391 781 467 844 tuos,
489 783 518 834 et
537 777 688 834 adducere
706 783 802 834 tecum
825 778 858 833 in
876 777 959 848 jndi-
1013 777 1106 836 habet
1143 777 1340 836 tentationum
1373 775 1579 836 immunditias
1615 777 1778 851 impressas
1814 779 1846 835 in

132 865 208 922 dum
229 865 291 920 ι-
310 864 513 924 consideravit
531 867 644 940 quippe
665 865 803 939 superius
822 870 851 922 et
864 865 959 922 omni-
1013 865 1183 940 semetipso,
1199 867 1251 940 qui
1264 865 1408 926 nimirum
1421 883 1472 924 eas
1488 865 1576 923 traxit
1586 865 1625 922 ab
1640 865 1764 936 origine.
1776 871 1845 941 ipsa

130 951 256 1026 potentis
286 952 336 1009 liei
361 955 550 1027 potentiani,
580 960 609 1012 et
637 954 842 1012 infirmitatem
871 970 958 1012 suam
1011 955 1125 1030 quippe
1139 960 1261 1030 propter
1270 955 1496 1014 delectanouem
1507 955 1606 1012 earnis
1615 955 1679 1028 ejus
1688 956 1844 1028 conceptio

129 1040 252 1100 deduxit
269 1045 337 1099 autc
361 1043 475 1102 oeulos.
511 1047 547 1102 Se
571 1047 598 1102 et
620 1045 782 1102 Dominum
806 1043 957 1118 pensavit,
1012 1043 1204 1102 immunditia
1218 1048 1271 1101 est.
1289 1045 1371 1102 Unde
1385 1043 1546 1103 psalmista
1560 1046 1601 1102 ait
1617 1063 1623 1100 :
1641 1064 1656 1098 ι
1673 1047 1745 1101 Ecce
1763 1043 1844 1100 enim

130 1131 196 1206 quis
223 1147 294 1188 cunr
318 1149 381 1207 quo
410 1133 450 1192 ad
474 1133 622 1206 judicium
648 1134 757 1192 veniat.
785 1134 864 1192 Vidit
888 1133 958 1191 hine
1012 1131 1262 1206 ininiquitatihus
1276 1137 1531 1206 conceptussuur‚
1546 1132 1615 1188 etin
1628 1131 1845 1206 delictispepe-

129 1220 293 1290 hominem,
310 1221 381 1280 inde
397 1223 598 1291 conditorem,
613 1223 644 1280 id
659 1227 704 1280 est
718 1226 747 1280 ct
763 1222 917 1297 pulverem
930 1226 959 1280 et
1011 1221 1050 1279 rit
1063 1239 1112 1280 me
1123 1227 1220 1281 mater
1234 1239 1304 1280 mea
1318 1222 1412 1295 (Prot.
1430 1240 1456 1296 ι,
1471 1223 1512 1296 7).
1527 1246 1542 1274 »

1616 1444 1620 1451 .
1634 1435 1828 1458 ..m—...d

690 1637 859 1728 LIBER
905 1637 1280 1728 DUODECIMUS.

161 1931 251 1989 Vens.
280 1936 306 1988 5.
334 1933 444 1988 Breues
469 1931 531 1988 dics
559 1930 687 1988 lomois
711 1937 793 2004 sunt,
814 1929 956 1990 nomana
974 1936 996 1990 B
1045 1935 1129 1991 Vens.
1144 1939 1169 1989 7.
1185 1933 1315 2006 Lipnum
1330 1931 1417 1992 tolet
1431 1948 1450 2002 ι,
1469 1949 1515 1992 em
1521 1945 1533 2006 ;
1548 1933 1575 1991 si
1581 1935 1739 2004 precisum
1749 1932 1845 2004 suerit

125 2022 271 2080 mensium
292 2022 357 2091 ejus
376 2020 460 2090 apud
479 2025 507 2078 te
527 2025 582 2077 est.
604 2051 639 2060 -
658 2020 720 2078 Hoc
741 2020 851 2078 etenim
875 2020 958 2094 apud
1010 2038 1133 2080 rursum
1157 2023 1284 2092 ceesdt,
1309 2029 1337 2080 et
1362 2023 1445 2080 romi
1465 2028 1533 2094 ejas
1553 2025 1724 2094 pullulent.
1748 2054 1785 2064 -
1812 2023 1844 2079 ln

126 2125 185 2168 nos
202 2109 284 2167 velut
300 2125 364 2168 non
382 2124 448 2166 esse
470 2108 651 2178 consideret,
671 2114 785 2183 quauta
804 2109 958 2168 velocitate
1010 2105 1162 2179 Scriptura
1187 2106 1296 2164 etenim
1319 2123 1407 2164 sacra
1422 2105 1503 2180 ligni
1525 2107 1647 2165 nomine
1675 2106 1845 2182 aliquando

126 2198 312 2256 nanscurrit.
343 2197 419 2266 Quia
448 2213 520 2254 vero
550 2197 749 2272 omnipotenti
779 2201 840 2256 lieo
867 2198 958 2256 etiam
1011 2209 1086 2252 crux
1105 2193 1286 2266 intelligitur,
1303 2199 1335 2252 ut
1358 2195 1456 2254 illud:
1482 2218 1496 2247 «
1511 2197 1658 2254 liittamus
1673 2197 1791 2268 lignum
1814 2195 1845 2252 in

124 2286 260 2346 labentia
278 2287 400 2358 instant,
420 2286 503 2361 apud
523 2303 593 2344 eum
609 2303 675 2344 esse
691 2303 853 2346 numerum
872 2304 957 2346 men·
1010 2299 1123 2358 panem
1142 2284 1207 2356 eius
1229 2285 1302 2358 (der.
1318 2301 1357 2354 ιι,
1376 2285 1430 2356 te).
1454 2305 1468 2336 u
1487 2284 1656 2359 Aliquando
1677 2291 1778 2342 autem
1796 2284 1846 2340 vir

128 2375 208 2432 sium
218 2379 390 2434 nostrorum
400 2374 546 2450 perhibet.
558 2375 608 2434 Vel
618 2379 695 2434 certe
707 2375 847 2434 indiebus
861 2377 956 2434 brevi·
1007 2373 1107 2446 justus
1132 2378 1186 2432 aut
1212 2373 1302 2432 eiiam
1324 2373 1468 2447 injustus,
1502 2377 1533 2432 ut
1558 2374 1631 2431 illud
1655 2375 1810 2448 propheta
1838 2389 1844 2428 :

125 2469 170 2522 tas
183 2463 328 2538 temporis
347 2464 379 2521 in
398 2463 555 2522 mensibus
569 2479 641 2523 vero
657 2464 744 2538 quasi
760 2464 957 2539 multiplicata
1012 2486 1025 2514 ι
1038 2466 1100 2534 Ego
1112 2463 1258 2522 Dominus
1267 2457 1423 2522 humiliavi
1431 2462 1551 2535 lignum
1562 2463 1700 2531 sublime,
1715 2461 1847 2520 exaltavi

124 2553 243 2611 dierum
254 2553 351 2628 spatia
364 2552 569 2625 designantur.
586 2552 676 2610 Nobis
689 2569 762 2612 vero
774 2553 838 2610 dies
850 2552 956 2612 breves
1008 2551 1124 2624 lignum
1140 2553 1254 2610 humile
1270 2553 1386 2626 (Erecl.
1412 2568 1434 2622 1,
1449 2553 1507 2626 ιι).
1523 2575 1539 2604 »
1554 2551 1725 2628 Aliquando
1741 2555 1843 2608 autem

125 2647 203 2701 sunt.
226 2642 285 2700 Sed
298 2642 446 2717 quievita
459 2647 566 2701 nostra
579 2643 743 2700 ostenditur
759 2643 843 2718 apud
862 2647 956 2704 ileum
1008 2639 1164 2701 incarnata
1201 2643 1252 2700 Dei
1281 2642 1431 2716 Sapientia
1459 2642 1628 2716 liguratur,
1668 2641 1799 2700 utillud
1835 2658 1842 2698 :

124 2726 289 2790 numerum
307 2731 459 2790 mensium
479 2737 653 2791 nostrorum
672 2747 741 2790 esse
760 2737 954 2791 memoratur.
1010 2753 1023 2780 v
1040 2731 1167 2802 Lignum
1190 2731 1258 2788 vitae
1280 2736 1326 2790 est
1348 2731 1395 2788 his
1419 2729 1473 2806 qui
1498 2730 1754 2806 apprehenderint
1777 2746 1845 2787 eam

125 2823 207 2880 Unde
236 2826 266 2880 et
290 2837 344 2896 per
371 2821 563 2880 Salomonem
589 2821 720 2880 dicitur:
747 2844 761 2872 ι
790 2822 957 2894 longitudo
1010 2819 1111 2892 (Pron
1124 2823 1165 2890 ul,
1179 2819 1233 2893 ιι).
1248 2843 1262 2870 »
1275 2819 1547 2878 Horitaloooeum
1560 2820 1677 2890 lignum
1690 2819 1845 2892 praeiertur

124 2909 244 2969 dierum
258 2909 291 2968 in
304 2909 410 2967 deuna
424 2909 501 2968 illius
514 2911 615 2982 (Ριου.
631 2926 672 2974 ιιι,
690 2909 743 2982 ιιι).
761 2928 776 2962 s
797 2911 955 2984 Sequitur:
1009 2907 1135 2978 homini,
1146 2907 1220 2982 quid
1229 2909 1332 2979 homo,
1341 2909 1397 2966 uisi
1408 2908 1537 2966 canulis
1546 2909 1674 2982 quisque
1685 2908 1845 2982 accipitur?

125 3001 318 3060 eonstituisti
344 3000 486 3058 terminos
513 3001 589 3069 ejas,
622 2999 675 3071 qui
712 2999 865 3070 praeteriri
897 3015 957 3058 noo
1011 2999 1044 3053 Et
1058 2995 1362 3070 quidligninomine,
1377 2996 1435 3054 nisi
1446 2997 1520 3069 justi
1535 2997 1772 3069 uniuscujusque
1785 2996 1847 3053 vita

121 3095 278 3161 poterunt.
293 3119 328 3132 -
349 3087 438 3145 Nulla
450 3103 519 3162 qua
531 3086 563 3144 in
578 3087 634 3146 hoc
649 3087 765 3146 mundo
783 3086 958 3146 hominibus
1011 3085 1146 3157 signatur
1158 3086 1172 3142 ι
1186 3087 1318 3157 nsquam
1329 3085 1439 3144 etenim
1449 3085 1538 3142 trabat
1549 3100 1641 3154 spem,
1653 3086 1679 3140 si
1687 3085 1845 3153 precisum

124 3179 209 3250 fiunt,
237 3178 353 3252 absque
376 3175 589 3251 omnipotentis
617 3176 667 3234 Dei
690 3176 815 3234 consilio
840 3176 958 3234 occulto
1007 3175 1113 3245 suerit,
1129 3189 1252 3230 rursum
1265 3175 1394 3231 vocent.
1406 3169 1483 3240 Quia
1495 3188 1566 3230 curn
1580 3171 1610 3228 in
1625 3175 1720 3228 morta
1732 3169 1846 3244 passio

123 3264 258 3322 veniunt.
284 3267 358 3320 liam
382 3264 492 3319 cuncta
517 3264 596 3318 ilaus
620 3265 759 3320 secutura
784 3261 955 3335 presciens,
971 3285 991 3344 ρ
1010 3263 1056 3320 nis
1070 3277 1126 3336 pro
1147 3264 1269 3321 veritate
1284 3263 1421 3336 afflcinrr,
1436 3261 1468 3320 in
1482 3265 1601 3320 (eterna
1617 3259 1682 3318 vitea
1696 3259 1846 3317 viriditate

124 3353 192 3406 &¹120
214 3347 327 3405 Sffittula
349 3346 489 3418 ἂθθῑθῒίῐ,
514 3345 641 3420 ‘imiliter
660 3361 715 3420 pel·
733 3345 844 3404 meula
857 3346 956 3420 dispo·
1008 3358 1211 3428 recuperetur,
1225 3357 1254 3412 ei
1267 3353 1320 3427 qui
1332 3353 1381 3411 hic
1392 3351 1510 3412 virebat
1520 3368 1575 3426 per
1585 3350 1687 3418 tidem,
1698 3349 1756 3406 illie
1769 3349 1847 3406 vire·
1933 3397 1934 3400 ,

124 3443 246 3497 uantur.
272 3439 421 3497 statutum
443 3436 557 3512 quippe
572 3435 637 3508 J‘am
651 3436 767 3494 homini
781 3439 835 3505 est,
858 3451 955 3512 quan·
1009 3443 1064 3500 seit
1084 3459 1137 3516 per
1157 3442 1299 3518 speciem.
1324 3444 1364 3500 Et
1391 3441 1472 3500 raeiri
1495 3443 1559 3512 cius
1582 3441 1752 3512 pullulent.
1770 3439 1845 3504 Quia

124 3533 189 3587 lum
202 3529 285 3586 1¹11ssss
300 3527 407 3586 mundi
425 3526 608 3602 Pfflspflrilssss
628 3531 779 3601 sequatm,
795 3525 842 3584 vel
856 3541 955 3600 quan·
1007 3533 1187 3608 plerumque
1215 3549 1252 3590 ex
1281 3532 1421 3606 passione
1447 3530 1522 3606 justi
1540 3529 1644 3586 lidelcs
1661 3544 1783 3602 quoque
1806 3527 1847 3584 ad

123 3623 188 3676 tum
202 3617 372 3680 adversitas
385 3617 480 3686 feriat,
497 3632 535 3674 ne
547 3615 657 3674 electos
669 3619 735 3688 ejus
747 3620 799 3674 aut
811 3615 956 3673 immode-
1007 3637 1143 3679 amoram
1164 3621 1278 3680 celestia
1300 3621 1405 3696 patriae
1424 3619 1673 3694 multiplicantur,
1697 3624 1726 3674 et
1743 3615 1843 3674 viridi-

122 3713 188 3768 rata
196 3707 382 3784 prosperitas
388 3707 493 3779 elevet,
501 3709 554 3764 aut
562 3705 656 3764 nimia
665 3705 832 3763 adversitas
841 3709 952 3778 gravet.
1007 3713 1099 3768 tutem
1114 3711 1181 3768 vitre
1194 3709 1336 3785 spiritalis
1350 3710 1512 3784 accipiunt,
1528 3709 1602 3766 dum
1617 3708 1699 3764 hune
1715 3722 1770 3780 pro
1785 3709 1845 3764 Deo

123 3797 212 3866 Quod
231 3801 332 3856 nmen
351 3795 476 3868 inlflffidi
496 3796 586 3854 eliam
603 3795 690 3868 jum
709 3794 846 3869 spiritum
864 3794 953 3860 Valet·
1008 3791 1120 3860 sortiter
1133 3800 1229 3872 egisse
1244 3799 1431 3872 gratulantur
1444 3797 1605 3872 Sequitur:

121 3883 953 3961 quianonnunquaminvirtutibnsproficereconamur,

121 3979 150 4034 et
165 3975 290 4050 qoedam
312 3973 395 4030 dona
417 3971 609 4046 percipimus,
635 3987 656 4030 a
677 3971 862 4045 quibusdam
884 3985 955 4028 vero
1043 3964 1128 4018 Vltus.
1145 3964 1171 4030 8,
1187 3965 1214 4017 9.
1230 3961 1266 4016 Si
1278 3961 1409 4017 renuent
1424 3960 1457 4015 in
1476 3963 1559 4015 terra
1573 3957 1665 4014 radix
1679 3958 1754 4027 ejice,
1771 3963 1797 4012 ei
1813 3958 1846 4012 in

120 4062 241 4138 repulsi
260 4062 291 4118 in
305 4060 374 4116 imis
386 4061 532 4131 jacemus.
553 4063 647 4116 Nemo
660 4059 742 4115 enim
759 4061 803 4116 est
822 4057 876 4132 qui
889 4061 956 4114 tan·
1007 4050 1133 4120 pulvere
1145 4054 1283 4105 mortuus
1297 4049 1391 4118 suerit
1405 4052 1542 4113 truncus,
1558 4045 1641 4100 iltius
1653 4059 1664 4100 .·
1674 4045 1716 4101 ad
1728 4044 1847 4100 odorem

121 4159 190 4212 tum
220 4149 341 4208 virtutm
368 4146 591 4222 apprehendat,
618 4149 768 4221 quantum
794 4144 958 4202 desiderat·
1012 4154 1098 4211 aqua
1126 4137 1317 4214 perminaqit,
1346 4139 1374 4192 ct
1400 4135 1492 4207 saciet
1520 4147 1645 4199 romam,
1672 4133 1847 4204 quarinum

121 4241 198 4316 quia
222 4237 413 4312 omnipotens
438 4238 516 4294 Deus
538 4233 681 4294 interiora
700 4233 875 4292 discernens
888 4231 956 4308 ipsi,
1011 4229 1142 4301 primum
1163 4227 1338 4297 plantatum
1362 4229 1415 4281 est.
1430 4253 1466 4266 -
1480 4220 1559 4290 Quid
1578 4220 1664 4278 radix
1683 4219 1767 4294 justi,
1790 4219 1848 4276 nisi

122 4326 330 4404 spiritualibus
343 4323 528 4401 profectibus
541 4324 669 4384 modurn
692 4323 786 4399 pouit,
802 4327 834 4381 ut
848 4339 885 4380 ex
898 4323 957 4380 hoc
1012 4321 1116 4374 sancta
1139 4313 1324 4388 pradicatio,
1340 4311 1413 4386 quia
1436 4309 1475 4370 ab
1489 4309 1555 4386 ipsa
1568 4309 1670 4379 oritur,
1687 4313 1716 4366 et
1736 4309 1767 4365 in
1781 4308 1848 4383 ipsa

122 4419 219 4476 homo
242 4415 327 4492 quod
349 4414 575 4492 apprehendere
599 4416 734 4480 conatur,
750 4415 853 4470 elnon
867 4411 956 4480 valet,
1012 4403 1146 4463 subsisiil
1159 4405 1173 4460 ‘l
1188 4405 1221 4459 Et
1234 4401 1308 4475 quid
1323 4403 1408 4458 terrm
1422 4398 1467 4459 tel
1484 4397 1616 4474 pulveris
1639 4397 1773 4466 nomine,
1789 4396 1847 4453 nisi

122 4508 154 4566 in
168 4507 239 4577 illis,
254 4521 286 4564 se
299 4521 362 4564 non
375 4505 469 4562 elevet
482 4519 551 4577 quae
564 4502 650 4561 valet.
669 4502 807 4576 Sequitur
823 4519 830 4558 :
1012 4497 1152 4570 peccator
1179 4491 1352 4565 accipitur?
1379 4489 1453 4546 lusti
1479 4487 1570 4560 igitur
1597 4487 1683 4546 radix
1710 4487 1741 4544 in
1771 4490 1847 4544 terra

159 4598 250 4654 Vens.
266 4599 293 4651 6.
310 4593 422 4653 Recede
440 4593 603 4664 pannium
621 4591 660 4650 ab
673 4605 717 4661 eo,
732 4595 766 4647 ιιι
780 4590 956 4662 requiescat,
1014 4581 1150 4654 senescit,
1179 4585 1208 4638 et
1235 4581 1267 4637 in
1292 4579 1416 4654 pulvere
1442 4581 1566 4636 nuvious
1594 4576 1746 4644 emoritur,
1775 4575 1848 4647 quia

124 4685 220 4742 rtencc
234 4688 338 4756 optata
350 4683 460 4750 venem,
475 4682 551 4738 sicut
565 4680 745 4739 macnarii
759 4679 820 4737 dies
834 4681 909 4750 ejus.
921 4709 958 4720 -
1014 4673 1106 4732 corda
1120 4687 1285 4747 pravorum
1300 4671 1365 4743 ejus
1377 4667 1550 4743 praedicatio
1565 4667 1716 4740 despecta,
1734 4665 1848 4721 eunetis

125 4777 187 4831 lior
199 4771 270 4830 loco
289 4772 390 4830 recede
409 4769 528 4841 dicitur,
540 4768 604 4826 vim
619 4765 730 4840 flagelli
751 4782 869 4826 amore.
887 4766 958 4835 Quis
1013 4762 1128 4820 viribus
1143 4759 1230 4818 effeta
1242 4758 1382 4816 ereditur.
1398 4759 1432 4814 ut
1445 4756 1477 4813 in
1490 4755 1613 4830 pulvere
1631 4759 1754 4811 anneus
1767 4769 1848 4810 emo-

124 4863 206 4920 enim
231 4859 310 4919 valet
335 4861 396 4918 Deo
420 4857 576 4916 recedente
603 4856 768 4930 quiessem,
796 4871 867 4913 cum
894 4855 958 4929 ipse
1012 4852 1097 4922 ritur,
1124 4848 1197 4922 quia
1224 4848 1300 4904 inter
1327 4861 1437 4903 manus
1465 4843 1710 4918 persequentium
1736 4859 1847 4917 corpus

126 4950 208 5008 solus
224 4949 262 5006 sit
272 4949 416 5022 requies?
436 4949 470 5004 Et
484 4961 504 5004 a
516 4961 579 5020 quo
594 4944 722 5020 quisque
742 4947 857 5019 quanto
870 4943 959 5016 longe
1013 4939 1092 4996 illius
1120 4936 1319 4994 examinatur.
1346 4935 1392 4992 nd
1421 4933 1547 4992 odorem
1574 4949 1660 5007 aquae
1688 4933 1847 5004 germinat,

126 5039 224 5108 luerit,
239 5037 284 5096 flit
301 5041 385 5096 tanto
402 5041 431 5095 et
448 5035 610 5110 inquietus.
627 5033 730 5107 ltaque
744 5034 786 5091 sic
804 5033 906 5091 recede
920 5033 959 5090 ab
1013 5031 1087 5104 quia
1112 5043 1166 5102 per
1192 5025 1328 5084 afflatum
1356 5023 1452 5082 saneti
1477 5023 1602 5100 Spiritus
1631 5023 1661 5081 in
1686 5025 1848 5082 electorum

126 5143 160 5185 eo
182 5127 314 5198 dicitur,
342 5129 375 5185 ut
401 5124 549 5198 intelligas
585 5121 728 5180 leniendo.
763 5121 959 5180 lterecnarius
1013 5117 1306 5192 cordibusexemplo
1321 5115 1368 5173 sui
1382 5113 1481 5190 operis
1500 5131 1624 5188 germen
1638 5115 1754 5172 virtutis
1767 5113 1848 5169 lacit.

127 5219 243 5290 quanto
263 5215 353 5288 longe
374 5217 452 5272 esta
472 5213 532 5270 tine
544 5211 671 5287 operis,
699 5213 782 5268 tanto
803 5213 832 5266 et
846 5225 865 5268 a
879 5208 961 5268 retri-
1015 5209 1151 5268 succisor
1178 5211 1307 5276 runco,
1341 5221 1460 5264 comam
1495 5203 1593 5264 facere
1623 5208 1687 5272 est,
1721 5199 1849 5256 exdnoto

126 5303 252 5362 butione
276 5303 434 5362 mercedis.
457 5301 557 5359 itavir
574 5301 703 5374 quisque
719 5301 843 5356 sanetus
857 5297 889 5354 in
902 5299 959 5355 hac
1014 5297 1207 5372 corporaliter
1223 5297 1314 5368 justo,
1331 5295 1398 5370 ipso
1415 5310 1477 5353 sure
1506 5291 1677 5370 passionnis
1700 5283 1847 5356 exemplo,

127 5394 189 5452 vita
203 5394 330 5468 positus,
345 5393 419 5450 dum
433 5391 523 5462 longe
538 5405 569 5446 se
583 5390 623 5446 ab
637 5389 718 5446 exitu
731 5387 799 5444 vitre
813 5387 960 5460 presentis
1014 5379 1179 5443 multorum
1194 5385 1286 5441 corda
1300 5387 1440 5454 excitare,
1455 5387 1485 5441 et
1498 5397 1535 5438 ex
1546 5380 1606 5435 fide
1622 5378 1702 5430 recta
1714 5371 1848 5429 viridita-

129 5483 286 5557 conspicit,
300 5483 390 5554 longe
403 5497 435 5538 se
447 5495 527 5536 essse
541 5478 582 5536 ab
596 5478 712 5536 aeternis
727 5475 846 5549 gaudiis
859 5475 959 5547 gemit.
1016 5481 1075 5534 tem
1089 5475 1220 5532 veritatis
1232 5475 1398 5532 ostendere.
1412 5472 1491 5528 Bene
1503 5472 1605 5523 autem
1616 5459 1743 5518 dieitur:
1759 5461 1851 5530 Quasi

131 5573 279 5648 Sequitur.
1015 5580 1083 5623 eum
1105 5565 1237 5636 primam
1260 5563 1434 5634 plantatum
1457 5560 1510 5614 est.
1543 5553 1638 5610 Omne
1658 5549 1742 5624 quod
1765 5550 1851 5606 hira

257 5666 379 5722 Parnon.
400 5658 534 5731 Cllillilll,
1691 5645 1707 5696 ⁸
