<?xml version="1.0" encoding="UTF-8"?>
<!DOCTYPE html PUBLIC "-//W3C//DTD XHTML 1.0 Transitional//EN"
    "http://www.w3.org/TR/xhtml1/DTD/xhtml1-transitional.dtd">
<html xmlns="http://www.w3.org/1999/xhtml" xml:lang="en" lang="en">
 <head>
  <title>
</title>
<meta http-equiv="Content-Type" content="text/html;charset=utf-8" />
  <meta name='ocr-system' content='tesseract 3.04.00' />
  <meta name='ocr-capabilities' content='ocr_page ocr_carea ocr_par ocr_line ocrx_word'/>
</head>
<body>
  <div class='ocr_page' id='page_1' title='image "./patrologiaecurs107unkngoog/patrologiaecurs107unkngoog_0218.png"; bbox 0 0 4120 6154; ppageno 0'>
   <div class='ocr_carea' id='block_1_1' title="bbox 230 91 1936 300">
    <p class='ocr_par' dir='ltr' id='par_1_1' title="bbox 230 91 1936 300">
     <span class='ocr_line' id='line_1_1' title="bbox 230 91 1934 163; baseline -0.008 -1"><span class='ocrx_word' id='word_1_1' title='bbox 230 109 284 163; x_wconf 69' lang='grc'>627</span> <span class='ocrx_word' id='word_1_2' title='bbox 758 101 786 158; x_wconf 89' lang='lat' dir='ltr'>S.</span> <span class='ocrx_word' id='word_1_3' title='bbox 804 99 933 158; x_wconf 75' lang='lat' dir='ltr'>0⁰0le</span> <span class='ocrx_word' id='word_1_4' title='bbox 947 91 1093 156; x_wconf 78' lang='lat' dir='ltr'>nabavis</span> <span class='ocrx_word' id='word_1_5' title='bbox 1113 93 1363 154; x_wconf 76' lang='lat' dir='ltr'><strong>CLUNIAGENSIS</strong></span> <span class='ocrx_word' id='word_1_6' title='bbox 1376 100 1409 153; x_wconf 92' lang='lat' dir='ltr'>ll.</span> <span class='ocrx_word' id='word_1_7' title='bbox 1882 93 1934 149; x_wconf 68' lang='lat'>428</span> 
     </span>
     <span class='ocr_line' id='line_1_2' title="bbox 230 203 1936 300; baseline -0.007 -16"><span class='ocrx_word' id='word_1_8' title='bbox 230 228 343 300; x_wconf 91' lang='lat' dir='ltr'>vident,</span> <span class='ocrx_word' id='word_1_9' title='bbox 358 225 430 300; x_wconf 89' lang='lat' dir='ltr'>quia</span> <span class='ocrx_word' id='word_1_10' title='bbox 442 223 499 282; x_wconf 88' lang='lat' dir='ltr'>nisi</span> <span class='ocrx_word' id='word_1_11' title='bbox 514 225 639 299; x_wconf 89' lang='lat' dir='ltr'>Spiritus</span> <span class='ocrx_word' id='word_1_12' title='bbox 654 228 774 284; x_wconf 87' lang='lat' dir='ltr'>sauctus</span> <span class='ocrx_word' id='word_1_13' title='bbox 788 239 894 282; x_wconf 91' lang='lat' dir='ltr'>eorum</span> <span class='ocrx_word' id='word_1_14' title='bbox 907 224 1000 282; x_wconf 88' lang='lat' dir='ltr'>corda</span> <span class='ocrx_word' id='word_1_15' title='bbox 1012 235 1057 280; x_wconf 89' lang='lat' dir='ltr'>re·</span> <span class='ocrx_word' id='word_1_16' title='bbox 1074 203 1191 278; x_wconf 70' lang='lat' dir='ltr'>dintra</span> <span class='ocrx_word' id='word_1_17' title='bbox 1204 221 1304 278; x_wconf 88' lang='lat' dir='ltr'>sinum</span> <span class='ocrx_word' id='word_1_18' title='bbox 1315 221 1412 278; x_wconf 72' lang='lat' dir='ltr'>corsus</span> <span class='ocrx_word' id='word_1_19' title='bbox 1426 223 1507 277; x_wconf 89' lang='lat' dir='ltr'>reeta</span> <span class='ocrx_word' id='word_1_20' title='bbox 1517 210 1936 286; x_wconf 88' lang='lat' dir='ltr'>sentiendoseeolligant,etin</span> 
     </span>
    </p>
   </div>
   <div class='ocr_carea' id='block_1_2' title="bbox 228 304 1945 2444">
    <p class='ocr_par' dir='ltr' id='par_1_2' title="bbox 228 304 1945 2444">
     <span class='ocr_line' id='line_1_3' title="bbox 231 304 1937 390; baseline -0.008 -17"><span class='ocrx_word' id='word_1_21' title='bbox 231 315 321 390; x_wconf 86' lang='lat' dir='ltr'>pleat,</span> <span class='ocrx_word' id='word_1_22' title='bbox 335 315 373 374; x_wconf 91' lang='lat' dir='ltr'>ad</span> <span class='ocrx_word' id='word_1_23' title='bbox 386 313 537 371; x_wconf 87' lang='lat' dir='ltr'>auditores</span> <span class='ocrx_word' id='word_1_24' title='bbox 549 327 694 388; x_wconf 89' lang='lat' dir='ltr'>corporea</span> <span class='ocrx_word' id='word_1_25' title='bbox 706 329 765 371; x_wconf 84' lang='lat' dir='ltr'>vox</span> <span class='ocrx_word' id='word_1_26' title='bbox 775 313 947 371; x_wconf 76' lang='lat' dir='ltr'>docentium</span> <span class='ocrx_word' id='word_1_27' title='bbox 961 313 1057 370; x_wconf 87' lang='lat' dir='ltr'>ineas·</span> <span class='ocrx_word' id='word_1_28' title='bbox 1110 309 1197 367; x_wconf 86' lang='lat' dir='ltr'>venis</span> <span class='ocrx_word' id='word_1_29' title='bbox 1212 310 1441 381; x_wconf 75' lang='lat' dir='ltr'>cogitationibus</span> <span class='ocrx_word' id='word_1_30' title='bbox 1452 325 1514 366; x_wconf 94' lang='lat' dir='ltr'>non</span> <span class='ocrx_word' id='word_1_31' title='bbox 1528 308 1704 380; x_wconf 80' lang='lat' dir='ltr'>liquescant.</span> <span class='ocrx_word' id='word_1_32' title='bbox 1729 304 1886 376; x_wconf 88' lang='lat' dir='ltr'>Sequitur:</span> <span class='ocrx_word' id='word_1_33' title='bbox 1900 305 1937 360; x_wconf 75' lang='lat' dir='ltr'>lit</span> 
     </span>
     <span class='ocr_line' id='line_1_4' title="bbox 231 393 1936 478; baseline -0.007 -18"><span class='ocrx_word' id='word_1_34' title='bbox 231 419 299 461; x_wconf 90' lang='lat' dir='ltr'>sum</span> <span class='ocrx_word' id='word_1_35' title='bbox 313 405 409 460; x_wconf 86' lang='lat' dir='ltr'>sonet.</span> <span class='ocrx_word' id='word_1_36' title='bbox 423 405 585 478; x_wconf 84' lang='lat' dir='ltr'>Postquam</span> <span class='ocrx_word' id='word_1_37' title='bbox 599 417 669 461; x_wconf 89' lang='lat' dir='ltr'>vero</span> <span class='ocrx_word' id='word_1_38' title='bbox 687 403 752 460; x_wconf 81' lang='lat' dir='ltr'>haec</span> <span class='ocrx_word' id='word_1_39' title='bbox 778 403 890 460; x_wconf 81' lang='lat' dir='ltr'>fertiter</span> <span class='ocrx_word' id='word_1_40' title='bbox 910 401 984 459; x_wconf 85' lang='lat' dir='ltr'>dixit</span> <span class='ocrx_word' id='word_1_41' title='bbox 1004 417 1058 476; x_wconf 92' lang='lat' dir='ltr'>per</span> <span class='ocrx_word' id='word_1_42' title='bbox 1111 405 1216 457; x_wconf 85' lang='lat' dir='ltr'>ventus</span> <span class='ocrx_word' id='word_1_43' title='bbox 1231 400 1379 457; x_wconf 60' lang='lat' dir='ltr'>transeas</span> <span class='ocrx_word' id='word_1_44' title='bbox 1395 399 1587 471; x_wconf 69' lang='lat' dir='ltr'>sequestres.</span> <span class='ocrx_word' id='word_1_45' title='bbox 1604 398 1713 451; x_wconf 81' lang='lat' dir='ltr'>Ventus</span> <span class='ocrx_word' id='word_1_46' title='bbox 1725 393 1840 467; x_wconf 88' lang='lat' dir='ltr'>quippe</span> <span class='ocrx_word' id='word_1_47' title='bbox 1859 397 1936 448; x_wconf 89' lang='lat' dir='ltr'>tran-</span> 
     </span>
     <span class='ocr_line' id='line_1_5' title="bbox 230 481 1938 563; baseline -0.008 -13"><span class='ocrx_word' id='word_1_48' title='bbox 230 491 444 563; x_wconf 79' lang='lat' dir='ltr'>arrogantiam,</span> <span class='ocrx_word' id='word_1_49' title='bbox 459 493 562 550; x_wconf 76' lang='lat' dir='ltr'>lenter</span> <span class='ocrx_word' id='word_1_50' title='bbox 578 496 679 550; x_wconf 88' lang='lat' dir='ltr'>motus</span> <span class='ocrx_word' id='word_1_51' title='bbox 700 491 845 550; x_wconf 90' lang='lat' dir='ltr'>irrisionis</span> <span class='ocrx_word' id='word_1_52' title='bbox 866 492 944 550; x_wconf 90' lang='lat' dir='ltr'>illico</span> <span class='ocrx_word' id='word_1_53' title='bbox 966 489 1058 548; x_wconf 88' lang='lat' dir='ltr'>verba</span> <span class='ocrx_word' id='word_1_54' title='bbox 1113 489 1472 562; x_wconf 86' lang='lat' dir='ltr'>siensestvilapraesens.</span> <span class='ocrx_word' id='word_1_55' title='bbox 1484 481 1938 554; x_wconf 88' lang='lat' dir='ltr'>Ventnsergotrensiensnubes</span> 
     </span>
     <span class='ocr_line' id='line_1_6' title="bbox 231 571 1938 653; baseline -0.008 -15"><span class='ocrx_word' id='word_1_56' title='bbox 231 581 395 653; x_wconf 85' lang='lat' dir='ltr'>subjunxit,</span> <span class='ocrx_word' id='word_1_57' title='bbox 408 580 511 640; x_wconf 86' lang='lat' dir='ltr'>diceus</span> <span class='ocrx_word' id='word_1_58' title='bbox 527 597 534 638; x_wconf 92' lang='lat'>:</span> <span class='ocrx_word' id='word_1_59' title='bbox 1111 577 1204 647; x_wconf 87' lang='lat' dir='ltr'>luget,</span> <span class='ocrx_word' id='word_1_60' title='bbox 1220 577 1292 651; x_wconf 89' lang='lat' dir='ltr'>quia</span> <span class='ocrx_word' id='word_1_61' title='bbox 1311 577 1446 634; x_wconf 88' lang='lat' dir='ltr'>mortalis</span> <span class='ocrx_word' id='word_1_62' title='bbox 1465 575 1527 633; x_wconf 90' lang='lat' dir='ltr'>vita</span> <span class='ocrx_word' id='word_1_63' title='bbox 1538 587 1716 648; x_wconf 87' lang='lat' dir='ltr'>percurrens</span> <span class='ocrx_word' id='word_1_64' title='bbox 1731 571 1938 645; x_wconf 80' lang='lat' dir='ltr'>praedicatores</span> 
     </span>
     <span class='ocr_line' id='line_1_7' title="bbox 265 660 1939 742; baseline -0.006 -16"><span class='ocrx_word' id='word_1_65' title='bbox 265 672 352 727; x_wconf 80' lang='lat' dir='ltr'>Vsus.</span> <span class='ocrx_word' id='word_1_66' title='bbox 364 673 406 728; x_wconf 88' lang='lat' dir='ltr'>l8.</span> <span class='ocrx_word' id='word_1_67' title='bbox 418 673 461 726; x_wconf 79' lang='lat' dir='ltr'>ltu</span> <span class='ocrx_word' id='word_1_68' title='bbox 474 672 605 742; x_wconf 72' lang='lat' dir='ltr'>forsitan</span> <span class='ocrx_word' id='word_1_69' title='bbox 619 685 684 728; x_wconf 85' lang='lat' dir='ltr'>rum</span> <span class='ocrx_word' id='word_1_70' title='bbox 700 670 1057 742; x_wconf 78' lang='lat' dir='ltr'>eoselrteetusescoeloe,</span> <span class='ocrx_word' id='word_1_71' title='bbox 1112 670 1261 724; x_wconf 87' lang='lat' dir='ltr'>sanotosa</span> <span class='ocrx_word' id='word_1_72' title='bbox 1274 667 1383 724; x_wconf 89' lang='lat' dir='ltr'>nostris</span> <span class='ocrx_word' id='word_1_73' title='bbox 1405 666 1498 723; x_wconf 73' lang='lat' dir='ltr'>cesalis</span> <span class='ocrx_word' id='word_1_74' title='bbox 1518 662 1711 736; x_wconf 77' lang='lat' dir='ltr'>corporaliter</span> <span class='ocrx_word' id='word_1_75' title='bbox 1733 660 1872 718; x_wconf 84' lang='lat' dir='ltr'>oeorrltat.</span> <span class='ocrx_word' id='word_1_76' title='bbox 1896 661 1939 717; x_wconf 82' lang='lat' dir='ltr'>Se</span> 
     </span>
     <span class='ocr_line' id='line_1_8' title="bbox 229 757 1238 831; baseline -0.004 -15"><span class='ocrx_word' id='word_1_77' title='bbox 229 759 283 831; x_wconf 77' lang='lat' dir='ltr'>qur·</span> <span class='ocrx_word' id='word_1_78' title='bbox 293 758 465 815; x_wconf 78' lang='lat' dir='ltr'>solidissimi</span> <span class='ocrx_word' id='word_1_79' title='bbox 479 761 567 831; x_wconf 85' lang='lat' dir='ltr'>quasi</span> <span class='ocrx_word' id='word_1_80' title='bbox 578 773 636 817; x_wconf 77' lang='lat' dir='ltr'>are</span> <span class='ocrx_word' id='word_1_81' title='bbox 648 759 712 830; x_wconf 84' lang='lat' dir='ltr'>susi</span> <span class='ocrx_word' id='word_1_82' title='bbox 726 765 804 816; x_wconf 84' lang='lat' dir='ltr'>suut.</span> <span class='ocrx_word' id='word_1_83' title='bbox 817 789 852 802; x_wconf 67' lang='grc'>»-</span> <span class='ocrx_word' id='word_1_84' title='bbox 867 762 994 816; x_wconf 86' lang='lat' dir='ltr'>Possunt</span> <span class='ocrx_word' id='word_1_85' title='bbox 1004 771 1059 831; x_wconf 91' lang='lat' dir='ltr'>per</span> <span class='ocrx_word' id='word_1_86' title='bbox 1112 757 1214 830; x_wconf 90' lang='lat' dir='ltr'>quitur</span> <span class='ocrx_word' id='word_1_87' title='bbox 1232 773 1238 812; x_wconf 90' lang='lat'>:</span> 
     </span>
     <span class='ocr_line' id='line_1_9' title="bbox 231 839 1940 920; baseline -0.006 -14"><span class='ocrx_word' id='word_1_88' title='bbox 231 848 323 906; x_wconf 88' lang='lat' dir='ltr'>ooelos</span> <span class='ocrx_word' id='word_1_89' title='bbox 336 846 377 914; x_wconf 90' lang='lat' dir='ltr'>hi,</span> <span class='ocrx_word' id='word_1_90' title='bbox 391 845 487 920; x_wconf 91' lang='lat' dir='ltr'>quiin</span> <span class='ocrx_word' id='word_1_91' title='bbox 506 848 677 904; x_wconf 85' lang='lat' dir='ltr'>coelestibus</span> <span class='ocrx_word' id='word_1_92' title='bbox 698 853 767 905; x_wconf 86' lang='lat' dir='ltr'>sunt</span> <span class='ocrx_word' id='word_1_93' title='bbox 788 849 909 914; x_wconf 85' lang='lat' dir='ltr'>conditi,</span> <span class='ocrx_word' id='word_1_94' title='bbox 932 845 1059 919; x_wconf 88' lang='lat' dir='ltr'>angelici</span> <span class='ocrx_word' id='word_1_95' title='bbox 1150 849 1232 903; x_wconf 83' lang='lat' dir='ltr'>Vens.</span> <span class='ocrx_word' id='word_1_96' title='bbox 1253 849 1298 902; x_wconf 76' lang='lat'>22.</span> <span class='ocrx_word' id='word_1_97' title='bbox 1314 845 1627 917; x_wconf 66' lang='lat' dir='ltr'>sesquitertiam-em</span> <span class='ocrx_word' id='word_1_98' title='bbox 1639 839 1940 913; x_wconf 81' lang='lat' dir='ltr'>ueniet.-·Quidper</span> 
     </span>
     <span class='ocr_line' id='line_1_10' title="bbox 233 929 1940 1010; baseline -0.005 -18"><span class='ocrx_word' id='word_1_99' title='bbox 233 936 354 1010; x_wconf 87' lang='lat' dir='ltr'>spiritus</span> <span class='ocrx_word' id='word_1_100' title='bbox 369 935 528 1006; x_wconf 87' lang='lat' dir='ltr'>designari.</span> <span class='ocrx_word' id='word_1_101' title='bbox 546 936 628 992; x_wconf 90' lang='lat' dir='ltr'>Unde</span> <span class='ocrx_word' id='word_1_102' title='bbox 643 936 673 992; x_wconf 88' lang='lat' dir='ltr'>in</span> <span class='ocrx_word' id='word_1_103' title='bbox 689 938 823 994; x_wconf 90' lang='lat' dir='ltr'>oratione</span> <span class='ocrx_word' id='word_1_104' title='bbox 838 942 941 994; x_wconf 89' lang='lat' dir='ltr'>nostra</span> <span class='ocrx_word' id='word_1_105' title='bbox 961 935 1059 992; x_wconf 89' lang='lat' dir='ltr'>dicere</span> <span class='ocrx_word' id='word_1_106' title='bbox 1113 936 1296 1009; x_wconf 82' lang='lat' dir='ltr'>aquilonem,</span> <span class='ocrx_word' id='word_1_107' title='bbox 1309 936 1369 992; x_wconf 88' lang='lat' dir='ltr'>nisi</span> <span class='ocrx_word' id='word_1_108' title='bbox 1379 935 1494 1008; x_wconf 87' lang='lat' dir='ltr'>peccati</span> <span class='ocrx_word' id='word_1_109' title='bbox 1504 933 1612 1003; x_wconf 79' lang='lat' dir='ltr'>frigore</span> <span class='ocrx_word' id='word_1_110' title='bbox 1623 931 1784 988; x_wconf 86' lang='lat' dir='ltr'>constricta</span> <span class='ocrx_word' id='word_1_111' title='bbox 1794 929 1940 1002; x_wconf 88' lang='lat' dir='ltr'>gentilitas</span> 
     </span>
     <span class='ocr_line' id='line_1_11' title="bbox 231 1019 1940 1096; baseline -0.003 -16"><span class='ocrx_word' id='word_1_112' title='bbox 231 1036 305 1080; x_wconf 87' lang='lat' dir='ltr'>voce</span> <span class='ocrx_word' id='word_1_113' title='bbox 318 1021 453 1082; x_wconf 86' lang='lat' dir='ltr'>Veritatis</span> <span class='ocrx_word' id='word_1_114' title='bbox 466 1023 657 1082; x_wconf 88' lang='lat' dir='ltr'>instruimur:</span> <span class='ocrx_word' id='word_1_115' title='bbox 675 1048 689 1076; x_wconf 91' lang='lat'>«</span> <span class='ocrx_word' id='word_1_116' title='bbox 704 1027 768 1083; x_wconf 86' lang='lat' dir='ltr'>Fiat</span> <span class='ocrx_word' id='word_1_117' title='bbox 792 1025 928 1083; x_wconf 88' lang='lat' dir='ltr'>voluntas</span> <span class='ocrx_word' id='word_1_118' title='bbox 943 1029 1003 1092; x_wconf 89' lang='lat' dir='ltr'>tua,</span> <span class='ocrx_word' id='word_1_119' title='bbox 1021 1023 1059 1080; x_wconf 92' lang='lat' dir='ltr'>si·</span> <span class='ocrx_word' id='word_1_120' title='bbox 1112 1025 1414 1096; x_wconf 83' lang='lat' dir='ltr'>designatu1·?0uam</span> <span class='ocrx_word' id='word_1_121' title='bbox 1425 1023 1475 1080; x_wconf 93' lang='lat' dir='ltr'>ille</span> <span class='ocrx_word' id='word_1_122' title='bbox 1488 1023 1627 1095; x_wconf 83' lang='lat' dir='ltr'>subjugo</span> <span class='ocrx_word' id='word_1_123' title='bbox 1640 1037 1703 1078; x_wconf 76' lang='lat' dir='ltr'>sum</span> <span class='ocrx_word' id='word_1_124' title='bbox 1717 1019 1885 1094; x_wconf 82' lang='lat' dir='ltr'>tyrannidis</span> <span class='ocrx_word' id='word_1_125' title='bbox 1899 1024 1940 1075; x_wconf 90' lang='lat' dir='ltr'>te-</span> 
     </span>
     <span class='ocr_line' id='line_1_12' title="bbox 233 1110 1942 1188; baseline -0.004 -17"><span class='ocrx_word' id='word_1_126' title='bbox 233 1118 283 1171; x_wconf 90' lang='lat' dir='ltr'>out</span> <span class='ocrx_word' id='word_1_127' title='bbox 296 1113 325 1170; x_wconf 91' lang='lat' dir='ltr'>in</span> <span class='ocrx_word' id='word_1_128' title='bbox 339 1113 414 1172; x_wconf 89' lang='lat' dir='ltr'>coelo</span> <span class='ocrx_word' id='word_1_129' title='bbox 428 1117 457 1171; x_wconf 89' lang='lat' dir='ltr'>et</span> <span class='ocrx_word' id='word_1_130' title='bbox 471 1113 502 1171; x_wconf 94' lang='lat' dir='ltr'>in</span> <span class='ocrx_word' id='word_1_131' title='bbox 526 1119 603 1171; x_wconf 84' lang='lat' dir='ltr'>terra</span> <span class='ocrx_word' id='word_1_132' title='bbox 627 1115 747 1188; x_wconf 79' lang='lat' dir='ltr'>(Merit.</span> <span class='ocrx_word' id='word_1_133' title='bbox 769 1133 807 1184; x_wconf 83' lang='lat' dir='ltr'>vr,</span> <span class='ocrx_word' id='word_1_134' title='bbox 832 1115 885 1188; x_wconf 87' lang='lat' dir='ltr'>lo).</span> <span class='ocrx_word' id='word_1_135' title='bbox 904 1139 918 1166; x_wconf 87' lang='lat'>»</span> <span class='ocrx_word' id='word_1_136' title='bbox 943 1119 1059 1172; x_wconf 80' lang='lat' dir='ltr'>uetere</span> <span class='ocrx_word' id='word_1_137' title='bbox 1113 1113 1185 1187; x_wconf 81' lang='lat' dir='ltr'>uuit,</span> <span class='ocrx_word' id='word_1_138' title='bbox 1202 1115 1254 1187; x_wconf 90' lang='lat' dir='ltr'>qui</span> <span class='ocrx_word' id='word_1_139' title='bbox 1266 1114 1339 1170; x_wconf 82' lang='lat' dir='ltr'>dixit</span> <span class='ocrx_word' id='word_1_140' title='bbox 1362 1113 1555 1186; x_wconf 89' lang='lat' dir='ltr'>superbiens:</span> <span class='ocrx_word' id='word_1_141' title='bbox 1577 1133 1591 1162; x_wconf 82' lang='lat' dir='ltr'>s</span> <span class='ocrx_word' id='word_1_142' title='bbox 1602 1111 1718 1167; x_wconf 85' lang='lat' dir='ltr'>Sedabo</span> <span class='ocrx_word' id='word_1_143' title='bbox 1737 1110 1768 1166; x_wconf 90' lang='lat' dir='ltr'>in</span> <span class='ocrx_word' id='word_1_144' title='bbox 1780 1113 1883 1166; x_wconf 88' lang='lat' dir='ltr'>monte</span> <span class='ocrx_word' id='word_1_145' title='bbox 1894 1111 1942 1164; x_wconf 84' lang='lat' dir='ltr'>Te·</span> 
     </span>
     <span class='ocr_line' id='line_1_13' title="bbox 231 1195 1943 1278; baseline -0.005 -17"><span class='ocrx_word' id='word_1_146' title='bbox 231 1219 364 1278; x_wconf 92' lang='lat' dir='ltr'>namque</span> <span class='ocrx_word' id='word_1_147' title='bbox 379 1205 445 1262; x_wconf 85' lang='lat' dir='ltr'>seris</span> <span class='ocrx_word' id='word_1_148' title='bbox 459 1209 505 1262; x_wconf 90' lang='lat' dir='ltr'>est</span> <span class='ocrx_word' id='word_1_149' title='bbox 515 1203 653 1276; x_wconf 79' lang='lat' dir='ltr'>rubigine</span> <span class='ocrx_word' id='word_1_150' title='bbox 668 1205 787 1264; x_wconf 86' lang='lat' dir='ltr'>difficile</span> <span class='ocrx_word' id='word_1_151' title='bbox 800 1205 947 1278; x_wconf 89' lang='lat' dir='ltr'>consumi,</span> <span class='ocrx_word' id='word_1_152' title='bbox 963 1209 991 1262; x_wconf 91' lang='lat' dir='ltr'>et</span> <span class='ocrx_word' id='word_1_153' title='bbox 1005 1204 1061 1261; x_wconf 88' lang='lat' dir='ltr'>vir·</span> <span class='ocrx_word' id='word_1_154' title='bbox 1114 1203 1252 1259; x_wconf 85' lang='lat' dir='ltr'>stamenti</span> <span class='ocrx_word' id='word_1_155' title='bbox 1266 1202 1296 1258; x_wconf 92' lang='lat' dir='ltr'>in</span> <span class='ocrx_word' id='word_1_156' title='bbox 1307 1202 1450 1259; x_wconf 88' lang='lat' dir='ltr'>lateribus</span> <span class='ocrx_word' id='word_1_157' title='bbox 1461 1199 1621 1275; x_wconf 88' lang='lat' dir='ltr'>aquilonis,</span> <span class='ocrx_word' id='word_1_158' title='bbox 1630 1199 1794 1256; x_wconf 80' lang='lat' dir='ltr'>escendam</span> <span class='ocrx_word' id='word_1_159' title='bbox 1805 1195 1943 1270; x_wconf 89' lang='lat' dir='ltr'>superal-</span> 
     </span>
     <span class='ocr_line' id='line_1_14' title="bbox 231 1288 1942 1370; baseline -0.005 -20"><span class='ocrx_word' id='word_1_160' title='bbox 231 1295 308 1352; x_wconf 89' lang='lat' dir='ltr'>tutes</span> <span class='ocrx_word' id='word_1_161' title='bbox 320 1293 470 1366; x_wconf 83' lang='lat' dir='ltr'>angelicae,</span> <span class='ocrx_word' id='word_1_162' title='bbox 486 1311 552 1369; x_wconf 85' lang='lat' dir='ltr'>quse</span> <span class='ocrx_word' id='word_1_163' title='bbox 566 1295 597 1351; x_wconf 91' lang='lat' dir='ltr'>in</span> <span class='ocrx_word' id='word_1_164' title='bbox 613 1293 713 1353; x_wconf 83' lang='lat' dir='ltr'>divirm</span> <span class='ocrx_word' id='word_1_165' title='bbox 728 1312 831 1353; x_wconf 89' lang='lat' dir='ltr'>amore</span> <span class='ocrx_word' id='word_1_166' title='bbox 845 1293 912 1352; x_wconf 80' lang='lat' dir='ltr'>fixae</span> <span class='ocrx_word' id='word_1_167' title='bbox 927 1296 1061 1370; x_wconf 85' lang='lat' dir='ltr'>perstite-</span> <span class='ocrx_word' id='word_1_168' title='bbox 1113 1293 1270 1349; x_wconf 79' lang='lat' dir='ltr'>titudinem</span> <span class='ocrx_word' id='word_1_169' title='bbox 1285 1292 1424 1357; x_wconf 87' lang='lat' dir='ltr'>nubium,</span> <span class='ocrx_word' id='word_1_170' title='bbox 1440 1291 1544 1348; x_wconf 91' lang='lat' dir='ltr'>similis</span> <span class='ocrx_word' id='word_1_171' title='bbox 1560 1305 1611 1347; x_wconf 90' lang='lat' dir='ltr'>ero</span> <span class='ocrx_word' id='word_1_172' title='bbox 1631 1288 1782 1346; x_wconf 72' lang='lat' dir='ltr'>altissimo</span> <span class='ocrx_word' id='word_1_173' title='bbox 1796 1288 1867 1360; x_wconf 87' lang='lat' dir='ltr'>(Iso.</span> <span class='ocrx_word' id='word_1_174' title='bbox 1884 1303 1942 1356; x_wconf 78' lang='lat' dir='ltr'>xvi,</span> 
     </span>
     <span class='ocr_line' id='line_1_15' title="bbox 230 1375 1944 1460; baseline -0.005 -21"><span class='ocrx_word' id='word_1_175' title='bbox 230 1387 309 1455; x_wconf 89' lang='lat' dir='ltr'>runt,</span> <span class='ocrx_word' id='word_1_176' title='bbox 322 1381 415 1458; x_wconf 87' lang='lat' dir='ltr'>lapsis</span> <span class='ocrx_word' id='word_1_177' title='bbox 431 1383 672 1458; x_wconf 85' lang='lat' dir='ltr'>superbientibus</span> <span class='ocrx_word' id='word_1_178' title='bbox 691 1383 805 1457; x_wconf 89' lang='lat' dir='ltr'>angelis</span> <span class='ocrx_word' id='word_1_179' title='bbox 818 1383 876 1442; x_wconf 91' lang='lat' dir='ltr'>hoe</span> <span class='ocrx_word' id='word_1_180' title='bbox 889 1385 1060 1460; x_wconf 62' lang='lat' dir='ltr'>immunera</span> <span class='ocrx_word' id='word_1_181' title='bbox 1117 1383 1168 1454; x_wconf 79' lang='lat' dir='ltr'>ll).</span> <span class='ocrx_word' id='word_1_182' title='bbox 1181 1403 1195 1434; x_wconf 78' lang='lat' dir='ltr'>s</span> <span class='ocrx_word' id='word_1_183' title='bbox 1212 1382 1289 1449; x_wconf 86' lang='lat' dir='ltr'>Quid</span> <span class='ocrx_word' id='word_1_184' title='bbox 1303 1397 1374 1439; x_wconf 89' lang='lat' dir='ltr'>vero</span> <span class='ocrx_word' id='word_1_185' title='bbox 1389 1382 1454 1438; x_wconf 89' lang='lat' dir='ltr'>auri</span> <span class='ocrx_word' id='word_1_186' title='bbox 1469 1380 1602 1451; x_wconf 89' lang='lat' dir='ltr'>nomine,</span> <span class='ocrx_word' id='word_1_187' title='bbox 1625 1378 1684 1436; x_wconf 90' lang='lat' dir='ltr'>nisi</span> <span class='ocrx_word' id='word_1_188' title='bbox 1707 1377 1816 1435; x_wconf 75' lang='lat' dir='ltr'>anima</span> <span class='ocrx_word' id='word_1_189' title='bbox 1838 1375 1944 1432; x_wconf 88' lang='lat' dir='ltr'>fideles</span> 
     </span>
     <span class='ocr_line' id='line_1_16' title="bbox 229 1465 1942 1546; baseline -0.005 -18"><span class='ocrx_word' id='word_1_190' title='bbox 229 1471 431 1530; x_wconf 87' lang='lat' dir='ltr'>retributionis</span> <span class='ocrx_word' id='word_1_191' title='bbox 458 1477 648 1546; x_wconf 86' lang='lat' dir='ltr'>aeceperunt,</span> <span class='ocrx_word' id='word_1_192' title='bbox 671 1478 705 1531; x_wconf 90' lang='lat' dir='ltr'>ut</span> <span class='ocrx_word' id='word_1_193' title='bbox 727 1473 810 1531; x_wconf 90' lang='lat' dir='ltr'>nulle</span> <span class='ocrx_word' id='word_1_194' title='bbox 834 1475 900 1546; x_wconf 86' lang='lat' dir='ltr'>jam</span> <span class='ocrx_word' id='word_1_195' title='bbox 922 1474 1060 1546; x_wconf 87' lang='lat' dir='ltr'>rubigine</span> <span class='ocrx_word' id='word_1_196' title='bbox 1113 1471 1344 1545; x_wconf 78' lang='lat' dir='ltr'>exprimuntur?</span> <span class='ocrx_word' id='word_1_197' title='bbox 1358 1473 1398 1527; x_wconf 86' lang='lat' dir='ltr'>lle</span> <span class='ocrx_word' id='word_1_198' title='bbox 1419 1469 1532 1544; x_wconf 88' lang='lat' dir='ltr'>quibus</span> <span class='ocrx_word' id='word_1_199' title='bbox 1554 1483 1608 1542; x_wconf 89' lang='lat' dir='ltr'>per</span> <span class='ocrx_word' id='word_1_200' title='bbox 1630 1467 1789 1525; x_wconf 85' lang='lat' dir='ltr'>ieremiam</span> <span class='ocrx_word' id='word_1_201' title='bbox 1816 1465 1942 1522; x_wconf 88' lang='lat' dir='ltr'>dicitur:</span> 
     </span>
     <span class='ocr_line' id='line_1_17' title="bbox 231 1559 1945 1638; baseline -0.005 -20"><span class='ocrx_word' id='word_1_202' title='bbox 231 1559 423 1636; x_wconf 89' lang='lat' dir='ltr'>subripientis</span> <span class='ocrx_word' id='word_1_203' title='bbox 438 1559 532 1636; x_wconf 81' lang='lat' dir='ltr'>eulpae</span> <span class='ocrx_word' id='word_1_204' title='bbox 545 1563 750 1632; x_wconf 86' lang='lat' dir='ltr'>mordeantur,</span> <span class='ocrx_word' id='word_1_205' title='bbox 764 1567 797 1620; x_wconf 87' lang='lat' dir='ltr'>ut</span> <span class='ocrx_word' id='word_1_206' title='bbox 820 1563 851 1620; x_wconf 91' lang='lat' dir='ltr'>in</span> <span class='ocrx_word' id='word_1_207' title='bbox 874 1563 1059 1638; x_wconf 88' lang='lat' dir='ltr'>contempla·</span> <span class='ocrx_word' id='word_1_208' title='bbox 1078 1575 1128 1634; x_wconf 79' lang='lat' dir='ltr'>g«</span> <span class='ocrx_word' id='word_1_209' title='bbox 1144 1561 1302 1628; x_wconf 88' lang='lat' dir='ltr'>Quomodo</span> <span class='ocrx_word' id='word_1_210' title='bbox 1323 1560 1517 1617; x_wconf 90' lang='lat' dir='ltr'>obscuratum</span> <span class='ocrx_word' id='word_1_211' title='bbox 1532 1562 1578 1616; x_wconf 89' lang='lat' dir='ltr'>est</span> <span class='ocrx_word' id='word_1_212' title='bbox 1599 1573 1718 1628; x_wconf 91' lang='lat' dir='ltr'>aurum,</span> <span class='ocrx_word' id='word_1_213' title='bbox 1740 1559 1876 1613; x_wconf 87' lang='lat' dir='ltr'>mutatus</span> <span class='ocrx_word' id='word_1_214' title='bbox 1900 1559 1945 1609; x_wconf 89' lang='lat' dir='ltr'>est</span> 
     </span>
     <span class='ocr_line' id='line_1_18' title="bbox 230 1645 1944 1731; baseline -0.004 -24"><span class='ocrx_word' id='word_1_215' title='bbox 230 1651 310 1708; x_wconf 89' lang='lat' dir='ltr'>tione</span> <span class='ocrx_word' id='word_1_216' title='bbox 324 1649 490 1708; x_wconf 89' lang='lat' dir='ltr'>Conditoris</span> <span class='ocrx_word' id='word_1_217' title='bbox 503 1649 566 1708; x_wconf 90' lang='lat' dir='ltr'>sine</span> <span class='ocrx_word' id='word_1_218' title='bbox 581 1651 726 1709; x_wconf 86' lang='lat' dir='ltr'>felicitatis</span> <span class='ocrx_word' id='word_1_219' title='bbox 740 1649 800 1708; x_wconf 90' lang='lat' dir='ltr'>fine</span> <span class='ocrx_word' id='word_1_220' title='bbox 813 1658 1020 1726; x_wconf 87' lang='lat' dir='ltr'>permaneant,</span> <span class='ocrx_word' id='word_1_221' title='bbox 1033 1658 1060 1711; x_wconf 89' lang='lat' dir='ltr'>el</span> <span class='ocrx_word' id='word_1_222' title='bbox 1113 1649 1195 1708; x_wconf 88' lang='lat' dir='ltr'>color</span> <span class='ocrx_word' id='word_1_223' title='bbox 1209 1651 1388 1724; x_wconf 77' lang='lat' dir='ltr'>optimust»</span> <span class='ocrx_word' id='word_1_224' title='bbox 1405 1650 1529 1722; x_wconf 75' lang='lat' dir='ltr'>(Three.</span> <span class='ocrx_word' id='word_1_225' title='bbox 1544 1665 1585 1716; x_wconf 84' lang='lat' dir='ltr'>tv,</span> <span class='ocrx_word' id='word_1_226' title='bbox 1603 1649 1640 1720; x_wconf 89' lang='lat' dir='ltr'>l.)</span> <span class='ocrx_word' id='word_1_227' title='bbox 1655 1647 1701 1704; x_wconf 80' lang='lat' dir='ltr'>Ab</span> <span class='ocrx_word' id='word_1_228' title='bbox 1715 1645 1857 1731; x_wconf 87' lang='lat' dir='ltr'>aquilone</span> <span class='ocrx_word' id='word_1_229' title='bbox 1872 1659 1944 1715; x_wconf 87' lang='lat' dir='ltr'>ergo</span> 
     </span>
     <span class='ocr_line' id='line_1_19' title="bbox 230 1734 1943 1813; baseline -0.003 -18"><span class='ocrx_word' id='word_1_230' title='bbox 230 1737 638 1813; x_wconf 84' lang='lat' dir='ltr'>inhoequodsuntoonditee</span> <span class='ocrx_word' id='word_1_231' title='bbox 651 1745 762 1798; x_wconf 78' lang='lat' dir='ltr'>aeterna</span> <span class='ocrx_word' id='word_1_232' title='bbox 776 1739 936 1800; x_wconf 86' lang='lat' dir='ltr'>subtilitate</span> <span class='ocrx_word' id='word_1_233' title='bbox 947 1741 1059 1800; x_wconf 90' lang='lat' dir='ltr'>subsis-</span> <span class='ocrx_word' id='word_1_234' title='bbox 1113 1755 1222 1798; x_wconf 88' lang='lat' dir='ltr'>eurum</span> <span class='ocrx_word' id='word_1_235' title='bbox 1236 1739 1337 1805; x_wconf 89' lang='lat' dir='ltr'>venire</span> <span class='ocrx_word' id='word_1_236' title='bbox 1350 1739 1467 1807; x_wconf 87' lang='lat' dir='ltr'>dicitur,</span> <span class='ocrx_word' id='word_1_237' title='bbox 1482 1738 1555 1812; x_wconf 89' lang='lat' dir='ltr'>quia</span> <span class='ocrx_word' id='word_1_238' title='bbox 1571 1749 1625 1810; x_wconf 88' lang='lat' dir='ltr'>per</span> <span class='ocrx_word' id='word_1_239' title='bbox 1647 1740 1816 1810; x_wconf 88' lang='lat' dir='ltr'>respectum</span> <span class='ocrx_word' id='word_1_240' title='bbox 1841 1734 1943 1806; x_wconf 76' lang='lat' dir='ltr'>gratia</span> 
     </span>
     <span class='ocr_line' id='line_1_20' title="bbox 231 1826 1943 1906; baseline -0.004 -19"><span class='ocrx_word' id='word_1_241' title='bbox 231 1833 304 1887; x_wconf 89' lang='lat' dir='ltr'>lant.</span> <span class='ocrx_word' id='word_1_242' title='bbox 320 1829 447 1886; x_wconf 88' lang='lat' dir='ltr'>Possunt</span> <span class='ocrx_word' id='word_1_243' title='bbox 459 1826 548 1886; x_wconf 87' lang='lat' dir='ltr'>ctiam</span> <span class='ocrx_word' id='word_1_244' title='bbox 563 1846 617 1906; x_wconf 89' lang='lat' dir='ltr'>per</span> <span class='ocrx_word' id='word_1_245' title='bbox 631 1829 734 1900; x_wconf 88' lang='lat' dir='ltr'>eoelos,</span> <span class='ocrx_word' id='word_1_246' title='bbox 760 1835 792 1889; x_wconf 88' lang='lat' dir='ltr'>ut</span> <span class='ocrx_word' id='word_1_247' title='bbox 813 1849 891 1906; x_wconf 84' lang='lat' dir='ltr'>saepe</span> <span class='ocrx_word' id='word_1_248' title='bbox 916 1832 1058 1903; x_wconf 85' lang='lat' dir='ltr'>diximus,</span> <span class='ocrx_word' id='word_1_249' title='bbox 1113 1831 1319 1904; x_wconf 80' lang='lat' dir='ltr'>Redemptoris</span> <span class='ocrx_word' id='word_1_250' title='bbox 1335 1845 1354 1888; x_wconf 89' lang='lat' dir='ltr'>a</span> <span class='ocrx_word' id='word_1_251' title='bbox 1369 1829 1530 1902; x_wconf 87' lang='lat' dir='ltr'>gentilitate</span> <span class='ocrx_word' id='word_1_252' title='bbox 1545 1829 1662 1885; x_wconf 91' lang='lat' dir='ltr'>dudum</span> <span class='ocrx_word' id='word_1_253' title='bbox 1675 1826 1808 1900; x_wconf 74' lang='lat' dir='ltr'>perfidiae</span> <span class='ocrx_word' id='word_1_254' title='bbox 1823 1831 1943 1899; x_wconf 87' lang='lat' dir='ltr'>torpore</span> 
     </span>
     <span class='ocr_line' id='line_1_21' title="bbox 231 1913 1944 1993; baseline -0.002 -19"><span class='ocrx_word' id='word_1_255' title='bbox 231 1915 393 1975; x_wconf 87' lang='lat' dir='ltr'>electorum</span> <span class='ocrx_word' id='word_1_256' title='bbox 407 1922 521 1976; x_wconf 88' lang='lat' dir='ltr'>mentes</span> <span class='ocrx_word' id='word_1_257' title='bbox 537 1919 696 1992; x_wconf 79' lang='lat' dir='ltr'>exprimis</span> <span class='ocrx_word' id='word_1_258' title='bbox 717 1919 832 1978; x_wconf 89' lang='lat' dir='ltr'>cunctis</span> <span class='ocrx_word' id='word_1_259' title='bbox 847 1921 968 1978; x_wconf 89' lang='lat' dir='ltr'>terrenis</span> <span class='ocrx_word' id='word_1_260' title='bbox 991 1939 1060 1980; x_wconf 87' lang='lat' dir='ltr'>eon·</span> <span class='ocrx_word' id='word_1_261' title='bbox 1112 1919 1230 1993; x_wconf 85' lang='lat' dir='ltr'>frigida,</span> <span class='ocrx_word' id='word_1_262' title='bbox 1244 1921 1322 1978; x_wconf 90' lang='lat' dir='ltr'>intra</span> <span class='ocrx_word' id='word_1_263' title='bbox 1337 1923 1472 1977; x_wconf 85' lang='lat' dir='ltr'>sanctam</span> <span class='ocrx_word' id='word_1_264' title='bbox 1487 1917 1648 1975; x_wconf 87' lang='lat' dir='ltr'>Ecclesiam</span> <span class='ocrx_word' id='word_1_265' title='bbox 1662 1913 1792 1990; x_wconf 90' lang='lat' dir='ltr'>pretiosa</span> <span class='ocrx_word' id='word_1_266' title='bbox 1807 1918 1867 1971; x_wconf 84' lang='lat' dir='ltr'>Deo</span> <span class='ocrx_word' id='word_1_267' title='bbox 1884 1914 1944 1970; x_wconf 82' lang='lat' dir='ltr'>vita</span> 
     </span>
     <span class='ocr_line' id='line_1_22' title="bbox 230 2004 1941 2084; baseline -0.002 -20"><span class='ocrx_word' id='word_1_268' title='bbox 230 2007 318 2077; x_wconf 89' lang='lat' dir='ltr'>tagiis</span> <span class='ocrx_word' id='word_1_269' title='bbox 332 2005 438 2064; x_wconf 90' lang='lat' dir='ltr'>intimo</span> <span class='ocrx_word' id='word_1_270' title='bbox 451 2023 553 2064; x_wconf 89' lang='lat' dir='ltr'>amore</span> <span class='ocrx_word' id='word_1_271' title='bbox 568 2025 731 2082; x_wconf 84' lang='lat' dir='ltr'>suspensae.</span> <span class='ocrx_word' id='word_1_272' title='bbox 749 2008 822 2066; x_wconf 88' lang='lat' dir='ltr'>Hinc</span> <span class='ocrx_word' id='word_1_273' title='bbox 836 2009 963 2068; x_wconf 91' lang='lat' dir='ltr'>dicitur:</span> <span class='ocrx_word' id='word_1_274' title='bbox 982 2015 1061 2070; x_wconf 85' lang='lat' dir='ltr'>«No</span> <span class='ocrx_word' id='word_1_275' title='bbox 1112 2009 1248 2068; x_wconf 90' lang='lat' dir='ltr'>fidelium</span> <span class='ocrx_word' id='word_1_276' title='bbox 1263 2010 1484 2084; x_wconf 87' lang='lat' dir='ltr'>multiplicatur.</span> <span class='ocrx_word' id='word_1_277' title='bbox 1509 2009 1581 2065; x_wconf 90' lang='lat' dir='ltr'>llinc</span> <span class='ocrx_word' id='word_1_278' title='bbox 1603 2021 1658 2080; x_wconf 91' lang='lat' dir='ltr'>per</span> <span class='ocrx_word' id='word_1_279' title='bbox 1677 2005 1784 2062; x_wconf 90' lang='lat' dir='ltr'>isaiam</span> <span class='ocrx_word' id='word_1_280' title='bbox 1809 2004 1941 2061; x_wconf 90' lang='lat' dir='ltr'>dicitur:</span> 
     </span>
     <span class='ocr_line' id='line_1_23' title="bbox 231 2095 1943 2175; baseline -0.001 -23"><span class='ocrx_word' id='word_1_281' title='bbox 231 2100 293 2153; x_wconf 88' lang='lat' dir='ltr'>stra</span> <span class='ocrx_word' id='word_1_282' title='bbox 308 2097 495 2154; x_wconf 90' lang='lat' dir='ltr'>conversatio</span> <span class='ocrx_word' id='word_1_283' title='bbox 509 2097 540 2153; x_wconf 93' lang='lat' dir='ltr'>in</span> <span class='ocrx_word' id='word_1_284' title='bbox 555 2097 636 2154; x_wconf 85' lang='lat' dir='ltr'>eoelis</span> <span class='ocrx_word' id='word_1_285' title='bbox 651 2101 695 2155; x_wconf 90' lang='lat' dir='ltr'>est</span> <span class='ocrx_word' id='word_1_286' title='bbox 710 2097 834 2172; x_wconf 75' lang='lat' dir='ltr'>(Philip.</span> <span class='ocrx_word' id='word_1_287' title='bbox 849 2116 889 2171; x_wconf 84' lang='lat' dir='ltr'>ur,</span> <span class='ocrx_word' id='word_1_288' title='bbox 901 2105 957 2170; x_wconf 77' lang='lat'><strong>20).</strong></span> <span class='ocrx_word' id='word_1_289' title='bbox 976 2124 990 2152; x_wconf 73' lang='lat' dir='ltr'>a</span> <span class='ocrx_word' id='word_1_290' title='bbox 1005 2102 1062 2170; x_wconf 85' lang='lat' dir='ltr'>Qui</span> <span class='ocrx_word' id='word_1_291' title='bbox 1113 2123 1128 2153; x_wconf 80' lang='lat' dir='ltr'>s</span> <span class='ocrx_word' id='word_1_292' title='bbox 1141 2101 1243 2158; x_wconf 88' lang='lat' dir='ltr'>llicam</span> <span class='ocrx_word' id='word_1_293' title='bbox 1256 2100 1399 2175; x_wconf 88' lang='lat' dir='ltr'>aquiloni,</span> <span class='ocrx_word' id='word_1_294' title='bbox 1413 2099 1514 2156; x_wconf 87' lang='lat' dir='ltr'>dicam</span> <span class='ocrx_word' id='word_1_295' title='bbox 1529 2103 1556 2155; x_wconf 94' lang='lat' dir='ltr'>et</span> <span class='ocrx_word' id='word_1_296' title='bbox 1566 2101 1683 2155; x_wconf 90' lang='lat' dir='ltr'>austro:</span> <span class='ocrx_word' id='word_1_297' title='bbox 1706 2095 1769 2153; x_wconf 90' lang='lat' dir='ltr'>Noli</span> <span class='ocrx_word' id='word_1_298' title='bbox 1783 2095 1943 2169; x_wconf 88' lang='lat' dir='ltr'>prohibere</span> 
     </span>
     <span class='ocr_line' id='line_1_24' title="bbox 228 2185 1944 2263; baseline -0.001 -21"><span class='ocrx_word' id='word_1_299' title='bbox 228 2185 402 2242; x_wconf 81' lang='lat' dir='ltr'>solidissimi</span> <span class='ocrx_word' id='word_1_300' title='bbox 423 2187 510 2259; x_wconf 84' lang='lat' dir='ltr'>quasi</span> <span class='ocrx_word' id='word_1_301' title='bbox 532 2203 590 2244; x_wconf 75' lang='lat' dir='ltr'>aare</span> <span class='ocrx_word' id='word_1_302' title='bbox 608 2186 674 2258; x_wconf 83' lang='lat' dir='ltr'>susi</span> <span class='ocrx_word' id='word_1_303' title='bbox 696 2194 777 2260; x_wconf 81' lang='lat' dir='ltr'>sunt,</span> <span class='ocrx_word' id='word_1_304' title='bbox 793 2187 866 2262; x_wconf 91' lang='lat' dir='ltr'>quia</span> <span class='ocrx_word' id='word_1_305' title='bbox 888 2190 927 2246; x_wconf 91' lang='lat' dir='ltr'>ab</span> <span class='ocrx_word' id='word_1_306' title='bbox 940 2189 1060 2260; x_wconf 88' lang='lat' dir='ltr'>iutegri-</span> <span class='ocrx_word' id='word_1_307' title='bbox 1114 2192 1186 2258; x_wconf 85' lang='lat' dir='ltr'>(Iso.</span> <span class='ocrx_word' id='word_1_308' title='bbox 1198 2207 1277 2258; x_wconf 80' lang='lat' dir='ltr'>xnus,</span> <span class='ocrx_word' id='word_1_309' title='bbox 1289 2191 1349 2262; x_wconf 81' lang='grc'>6).»</span> <span class='ocrx_word' id='word_1_310' title='bbox 1361 2187 1514 2263; x_wconf 87' lang='lat' dir='ltr'>Sequitur:</span> <span class='ocrx_word' id='word_1_311' title='bbox 1525 2189 1589 2245; x_wconf 75' lang='lat' dir='ltr'>lita</span> <span class='ocrx_word' id='word_1_312' title='bbox 1600 2189 1659 2244; x_wconf 88' lang='lat' dir='ltr'>Deo</span> <span class='ocrx_word' id='word_1_313' title='bbox 1668 2185 1866 2257; x_wconf 79' lang='lat' dir='ltr'>formidolosa</span> <span class='ocrx_word' id='word_1_314' title='bbox 1881 2185 1944 2241; x_wconf 84' lang='lat' dir='ltr'>iuu-</span> 
     </span>
     <span class='ocr_line' id='line_1_25' title="bbox 228 2273 1945 2350; baseline -0.001 -19"><span class='ocrx_word' id='word_1_315' title='bbox 228 2277 289 2331; x_wconf 86' lang='lat' dir='ltr'>tate</span> <span class='ocrx_word' id='word_1_316' title='bbox 313 2279 418 2348; x_wconf 75' lang='lat' dir='ltr'>coeptre</span> <span class='ocrx_word' id='word_1_317' title='bbox 443 2273 623 2332; x_wconf 82' lang='lat' dir='ltr'>fortitudinis</span> <span class='ocrx_word' id='word_1_318' title='bbox 646 2275 729 2335; x_wconf 90' lang='lat' dir='ltr'>nulla</span> <span class='ocrx_word' id='word_1_319' title='bbox 750 2277 956 2336; x_wconf 85' lang='lat' dir='ltr'>mutabilitatis</span> <span class='ocrx_word' id='word_1_320' title='bbox 979 2277 1060 2336; x_wconf 89' lang='lat' dir='ltr'>ruhi·</span> <span class='ocrx_word' id='word_1_321' title='bbox 1113 2282 1205 2338; x_wconf 86' lang='lat' dir='ltr'>datio.</span> <span class='ocrx_word' id='word_1_322' title='bbox 1218 2279 1308 2336; x_wconf 85' lang='lat' dir='ltr'>—Sio</span> <span class='ocrx_word' id='word_1_323' title='bbox 1322 2279 1402 2336; x_wconf 89' lang='lat' dir='ltr'>euim</span> <span class='ocrx_word' id='word_1_324' title='bbox 1416 2277 1679 2350; x_wconf 81' lang='lat' dir='ltr'>aliendieitur,ae</span> <span class='ocrx_word' id='word_1_325' title='bbox 1699 2275 1830 2332; x_wconf 88' lang='lat' dir='ltr'>siabhis</span> <span class='ocrx_word' id='word_1_326' title='bbox 1845 2278 1898 2349; x_wconf 91' lang='lat' dir='ltr'>qui</span> <span class='ocrx_word' id='word_1_327' title='bbox 1913 2275 1945 2330; x_wconf 93' lang='lat' dir='ltr'>in</span> 
     </span>
     <span class='ocr_line' id='line_1_26' title="bbox 229 2363 1944 2444; baseline 0 -24"><span class='ocrx_word' id='word_1_328' title='bbox 229 2363 297 2436; x_wconf 89' lang='lat' dir='ltr'>gine</span> <span class='ocrx_word' id='word_1_329' title='bbox 312 2367 541 2421; x_wconf 88' lang='lat' dir='ltr'>consumuntur.</span> <span class='ocrx_word' id='word_1_330' title='bbox 559 2365 713 2438; x_wconf 85' lang='lat' dir='ltr'>Sequitur:</span> <span class='ocrx_word' id='word_1_331' title='bbox 1112 2375 1197 2444; x_wconf 89' lang='lat' dir='ltr'>parte</span> <span class='ocrx_word' id='word_1_332' title='bbox 1207 2370 1345 2441; x_wconf 88' lang='lat' dir='ltr'>lleisunt,</span> <span class='ocrx_word' id='word_1_333' title='bbox 1359 2369 1390 2425; x_wconf 91' lang='lat' dir='ltr'>id</span> <span class='ocrx_word' id='word_1_334' title='bbox 1400 2372 1454 2436; x_wconf 88' lang='lat' dir='ltr'>est,</span> <span class='ocrx_word' id='word_1_335' title='bbox 1465 2367 1605 2424; x_wconf 88' lang='lat' dir='ltr'>fidelibus</span> <span class='ocrx_word' id='word_1_336' title='bbox 1615 2366 1777 2422; x_wconf 88' lang='lat' dir='ltr'>diceretur:</span> <span class='ocrx_word' id='word_1_337' title='bbox 1794 2366 1877 2421; x_wconf 79' lang='lat' dir='ltr'>Auro</span> <span class='ocrx_word' id='word_1_338' title='bbox 1891 2364 1944 2435; x_wconf 89' lang='lat' dir='ltr'>igi-</span> 
     </span>
    </p>
   </div>
   <div class='ocr_carea' id='block_1_3' title="bbox 229 2451 2040 2622">
    <p class='ocr_par' dir='ltr' id='par_1_3' title="bbox 229 2451 2040 2622">
     <span class='ocr_line' id='line_1_27' title="bbox 264 2451 2040 2532; baseline 0 -22"><span class='ocrx_word' id='word_1_339' title='bbox 264 2455 349 2510; x_wconf 84' lang='lat' dir='ltr'>Vans.</span> <span class='ocrx_word' id='word_1_340' title='bbox 371 2451 558 2510; x_wconf 75' lang='lat' dir='ltr'>reostende</span> <span class='ocrx_word' id='word_1_341' title='bbox 579 2453 751 2528; x_wconf 79' lang='lat' dir='ltr'>uobisquid</span> <span class='ocrx_word' id='word_1_342' title='bbox 775 2457 910 2514; x_wconf 85' lang='lat' dir='ltr'>dieamus</span> <span class='ocrx_word' id='word_1_343' title='bbox 925 2459 974 2514; x_wconf 84' lang='lat' dir='ltr'>ei:</span> <span class='ocrx_word' id='word_1_344' title='bbox 997 2457 1059 2514; x_wconf 87' lang='lat' dir='ltr'>Nos</span> <span class='ocrx_word' id='word_1_345' title='bbox 1113 2453 1944 2532; x_wconf 82' lang='lat' dir='ltr'>turabequiloneveniente,euectormidolosalaudatio</span> <span class='ocrx_word' id='word_1_346' title='bbox 2039 2487 2040 2496; x_wconf 33' lang='grc' dir='ltr'>ι</span> 
     </span>
     <span class='ocr_line' id='line_1_28' title="bbox 229 2541 2040 2622; baseline 0 -24"><span class='ocrx_word' id='word_1_347' title='bbox 229 2543 339 2616; x_wconf 84' lang='lat' dir='ltr'>quippe</span> <span class='ocrx_word' id='word_1_348' title='bbox 352 2543 482 2599; x_wconf 84' lang='lat' dir='ltr'>inuoluti</span> <span class='ocrx_word' id='word_1_349' title='bbox 492 2543 724 2600; x_wconf 82' lang='lat' dir='ltr'>tenebris—Ac</span> <span class='ocrx_word' id='word_1_350' title='bbox 735 2545 864 2603; x_wconf 86' lang='lat' dir='ltr'>sidicat:</span> <span class='ocrx_word' id='word_1_351' title='bbox 876 2549 918 2603; x_wconf 85' lang='lat' dir='ltr'>Tu</span> <span class='ocrx_word' id='word_1_352' title='bbox 930 2546 1059 2620; x_wconf 77' lang='lat' dir='ltr'>quiJ&#39;am</span> <span class='ocrx_word' id='word_1_353' title='bbox 1113 2547 1232 2622; x_wconf 89' lang='lat' dir='ltr'>prodiit,</span> <span class='ocrx_word' id='word_1_354' title='bbox 1261 2546 1341 2620; x_wconf 89' lang='lat' dir='ltr'>quia,</span> <span class='ocrx_word' id='word_1_355' title='bbox 1360 2545 1435 2602; x_wconf 92' lang='lat' dir='ltr'>dum</span> <span class='ocrx_word' id='word_1_356' title='bbox 1454 2543 1617 2602; x_wconf 84' lang='lat' dir='ltr'>claritatem</span> <span class='ocrx_word' id='word_1_357' title='bbox 1632 2559 1694 2601; x_wconf 81' lang='lat' dir='ltr'>suae</span> <span class='ocrx_word' id='word_1_358' title='bbox 1712 2541 1783 2600; x_wconf 87' lang='lat' dir='ltr'>fidei</span> <span class='ocrx_word' id='word_1_359' title='bbox 1796 2542 1944 2613; x_wconf 84' lang='lat' dir='ltr'>gentilitas</span> <span class='ocrx_word' id='word_1_360' title='bbox 2039 2551 2040 2608; x_wconf 78' lang='lat' dir='ltr'>s</span> 
     </span>
    </p>
   </div>
   <div class='ocr_carea' id='block_1_4' title="bbox 228 2627 1944 2709">
    <p class='ocr_par' dir='ltr' id='par_1_4' title="bbox 228 2627 1944 2709">
     <span class='ocr_line' id='line_1_29' title="bbox 228 2627 1944 2709; baseline 0 -21"><span class='ocrx_word' id='word_1_361' title='bbox 228 2645 343 2701; x_wconf 87' lang='lat' dir='ltr'>magna</span> <span class='ocrx_word' id='word_1_362' title='bbox 354 2627 553 2701; x_wconf 77' lang='lat' dir='ltr'>intelligentia</span> <span class='ocrx_word' id='word_1_363' title='bbox 567 2629 633 2688; x_wconf 87' lang='lat' dir='ltr'>luce</span> <span class='ocrx_word' id='word_1_364' title='bbox 643 2632 812 2706; x_wconf 83' lang='lat' dir='ltr'>perfrueris,</span> <span class='ocrx_word' id='word_1_365' title='bbox 824 2634 996 2692; x_wconf 88' lang='lat' dir='ltr'>doeerenos</span> <span class='ocrx_word' id='word_1_366' title='bbox 1007 2635 1059 2709; x_wconf 93' lang='lat' dir='ltr'>qui</span> <span class='ocrx_word' id='word_1_367' title='bbox 1113 2635 1244 2708; x_wconf 87' lang='lat' dir='ltr'>abstulit,</span> <span class='ocrx_word' id='word_1_368' title='bbox 1257 2633 1416 2692; x_wconf 81' lang='lat' dir='ltr'>multitudo</span> <span class='ocrx_word' id='word_1_369' title='bbox 1425 2635 1617 2692; x_wconf 81' lang='lat' dir='ltr'>llebraeorum</span> <span class='ocrx_word' id='word_1_370' title='bbox 1630 2631 1765 2690; x_wconf 88' lang='lat' dir='ltr'>fidelium</span> <span class='ocrx_word' id='word_1_371' title='bbox 1779 2631 1883 2689; x_wconf 90' lang='lat' dir='ltr'>divina</span> <span class='ocrx_word' id='word_1_372' title='bbox 1895 2631 1944 2704; x_wconf 87' lang='lat' dir='ltr'>ju-</span> 
     </span>
    </p>
   </div>
   <div class='ocr_carea' id='block_1_5' title="bbox 228 2717 2040 2800">
    <p class='ocr_par' dir='ltr' id='par_1_5' title="bbox 228 2717 2040 2800">
     <span class='ocr_line' id='line_1_30' title="bbox 228 2717 2040 2800; baseline 0.002 -25"><span class='ocrx_word' id='word_1_373' title='bbox 228 2717 405 2792; x_wconf 78' lang='lat' dir='ltr'>ignorantie</span> <span class='ocrx_word' id='word_1_374' title='bbox 420 2717 550 2776; x_wconf 87' lang='lat' dir='ltr'>tenebris</span> <span class='ocrx_word' id='word_1_375' title='bbox 569 2720 751 2779; x_wconf 81' lang='lat' dir='ltr'>involvimur</span> <span class='ocrx_word' id='word_1_376' title='bbox 772 2719 874 2780; x_wconf 90' lang='lat' dir='ltr'>debes.</span> <span class='ocrx_word' id='word_1_377' title='bbox 902 2723 968 2792; x_wconf 90' lang='lat' dir='ltr'>Qui,</span> <span class='ocrx_word' id='word_1_378' title='bbox 987 2739 1059 2781; x_wconf 82' lang='lat' dir='ltr'>mox</span> <span class='ocrx_word' id='word_1_379' title='bbox 1113 2723 1192 2783; x_wconf 90' lang='lat' dir='ltr'>dicia</span> <span class='ocrx_word' id='word_1_380' title='bbox 1216 2723 1458 2800; x_wconf 89' lang='lat' dir='ltr'>pertimescendo</span> <span class='ocrx_word' id='word_1_381' title='bbox 1480 2723 1623 2781; x_wconf 89' lang='lat' dir='ltr'>laudavit.</span> <span class='ocrx_word' id='word_1_382' title='bbox 1653 2721 1710 2780; x_wconf 90' lang='lat' dir='ltr'>Sed</span> <span class='ocrx_word' id='word_1_383' title='bbox 1733 2721 1890 2796; x_wconf 80' lang='grc' dir='ltr'>ιριοιιιοάο</span> <span class='ocrx_word' id='word_1_384' title='bbox 1904 2721 1943 2778; x_wconf 90' lang='lat' dir='ltr'>ab</span> <span class='ocrx_word' id='word_1_385' title='bbox 2039 2723 2040 2730; x_wconf 77' lang='grc'>’</span> 
     </span>
    </p>
   </div>
   <div class='ocr_carea' id='block_1_6' title="bbox 226 2807 1944 3872">
    <p class='ocr_par' dir='ltr' id='par_1_6' title="bbox 227 2807 1944 2891">
     <span class='ocr_line' id='line_1_31' title="bbox 227 2807 1944 2891; baseline 0 -24"><span class='ocrx_word' id='word_1_386' title='bbox 227 2809 269 2867; x_wconf 86' lang='lat' dir='ltr'>eb</span> <span class='ocrx_word' id='word_1_387' title='bbox 283 2807 419 2866; x_wconf 83' lang='lat' dir='ltr'>irrisione</span> <span class='ocrx_word' id='word_1_388' title='bbox 432 2807 578 2878; x_wconf 89' lang='lat' dir='ltr'>resiliens,</span> <span class='ocrx_word' id='word_1_389' title='bbox 592 2809 785 2884; x_wconf 88' lang='lat' dir='ltr'>despiciendo</span> <span class='ocrx_word' id='word_1_390' title='bbox 796 2811 952 2885; x_wconf 84' lang='lat' dir='ltr'>subjungit</span> <span class='ocrx_word' id='word_1_391' title='bbox 967 2833 974 2870; x_wconf 74' lang='grc' dir='ltr'>ι</span> <span class='ocrx_word' id='word_1_392' title='bbox 1113 2813 1648 2891; x_wconf 86' lang='lat' dir='ltr'>aquiloneaurnmveniat,quomodo</span> <span class='ocrx_word' id='word_1_393' title='bbox 1657 2812 1750 2869; x_wconf 88' lang='lat' dir='ltr'>abhis</span> <span class='ocrx_word' id='word_1_394' title='bbox 1760 2809 1875 2886; x_wconf 91' lang='lat' dir='ltr'>qnisub</span> <span class='ocrx_word' id='word_1_395' title='bbox 1885 2813 1944 2868; x_wconf 81' lang='lat' dir='ltr'>beo</span> 
     </span>
    </p>

    <p class='ocr_par' dir='ltr' id='par_1_7' title="bbox 226 2898 1944 3872">
     <span class='ocr_line' id='line_1_32' title="bbox 267 2898 1943 2989; baseline 0.002 -35"><span class='ocrx_word' id='word_1_396' title='bbox 267 2901 348 2955; x_wconf 83' lang='lat' dir='ltr'>Vuae.</span> <span class='ocrx_word' id='word_1_397' title='bbox 363 2901 409 2954; x_wconf 79' lang='lat'>20.</span> <span class='ocrx_word' id='word_1_398' title='bbox 430 2898 502 2966; x_wconf 85' lang='lat' dir='ltr'>Quis</span> <span class='ocrx_word' id='word_1_399' title='bbox 517 2907 624 2956; x_wconf 65' lang='lat' dir='ltr'>namot</span> <span class='ocrx_word' id='word_1_400' title='bbox 644 2904 672 2957; x_wconf 86' lang='lat' dir='ltr'>et</span> <span class='ocrx_word' id='word_1_401' title='bbox 689 2917 757 2972; x_wconf 85' lang='lat' dir='ltr'>quoe</span> <span class='ocrx_word' id='word_1_402' title='bbox 780 2902 909 2975; x_wconf 76' lang='lat' dir='ltr'>loquor?</span> <span class='ocrx_word' id='word_1_403' title='bbox 928 2931 963 2944; x_wconf 83' lang='lat'><em>-</em></span> <span class='ocrx_word' id='word_1_404' title='bbox 977 2903 1020 2959; x_wconf 82' lang='lat' dir='ltr'>Ac</span> <span class='ocrx_word' id='word_1_405' title='bbox 1035 2903 1060 2958; x_wconf 86' lang='lat' dir='ltr'>si</span> <span class='ocrx_word' id='word_1_406' title='bbox 1077 2932 1098 2989; x_wconf 67' lang='lat' dir='ltr'>c</span> <span class='ocrx_word' id='word_1_407' title='bbox 1114 2911 1193 2974; x_wconf 90' lang='lat' dir='ltr'>suut,</span> <span class='ocrx_word' id='word_1_408' title='bbox 1220 2905 1414 2962; x_wconf 75' lang='lat' dir='ltr'>formidolosa</span> <span class='ocrx_word' id='word_1_409' title='bbox 1441 2903 1575 2960; x_wconf 89' lang='lat' dir='ltr'>laudatio</span> <span class='ocrx_word' id='word_1_410' title='bbox 1598 2903 1746 2976; x_wconf 87' lang='lat' dir='ltr'>erumpat,</span> <span class='ocrx_word' id='word_1_411' title='bbox 1768 2901 1835 2976; x_wconf 89' lang='lat' dir='ltr'>ipsa</span> <span class='ocrx_word' id='word_1_412' title='bbox 1855 2901 1943 2958; x_wconf 90' lang='lat' dir='ltr'>nobis</span> 
     </span>
     <span class='ocr_line' id='line_1_33' title="bbox 226 2985 1944 3068; baseline 0.001 -22"><span class='ocrx_word' id='word_1_413' title='bbox 226 2992 330 3062; x_wconf 82' lang='lat' dir='ltr'>aperte</span> <span class='ocrx_word' id='word_1_414' title='bbox 344 2985 442 3045; x_wconf 86' lang='lat' dir='ltr'>dicat:</span> <span class='ocrx_word' id='word_1_415' title='bbox 458 2989 529 3054; x_wconf 80' lang='lat' dir='ltr'>Quae</span> <span class='ocrx_word' id='word_1_416' title='bbox 544 3001 611 3060; x_wconf 90' lang='lat' dir='ltr'>ego,</span> <span class='ocrx_word' id='word_1_417' title='bbox 625 2989 650 3046; x_wconf 92' lang='lat' dir='ltr'>ei</span> <span class='ocrx_word' id='word_1_418' title='bbox 665 2989 703 3046; x_wconf 88' lang='lat' dir='ltr'>de</span> <span class='ocrx_word' id='word_1_419' title='bbox 721 2991 783 3048; x_wconf 89' lang='lat' dir='ltr'>suis</span> <span class='ocrx_word' id='word_1_420' title='bbox 805 2989 948 3049; x_wconf 86' lang='lat' dir='ltr'>laudibus</span> <span class='ocrx_word' id='word_1_421' title='bbox 973 2995 1058 3050; x_wconf 85' lang='lat' dir='ltr'>acute</span> <span class='ocrx_word' id='word_1_422' title='bbox 1112 2995 1318 3054; x_wconf 87' lang='lat' dir='ltr'>historiasaeri</span> <span class='ocrx_word' id='word_1_423' title='bbox 1331 2993 1441 3068; x_wconf 90' lang='lat' dir='ltr'>eloquii</span> <span class='ocrx_word' id='word_1_424' title='bbox 1454 2994 1599 3060; x_wconf 90' lang='lat' dir='ltr'>ostendat,</span> <span class='ocrx_word' id='word_1_425' title='bbox 1614 2991 1666 3049; x_wconf 93' lang='lat' dir='ltr'>ubi</span> <span class='ocrx_word' id='word_1_426' title='bbox 1681 2991 1718 3048; x_wconf 90' lang='lat' dir='ltr'>dc</span> <span class='ocrx_word' id='word_1_427' title='bbox 1733 2991 1860 3050; x_wconf 88' lang='lat' dir='ltr'>Cornelii</span> <span class='ocrx_word' id='word_1_428' title='bbox 1875 3007 1944 3048; x_wconf 90' lang='lat' dir='ltr'>oon-</span> 
     </span>
     <span class='ocr_line' id='line_1_34' title="bbox 228 3078 1943 3154; baseline 0.001 -18"><span class='ocrx_word' id='word_1_429' title='bbox 228 3079 360 3136; x_wconf 88' lang='lat' dir='ltr'>senliens</span> <span class='ocrx_word' id='word_1_430' title='bbox 373 3091 435 3134; x_wconf 86' lang='lat' dir='ltr'>noa</span> <span class='ocrx_word' id='word_1_431' title='bbox 447 3079 541 3148; x_wconf 87' lang='lat' dir='ltr'>audit,</span> <span class='ocrx_word' id='word_1_432' title='bbox 567 3079 702 3153; x_wconf 88' lang='lat' dir='ltr'>eloquor,</span> <span class='ocrx_word' id='word_1_433' title='bbox 718 3081 770 3154; x_wconf 90' lang='lat' dir='ltr'>qui</span> <span class='ocrx_word' id='word_1_434' title='bbox 784 3081 849 3138; x_wconf 88' lang='lat' dir='ltr'>haec</span> <span class='ocrx_word' id='word_1_435' title='bbox 862 3097 995 3154; x_wconf 87' lang='lat' dir='ltr'>narrare,</span> <span class='ocrx_word' id='word_1_436' title='bbox 1010 3083 1059 3140; x_wconf 87' lang='lat' dir='ltr'>vel</span> <span class='ocrx_word' id='word_1_437' title='bbox 1111 3083 1246 3142; x_wconf 80' lang='lat' dir='ltr'>versione</span> <span class='ocrx_word' id='word_1_438' title='bbox 1261 3087 1372 3140; x_wconf 76' lang='lat' dir='ltr'>namet.</span> <span class='ocrx_word' id='word_1_439' title='bbox 1384 3083 1440 3141; x_wconf 91' lang='lat' dir='ltr'>Sed</span> <span class='ocrx_word' id='word_1_440' title='bbox 1450 3079 1560 3139; x_wconf 88' lang='lat' dir='ltr'>idcirco</span> <span class='ocrx_word' id='word_1_441' title='bbox 1576 3080 1726 3138; x_wconf 87' lang='lat' dir='ltr'>conversis</span> <span class='ocrx_word' id='word_1_442' title='bbox 1742 3079 1892 3150; x_wconf 84' lang='lat' dir='ltr'>gentibus,</span> <span class='ocrx_word' id='word_1_443' title='bbox 1905 3078 1943 3137; x_wconf 87' lang='lat' dir='ltr'>ab</span> 
     </span>
     <span class='ocr_line' id='line_1_35' title="bbox 228 3167 1944 3244; baseline 0 -19"><span class='ocrx_word' id='word_1_444' title='bbox 228 3173 393 3243; x_wconf 89' lang='lat' dir='ltr'>postquem</span> <span class='ocrx_word' id='word_1_445' title='bbox 409 3168 546 3240; x_wconf 87' lang='lat' dir='ltr'>audierit,</span> <span class='ocrx_word' id='word_1_446' title='bbox 562 3170 682 3242; x_wconf 81' lang='lat' dir='ltr'>potasti</span> <span class='ocrx_word' id='word_1_447' title='bbox 698 3173 855 3244; x_wconf 90' lang='lat' dir='ltr'>Sequitur:</span> <span class='ocrx_word' id='word_1_448' title='bbox 871 3173 1002 3230; x_wconf 83' lang='lat' dir='ltr'>Etiamsi</span> <span class='ocrx_word' id='word_1_449' title='bbox 1016 3175 1059 3231; x_wconf 88' lang='lat' dir='ltr'>to·</span> <span class='ocrx_word' id='word_1_450' title='bbox 1112 3171 1244 3230; x_wconf 81' lang='lat' dir='ltr'>Hebroeis</span> <span class='ocrx_word' id='word_1_451' title='bbox 1256 3173 1321 3244; x_wconf 87' lang='lat' dir='ltr'>jam</span> <span class='ocrx_word' id='word_1_452' title='bbox 1344 3171 1484 3228; x_wconf 85' lang='lat' dir='ltr'>fidelibus</span> <span class='ocrx_word' id='word_1_453' title='bbox 1505 3169 1699 3228; x_wconf 82' lang='lat' dir='ltr'>formidolose</span> <span class='ocrx_word' id='word_1_454' title='bbox 1719 3167 1854 3226; x_wconf 85' lang='lat' dir='ltr'>laudatio</span> <span class='ocrx_word' id='word_1_455' title='bbox 1879 3183 1944 3242; x_wconf 83' lang='lat' dir='ltr'>pro</span> 
     </span>
     <span class='ocr_line' id='line_1_36' title="bbox 226 3257 1944 3337; baseline -0.001 -21"><span class='ocrx_word' id='word_1_456' title='bbox 226 3266 315 3316; x_wconf 79' lang='lat' dir='ltr'>sutas</span> <span class='ocrx_word' id='word_1_457' title='bbox 325 3261 421 3329; x_wconf 73' lang='lat' dir='ltr'>faerit</span> <span class='ocrx_word' id='word_1_458' title='bbox 434 3259 530 3327; x_wconf 80' lang='lat' dir='ltr'>bomo,</span> <span class='ocrx_word' id='word_1_459' title='bbox 546 3259 749 3316; x_wconf 78' lang='lat' dir='ltr'>devorabitur.</span> <span class='ocrx_word' id='word_1_460' title='bbox 762 3261 901 3318; x_wconf 88' lang='lat' dir='ltr'>-Omne</span> <span class='ocrx_word' id='word_1_461' title='bbox 917 3261 1061 3336; x_wconf 88' lang='lat' dir='ltr'>quodali·</span> <span class='ocrx_word' id='word_1_462' title='bbox 1113 3260 1408 3337; x_wconf 89' lang='lat' dir='ltr'>diit,quianimirum</span> <span class='ocrx_word' id='word_1_463' title='bbox 1416 3261 1494 3332; x_wconf 88' lang='lat' dir='ltr'>juste</span> <span class='ocrx_word' id='word_1_464' title='bbox 1504 3259 1607 3316; x_wconf 77' lang='lat' dir='ltr'>tudae</span> <span class='ocrx_word' id='word_1_465' title='bbox 1617 3257 1885 3332; x_wconf 88' lang='lat' dir='ltr'>repulsaesl,dum</span> <span class='ocrx_word' id='word_1_466' title='bbox 1895 3257 1944 3330; x_wconf 91' lang='lat' dir='ltr'>pia</span> 
     </span>
     <span class='ocr_line' id='line_1_37' title="bbox 226 3347 1943 3425; baseline 0.001 -22"><span class='ocrx_word' id='word_1_467' title='bbox 226 3348 302 3421; x_wconf 89' lang='lat' dir='ltr'>quid</span> <span class='ocrx_word' id='word_1_468' title='bbox 316 3347 441 3403; x_wconf 85' lang='lat' dir='ltr'>devoret</span> <span class='ocrx_word' id='word_1_469' title='bbox 451 3347 509 3403; x_wconf 88' lang='lat' dir='ltr'>boe</span> <span class='ocrx_word' id='word_1_470' title='bbox 523 3347 669 3405; x_wconf 87' lang='lat' dir='ltr'>introrsus</span> <span class='ocrx_word' id='word_1_471' title='bbox 684 3349 806 3406; x_wconf 78' lang='lat' dir='ltr'>trahem</span> <span class='ocrx_word' id='word_1_472' title='bbox 819 3349 859 3408; x_wconf 89' lang='lat' dir='ltr'>ab</span> <span class='ocrx_word' id='word_1_473' title='bbox 879 3351 1059 3410; x_wconf 86' lang='lat' dir='ltr'>intuentium</span> <span class='ocrx_word' id='word_1_474' title='bbox 1114 3357 1160 3410; x_wconf 85' lang='lat' dir='ltr'>est</span> <span class='ocrx_word' id='word_1_475' title='bbox 1174 3351 1321 3425; x_wconf 85' lang='lat' dir='ltr'>gentilitas</span> <span class='ocrx_word' id='word_1_476' title='bbox 1331 3353 1447 3420; x_wconf 89' lang='lat' dir='ltr'>vocata,</span> <span class='ocrx_word' id='word_1_477' title='bbox 1463 3353 1492 3407; x_wconf 90' lang='lat' dir='ltr'>et</span> <span class='ocrx_word' id='word_1_478' title='bbox 1512 3349 1625 3406; x_wconf 88' lang='lat' dir='ltr'>damna</span> <span class='ocrx_word' id='word_1_479' title='bbox 1641 3363 1702 3405; x_wconf 87' lang='lat' dir='ltr'>suae</span> <span class='ocrx_word' id='word_1_480' title='bbox 1717 3347 1897 3422; x_wconf 88' lang='lat' dir='ltr'>repulsionis</span> <span class='ocrx_word' id='word_1_481' title='bbox 1907 3347 1943 3405; x_wconf 88' lang='lat' dir='ltr'>ti-</span> 
     </span>
     <span class='ocr_line' id='line_1_38' title="bbox 227 3435 1941 3515; baseline -0.001 -21"><span class='ocrx_word' id='word_1_482' title='bbox 227 3436 324 3494; x_wconf 89' lang='lat' dir='ltr'>oculis</span> <span class='ocrx_word' id='word_1_483' title='bbox 337 3435 476 3504; x_wconf 67' lang='lat' dir='ltr'>oocrdtm,</span> <span class='ocrx_word' id='word_1_484' title='bbox 492 3439 521 3492; x_wconf 89' lang='lat' dir='ltr'>et</span> <span class='ocrx_word' id='word_1_485' title='bbox 533 3451 608 3508; x_wconf 89' lang='lat' dir='ltr'>rem,</span> <span class='ocrx_word' id='word_1_486' title='bbox 624 3453 692 3511; x_wconf 79' lang='lat' dir='ltr'>quse</span> <span class='ocrx_word' id='word_1_487' title='bbox 715 3437 810 3496; x_wconf 89' lang='lat' dir='ltr'>videri</span> <span class='ocrx_word' id='word_1_488' title='bbox 831 3439 988 3513; x_wconf 86' lang='lat' dir='ltr'>superficie</span> <span class='ocrx_word' id='word_1_489' title='bbox 1007 3457 1061 3515; x_wconf 92' lang='lat' dir='ltr'>po·</span> <span class='ocrx_word' id='word_1_490' title='bbox 1113 3441 1200 3512; x_wconf 89' lang='lat' dir='ltr'>muit,</span> <span class='ocrx_word' id='word_1_491' title='bbox 1211 3441 1285 3498; x_wconf 93' lang='lat' dir='ltr'>dum</span> <span class='ocrx_word' id='word_1_492' title='bbox 1299 3439 1383 3498; x_wconf 90' lang='lat' dir='ltr'>lucre</span> <span class='ocrx_word' id='word_1_493' title='bbox 1397 3439 1501 3496; x_wconf 85' lang='lat' dir='ltr'>alienae</span> <span class='ocrx_word' id='word_1_494' title='bbox 1516 3437 1682 3496; x_wconf 87' lang='lat' dir='ltr'>vocationis</span> <span class='ocrx_word' id='word_1_495' title='bbox 1694 3437 1775 3494; x_wconf 89' lang='lat' dir='ltr'>vidit.</span> <span class='ocrx_word' id='word_1_496' title='bbox 1785 3437 1941 3511; x_wconf 87' lang='lat' dir='ltr'>Sequitur:</span> 
     </span>
     <span class='ocr_line' id='line_1_39' title="bbox 228 3523 1942 3601; baseline 0.001 -18"><span class='ocrx_word' id='word_1_497' title='bbox 228 3527 293 3595; x_wconf 87' lang='lat' dir='ltr'>tuit,</span> <span class='ocrx_word' id='word_1_498' title='bbox 317 3526 348 3582; x_wconf 90' lang='lat' dir='ltr'>in</span> <span class='ocrx_word' id='word_1_499' title='bbox 370 3523 558 3599; x_wconf 81' lang='lat' dir='ltr'>protundum</span> <span class='ocrx_word' id='word_1_500' title='bbox 579 3526 667 3600; x_wconf 91' lang='lat' dir='ltr'>rapit.</span> <span class='ocrx_word' id='word_1_501' title='bbox 692 3529 787 3585; x_wconf 92' lang='lat' dir='ltr'>llomo</span> <span class='ocrx_word' id='word_1_502' title='bbox 813 3527 912 3600; x_wconf 88' lang='lat' dir='ltr'>igitur,</span> <span class='ocrx_word' id='word_1_503' title='bbox 929 3545 999 3586; x_wconf 90' lang='lat' dir='ltr'>oum</span> <span class='ocrx_word' id='word_1_504' title='bbox 1023 3529 1060 3587; x_wconf 92' lang='lat' dir='ltr'>de</span> <span class='ocrx_word' id='word_1_505' title='bbox 1149 3531 1233 3587; x_wconf 79' lang='lat' dir='ltr'>Vsus.</span> <span class='ocrx_word' id='word_1_506' title='bbox 1249 3533 1295 3587; x_wconf 76' lang='grc'>23.</span> <span class='ocrx_word' id='word_1_507' title='bbox 1309 3529 1483 3601; x_wconf 73' lang='lat' dir='ltr'>Digressum</span> <span class='ocrx_word' id='word_1_508' title='bbox 1496 3529 1631 3585; x_wconf 82' lang='lat' dir='ltr'>invenire</span> <span class='ocrx_word' id='word_1_509' title='bbox 1650 3541 1710 3584; x_wconf 83' lang='lat' dir='ltr'>aaa</span> <span class='ocrx_word' id='word_1_510' title='bbox 1725 3541 1895 3597; x_wconf 80' lang='lat' dir='ltr'>pessumus.</span> <span class='ocrx_word' id='word_1_511' title='bbox 1910 3559 1942 3568; x_wconf 91' lang='lat'>—</span> 
     </span>
     <span class='ocr_line' id='line_1_40' title="bbox 229 3613 1942 3691; baseline 0 -20"><span class='ocrx_word' id='word_1_512' title='bbox 229 3617 289 3671; x_wconf 84' lang='lat' dir='ltr'>ileo</span> <span class='ocrx_word' id='word_1_513' title='bbox 305 3618 382 3671; x_wconf 89' lang='lat' dir='ltr'>tacet</span> <span class='ocrx_word' id='word_1_514' title='bbox 395 3627 449 3687; x_wconf 93' lang='lat' dir='ltr'>per</span> <span class='ocrx_word' id='word_1_515' title='bbox 461 3613 609 3671; x_wconf 89' lang='lat' dir='ltr'>rationem</span> <span class='ocrx_word' id='word_1_516' title='bbox 633 3614 664 3671; x_wconf 93' lang='lat' dir='ltr'>in</span> <span class='ocrx_word' id='word_1_517' title='bbox 683 3629 745 3688; x_wconf 90' lang='lat' dir='ltr'>qua</span> <span class='ocrx_word' id='word_1_518' title='bbox 766 3619 810 3674; x_wconf 87' lang='lat' dir='ltr'>est</span> <span class='ocrx_word' id='word_1_519' title='bbox 835 3617 973 3674; x_wconf 87' lang='lat' dir='ltr'>conditus</span> <span class='ocrx_word' id='word_1_520' title='bbox 994 3633 1060 3675; x_wconf 84' lang='lat' dir='ltr'>esse</span> <span class='ocrx_word' id='word_1_521' title='bbox 1115 3619 1149 3675; x_wconf 86' lang='lat' dir='ltr'>at</span> <span class='ocrx_word' id='word_1_522' title='bbox 1164 3618 1189 3674; x_wconf 92' lang='lat' dir='ltr'>si</span> <span class='ocrx_word' id='word_1_523' title='bbox 1203 3617 1404 3690; x_wconf 88' lang='lat' dir='ltr'>invenirejem</span> <span class='ocrx_word' id='word_1_524' title='bbox 1421 3619 1516 3674; x_wconf 86' lang='lat' dir='ltr'>Deum</span> <span class='ocrx_word' id='word_1_525' title='bbox 1536 3629 1711 3691; x_wconf 89' lang='lat' dir='ltr'>possumus,</span> <span class='ocrx_word' id='word_1_526' title='bbox 1733 3631 1795 3672; x_wconf 91' lang='lat' dir='ltr'>non</span> <span class='ocrx_word' id='word_1_527' title='bbox 1817 3619 1879 3672; x_wconf 87' lang='lat' dir='ltr'>tam</span> <span class='ocrx_word' id='word_1_528' title='bbox 1899 3614 1942 3670; x_wconf 89' lang='lat' dir='ltr'>di-</span> 
     </span>
     <span class='ocr_line' id='line_1_41' title="bbox 230 3699 1942 3782; baseline -0.001 -21"><span class='ocrx_word' id='word_1_529' title='bbox 230 3699 344 3777; x_wconf 87' lang='lat' dir='ltr'>aliquid</span> <span class='ocrx_word' id='word_1_530' title='bbox 358 3703 483 3760; x_wconf 90' lang='lat' dir='ltr'>videtur.</span> <span class='ocrx_word' id='word_1_531' title='bbox 499 3707 535 3760; x_wconf 85' lang='lat' dir='ltr'>At</span> <span class='ocrx_word' id='word_1_532' title='bbox 550 3703 575 3760; x_wconf 90' lang='lat' dir='ltr'>si</span> <span class='ocrx_word' id='word_1_533' title='bbox 589 3703 704 3778; x_wconf 89' lang='lat' dir='ltr'>aliquid</span> <span class='ocrx_word' id='word_1_534' title='bbox 714 3704 751 3762; x_wconf 92' lang='lat' dir='ltr'>de</span> <span class='ocrx_word' id='word_1_535' title='bbox 766 3705 826 3762; x_wconf 78' lang='lat' dir='ltr'>lieo</span> <span class='ocrx_word' id='word_1_536' title='bbox 841 3705 925 3780; x_wconf 93' lang='lat' dir='ltr'>loqui</span> <span class='ocrx_word' id='word_1_537' title='bbox 939 3707 1061 3781; x_wconf 87' lang='lat' dir='ltr'>ooeperit</span> <span class='ocrx_word' id='word_1_538' title='bbox 1115 3723 1184 3782; x_wconf 90' lang='lat' dir='ltr'>gne,</span> <span class='ocrx_word' id='word_1_539' title='bbox 1197 3708 1269 3782; x_wconf 90' lang='lat' dir='ltr'>quia</span> <span class='ocrx_word' id='word_1_540' title='bbox 1279 3705 1362 3781; x_wconf 92' lang='lat' dir='ltr'>quod</span> <span class='ocrx_word' id='word_1_541' title='bbox 1376 3707 1407 3764; x_wconf 90' lang='lat' dir='ltr'>in</span> <span class='ocrx_word' id='word_1_542' title='bbox 1421 3705 1471 3763; x_wconf 94' lang='lat' dir='ltr'>illo</span> <span class='ocrx_word' id='word_1_543' title='bbox 1485 3705 1640 3776; x_wconf 86' lang='lat' dir='ltr'>sentimus,</span> <span class='ocrx_word' id='word_1_544' title='bbox 1656 3721 1693 3761; x_wconf 86' lang='lat' dir='ltr'>cx</span> <span class='ocrx_word' id='word_1_545' title='bbox 1715 3704 1785 3772; x_wconf 89' lang='lat' dir='ltr'>fide,</span> <span class='ocrx_word' id='word_1_546' title='bbox 1805 3703 1942 3762; x_wconf 89' lang='lat' dir='ltr'>nondum</span> 
     </span>
     <span class='ocr_line' id='line_1_42' title="bbox 228 3791 1942 3872; baseline -0.001 -22"><span class='ocrx_word' id='word_1_547' title='bbox 228 3791 308 3851; x_wconf 87' lang='lat' dir='ltr'>illico</span> <span class='ocrx_word' id='word_1_548' title='bbox 320 3807 415 3867; x_wconf 87' lang='lat' dir='ltr'>quem</span> <span class='ocrx_word' id='word_1_549' title='bbox 429 3793 503 3850; x_wconf 92' lang='lat' dir='ltr'>nihil</span> <span class='ocrx_word' id='word_1_550' title='bbox 517 3793 554 3850; x_wconf 91' lang='lat' dir='ltr'>sit</span> <span class='ocrx_word' id='word_1_551' title='bbox 566 3793 742 3868; x_wconf 90' lang='lat' dir='ltr'>ostenditur,</span> <span class='ocrx_word' id='word_1_552' title='bbox 757 3796 830 3870; x_wconf 90' lang='lat' dir='ltr'>quia</span> <span class='ocrx_word' id='word_1_553' title='bbox 844 3797 1060 3869; x_wconf 83' lang='lat' dir='ltr'>magnitudinis</span> <span class='ocrx_word' id='word_1_554' title='bbox 1115 3813 1152 3855; x_wconf 85' lang='lat' dir='ltr'>ex</span> <span class='ocrx_word' id='word_1_555' title='bbox 1166 3797 1274 3872; x_wconf 90' lang='lat' dir='ltr'>speeie.</span> <span class='ocrx_word' id='word_1_556' title='bbox 1292 3797 1430 3870; x_wconf 88' lang='lat' dir='ltr'>Sequitur</span> <span class='ocrx_word' id='word_1_557' title='bbox 1446 3813 1452 3852; x_wconf 94' lang='lat'>:</span> <span class='ocrx_word' id='word_1_558' title='bbox 1472 3795 1602 3868; x_wconf 79' lang='lat' dir='ltr'>Meprtus</span> <span class='ocrx_word' id='word_1_559' title='bbox 1612 3793 1793 3866; x_wconf 77' lang='lat' dir='ltr'>fortitudine</span> <span class='ocrx_word' id='word_1_560' title='bbox 1812 3799 1840 3851; x_wconf 83' lang='lat' dir='ltr'>et</span> <span class='ocrx_word' id='word_1_561' title='bbox 1858 3793 1942 3865; x_wconf 71' lang='lat' dir='ltr'>fudi-</span> 
     </span>
    </p>
   </div>
   <div class='ocr_carea' id='block_1_7' title="bbox 228 3881 2040 3961">
    <p class='ocr_par' dir='ltr' id='par_1_8' title="bbox 228 3881 2040 3961">
     <span class='ocr_line' id='line_1_43' title="bbox 228 3881 2040 3961; baseline 0.001 -21"><span class='ocrx_word' id='word_1_562' title='bbox 228 3881 307 3940; x_wconf 88' lang='lat' dir='ltr'>iilius</span> <span class='ocrx_word' id='word_1_563' title='bbox 321 3881 520 3940; x_wconf 88' lang='lat' dir='ltr'>immensitate</span> <span class='ocrx_word' id='word_1_564' title='bbox 534 3883 705 3955; x_wconf 85' lang='lat' dir='ltr'>devoratur,</span> <span class='ocrx_word' id='word_1_565' title='bbox 721 3889 750 3942; x_wconf 93' lang='lat' dir='ltr'>et</span> <span class='ocrx_word' id='word_1_566' title='bbox 771 3887 859 3958; x_wconf 89' lang='lat' dir='ltr'>quasi</span> <span class='ocrx_word' id='word_1_567' title='bbox 882 3886 913 3943; x_wconf 94' lang='lat' dir='ltr'>in</span> <span class='ocrx_word' id='word_1_568' title='bbox 935 3887 1061 3961; x_wconf 86' lang='lat' dir='ltr'>proten·</span> <span class='ocrx_word' id='word_1_569' title='bbox 1115 3890 1171 3954; x_wconf 85' lang='lat' dir='ltr'>rio,</span> <span class='ocrx_word' id='word_1_570' title='bbox 1187 3889 1359 3959; x_wconf 78' lang='lat' dir='ltr'>etjustltia,</span> <span class='ocrx_word' id='word_1_571' title='bbox 1375 3893 1402 3944; x_wconf 90' lang='lat' dir='ltr'>et</span> <span class='ocrx_word' id='word_1_572' title='bbox 1418 3887 1560 3944; x_wconf 81' lang='lat' dir='ltr'>enarrari</span> <span class='ocrx_word' id='word_1_573' title='bbox 1572 3891 1749 3955; x_wconf 73' lang='lat' dir='ltr'>conpotes.</span> <span class='ocrx_word' id='word_1_574' title='bbox 1766 3915 1801 3924; x_wconf 92' lang='lat'><strong>—</strong></span> <span class='ocrx_word' id='word_1_575' title='bbox 1814 3883 1942 3956; x_wconf 72' lang='lat' dir='ltr'>Magnus</span> <span class='ocrx_word' id='word_1_576' title='bbox 2039 3939 2040 3942; x_wconf 74' lang='grc'>,</span> 
     </span>
    </p>
   </div>
   <div class='ocr_carea' id='block_1_8' title="bbox 161 3971 1947 5656">
    <p class='ocr_par' dir='ltr' id='par_1_9' title="bbox 161 3971 1947 5656">
     <span class='ocr_line' id='line_1_44' title="bbox 169 3971 1942 4051; baseline -0.001 -20"><span class='ocrx_word' id='word_1_577' title='bbox 169 4003 172 4010; x_wconf 66' lang='lat'>=</span> <span class='ocrx_word' id='word_1_578' title='bbox 227 3971 303 4031; x_wconf 91' lang='lat' dir='ltr'>dum</span> <span class='ocrx_word' id='word_1_579' title='bbox 317 3977 422 4047; x_wconf 86' lang='lat' dir='ltr'>raptus</span> <span class='ocrx_word' id='word_1_580' title='bbox 438 3971 642 4044; x_wconf 87' lang='lat' dir='ltr'>absconditur,</span> <span class='ocrx_word' id='word_1_581' title='bbox 658 3973 798 4048; x_wconf 83' lang='lat' dir='ltr'>quietari</span> <span class='ocrx_word' id='word_1_582' title='bbox 812 3974 996 4033; x_wconf 82' lang='lat' dir='ltr'>ineffabilem</span> <span class='ocrx_word' id='word_1_583' title='bbox 1011 3991 1061 4034; x_wconf 88' lang='lat' dir='ltr'>ou·</span> <span class='ocrx_word' id='word_1_584' title='bbox 1115 3977 1228 4051; x_wconf 89' lang='lat' dir='ltr'>quippe</span> <span class='ocrx_word' id='word_1_585' title='bbox 1242 3979 1287 4033; x_wconf 91' lang='lat' dir='ltr'>est</span> <span class='ocrx_word' id='word_1_586' title='bbox 1298 3976 1489 4047; x_wconf 77' lang='lat' dir='ltr'>fortitudine,</span> <span class='ocrx_word' id='word_1_587' title='bbox 1509 3975 1581 4050; x_wconf 91' lang='lat' dir='ltr'>quia</span> <span class='ocrx_word' id='word_1_588' title='bbox 1607 3973 1714 4031; x_wconf 83' lang='lat' dir='ltr'>fortem</span> <span class='ocrx_word' id='word_1_589' title='bbox 1738 3974 1942 4031; x_wconf 85' lang='lat' dir='ltr'>adversarium</span> 
     </span>
     <span class='ocr_line' id='line_1_45' title="bbox 227 4061 1942 4140; baseline -0.001 -19"><span class='ocrx_word' id='word_1_590' title='bbox 227 4063 326 4138; x_wconf 88' lang='lat' dir='ltr'>piens,</span> <span class='ocrx_word' id='word_1_591' title='bbox 355 4065 423 4137; x_wconf 91' lang='lat' dir='ltr'>ipsa</span> <span class='ocrx_word' id='word_1_592' title='bbox 445 4079 508 4120; x_wconf 76' lang='lat' dir='ltr'>suae</span> <span class='ocrx_word' id='word_1_593' title='bbox 522 4063 700 4134; x_wconf 79' lang='lat' dir='ltr'>ignorantie</span> <span class='ocrx_word' id='word_1_594' title='bbox 726 4065 866 4136; x_wconf 87' lang='lat' dir='ltr'>angustia</span> <span class='ocrx_word' id='word_1_595' title='bbox 888 4066 1059 4138; x_wconf 87' lang='lat' dir='ltr'>deglutitur.</span> <span class='ocrx_word' id='word_1_596' title='bbox 1116 4069 1247 4140; x_wconf 88' lang='lat' dir='ltr'>superet,</span> <span class='ocrx_word' id='word_1_597' title='bbox 1261 4069 1290 4122; x_wconf 87' lang='lat' dir='ltr'>et</span> <span class='ocrx_word' id='word_1_598' title='bbox 1304 4063 1341 4122; x_wconf 90' lang='lat' dir='ltr'>de</span> <span class='ocrx_word' id='word_1_599' title='bbox 1355 4063 1448 4122; x_wconf 93' lang='lat' dir='ltr'>domo</span> <span class='ocrx_word' id='word_1_600' title='bbox 1467 4063 1545 4120; x_wconf 90' lang='lat' dir='ltr'>illius</span> <span class='ocrx_word' id='word_1_601' title='bbox 1559 4077 1632 4121; x_wconf 89' lang='lat' dir='ltr'>vase</span> <span class='ocrx_word' id='word_1_602' title='bbox 1655 4063 1842 4120; x_wconf 74' lang='lat' dir='ltr'>contumeliae</span> <span class='ocrx_word' id='word_1_603' title='bbox 1864 4061 1942 4120; x_wconf 84' lang='lat' dir='ltr'>eule-</span> 
     </span>
     <span class='ocr_line' id='line_1_46' title="bbox 231 4151 1943 4227; baseline -0.001 -17"><span class='ocrx_word' id='word_1_604' title='bbox 231 4151 288 4211; x_wconf 89' lang='lat' dir='ltr'>Sed</span> <span class='ocrx_word' id='word_1_605' title='bbox 303 4167 371 4209; x_wconf 85' lang='lat' dir='ltr'>ecee</span> <span class='ocrx_word' id='word_1_606' title='bbox 384 4153 530 4209; x_wconf 79' lang='lat' dir='ltr'>aeternitas</span> <span class='ocrx_word' id='word_1_607' title='bbox 544 4155 613 4210; x_wconf 89' lang='lat' dir='ltr'>tunc</span> <span class='ocrx_word' id='word_1_608' title='bbox 637 4153 811 4210; x_wconf 89' lang='lat' dir='ltr'>hominibus</span> <span class='ocrx_word' id='word_1_609' title='bbox 832 4169 899 4212; x_wconf 89' lang='lat' dir='ltr'>vere</span> <span class='ocrx_word' id='word_1_610' title='bbox 920 4154 1060 4226; x_wconf 88' lang='lat' dir='ltr'>innotuit,</span> <span class='ocrx_word' id='word_1_611' title='bbox 1115 4171 1196 4225; x_wconf 90' lang='lat' dir='ltr'>rens,</span> <span class='ocrx_word' id='word_1_612' title='bbox 1211 4153 1462 4212; x_wconf 80' lang='lat' dir='ltr'>inmisericordire</span> <span class='ocrx_word' id='word_1_613' title='bbox 1472 4169 1546 4210; x_wconf 89' lang='lat' dir='ltr'>vasa</span> <span class='ocrx_word' id='word_1_614' title='bbox 1557 4157 1716 4227; x_wconf 83' lang='lat' dir='ltr'>permutet.</span> <span class='ocrx_word' id='word_1_615' title='bbox 1728 4155 1852 4224; x_wconf 86' lang='lat' dir='ltr'>llagnus</span> <span class='ocrx_word' id='word_1_616' title='bbox 1861 4153 1943 4223; x_wconf 79' lang='lat' dir='ltr'>jndi-</span> 
     </span>
     <span class='ocr_line' id='line_1_47' title="bbox 230 4241 1943 4319; baseline 0 -21"><span class='ocrx_word' id='word_1_617' title='bbox 230 4257 300 4298; x_wconf 89' lang='lat' dir='ltr'>eum</span> <span class='ocrx_word' id='word_1_618' title='bbox 314 4257 346 4296; x_wconf 90' lang='lat' dir='ltr'>se</span> <span class='ocrx_word' id='word_1_619' title='bbox 360 4241 402 4297; x_wconf 89' lang='lat' dir='ltr'>eis</span> <span class='ocrx_word' id='word_1_620' title='bbox 417 4241 604 4299; x_wconf 87' lang='lat' dir='ltr'>humanitate</span> <span class='ocrx_word' id='word_1_621' title='bbox 630 4245 769 4316; x_wconf 89' lang='lat' dir='ltr'>suscepta</span> <span class='ocrx_word' id='word_1_622' title='bbox 788 4243 973 4312; x_wconf 89' lang='lat' dir='ltr'>monstravit,</span> <span class='ocrx_word' id='word_1_623' title='bbox 993 4259 1062 4316; x_wconf 76' lang='lat' dir='ltr'>quse</span> <span class='ocrx_word' id='word_1_624' title='bbox 1116 4247 1172 4317; x_wconf 83' lang='lat' dir='ltr'>cio,</span> <span class='ocrx_word' id='word_1_625' title='bbox 1185 4245 1267 4319; x_wconf 89' lang='lat' dir='ltr'>quia,</span> <span class='ocrx_word' id='word_1_626' title='bbox 1283 4245 1337 4302; x_wconf 91' lang='lat' dir='ltr'>etsi</span> <span class='ocrx_word' id='word_1_627' title='bbox 1348 4245 1397 4301; x_wconf 82' lang='lat' dir='ltr'>iric</span> <span class='ocrx_word' id='word_1_628' title='bbox 1412 4243 1519 4300; x_wconf 89' lang='lat' dir='ltr'>eleetos</span> <span class='ocrx_word' id='word_1_629' title='bbox 1540 4257 1611 4300; x_wconf 90' lang='lat' dir='ltr'>suos</span> <span class='ocrx_word' id='word_1_630' title='bbox 1630 4255 1684 4316; x_wconf 88' lang='lat' dir='ltr'>per</span> <span class='ocrx_word' id='word_1_631' title='bbox 1706 4243 1834 4299; x_wconf 85' lang='lat' dir='ltr'>adversa</span> <span class='ocrx_word' id='word_1_632' title='bbox 1848 4241 1943 4316; x_wconf 86' lang='lat' dir='ltr'>depri-</span> 
     </span>
     <span class='ocr_line' id='line_1_48' title="bbox 230 4329 1943 4407; baseline 0.002 -23"><span class='ocrx_word' id='word_1_633' title='bbox 230 4330 303 4403; x_wconf 87' lang='lat' dir='ltr'>quia</span> <span class='ocrx_word' id='word_1_634' title='bbox 320 4329 452 4385; x_wconf 88' lang='lat' dir='ltr'>necdum</span> <span class='ocrx_word' id='word_1_635' title='bbox 476 4329 608 4387; x_wconf 90' lang='lat' dir='ltr'>revelata</span> <span class='ocrx_word' id='word_1_636' title='bbox 622 4329 728 4401; x_wconf 80' lang='lat' dir='ltr'>luerat,</span> <span class='ocrx_word' id='word_1_637' title='bbox 743 4331 781 4388; x_wconf 92' lang='lat' dir='ltr'>de</span> <span class='ocrx_word' id='word_1_638' title='bbox 796 4331 910 4389; x_wconf 89' lang='lat' dir='ltr'>eisdem</span> <span class='ocrx_word' id='word_1_639' title='bbox 936 4331 1064 4389; x_wconf 88' lang='lat' dir='ltr'>homini-</span> <span class='ocrx_word' id='word_1_640' title='bbox 1116 4335 1179 4403; x_wconf 89' lang='lat' dir='ltr'>mit,</span> <span class='ocrx_word' id='word_1_641' title='bbox 1195 4335 1251 4390; x_wconf 92' lang='lat' dir='ltr'>hos</span> <span class='ocrx_word' id='word_1_642' title='bbox 1266 4331 1450 4407; x_wconf 90' lang='lat' dir='ltr'>quandoque</span> <span class='ocrx_word' id='word_1_643' title='bbox 1465 4333 1497 4388; x_wconf 90' lang='lat' dir='ltr'>in</span> <span class='ocrx_word' id='word_1_644' title='bbox 1511 4331 1606 4403; x_wconf 85' lang='lat' dir='ltr'>gloria</span> <span class='ocrx_word' id='word_1_645' title='bbox 1626 4336 1743 4389; x_wconf 82' lang='lat' dir='ltr'>oeternae</span> <span class='ocrx_word' id='word_1_646' title='bbox 1761 4331 1943 4405; x_wconf 87' lang='lat' dir='ltr'>prosperita·</span> 
     </span>
     <span class='ocr_line' id='line_1_49' title="bbox 229 4417 1944 4496; baseline 0.001 -21"><span class='ocrx_word' id='word_1_647' title='bbox 229 4417 288 4475; x_wconf 90' lang='lat' dir='ltr'>bus</span> <span class='ocrx_word' id='word_1_648' title='bbox 301 4423 380 4476; x_wconf 85' lang='lat' dir='ltr'>reete</span> <span class='ocrx_word' id='word_1_649' title='bbox 396 4417 588 4490; x_wconf 89' lang='lat' dir='ltr'>subjungitur</span> <span class='ocrx_word' id='word_1_650' title='bbox 604 4437 611 4474; x_wconf 77' lang='grc' dir='ltr'>ι</span> <span class='ocrx_word' id='word_1_651' title='bbox 1115 4423 1153 4481; x_wconf 84' lang='lat' dir='ltr'>tis</span> <span class='ocrx_word' id='word_1_652' title='bbox 1166 4423 1287 4480; x_wconf 86' lang='lat' dir='ltr'>extollit.</span> <span class='ocrx_word' id='word_1_653' title='bbox 1303 4425 1427 4494; x_wconf 82' lang='lat' dir='ltr'>ldagnus</span> <span class='ocrx_word' id='word_1_654' title='bbox 1440 4422 1569 4494; x_wconf 84' lang='lat' dir='ltr'>justitio,</span> <span class='ocrx_word' id='word_1_655' title='bbox 1586 4421 1667 4496; x_wconf 82' lang='lat' dir='ltr'>quia,</span> <span class='ocrx_word' id='word_1_656' title='bbox 1685 4421 1740 4478; x_wconf 89' lang='lat' dir='ltr'>etsi</span> <span class='ocrx_word' id='word_1_657' title='bbox 1760 4420 1809 4478; x_wconf 89' lang='lat' dir='ltr'>hie</span> <span class='ocrx_word' id='word_1_658' title='bbox 1829 4419 1884 4477; x_wconf 91' lang='lat' dir='ltr'>diu</span> <span class='ocrx_word' id='word_1_659' title='bbox 1904 4425 1944 4477; x_wconf 91' lang='lat' dir='ltr'>to·</span> 
     </span>
     <span class='ocr_line' id='line_1_50' title="bbox 268 4507 1944 4586; baseline -0.002 -19"><span class='ocrx_word' id='word_1_660' title='bbox 268 4513 351 4567; x_wconf 84' lang='lat' dir='ltr'>vms.</span> <span class='ocrx_word' id='word_1_661' title='bbox 366 4508 411 4566; x_wconf 85' lang='lat'>21.</span> <span class='ocrx_word' id='word_1_662' title='bbox 425 4508 466 4566; x_wconf 83' lang='lat' dir='ltr'>At</span> <span class='ocrx_word' id='word_1_663' title='bbox 481 4523 562 4566; x_wconf 83' lang='lat' dir='ltr'>auur</span> <span class='ocrx_word' id='word_1_664' title='bbox 576 4525 636 4566; x_wconf 84' lang='lat' dir='ltr'>uon</span> <span class='ocrx_word' id='word_1_665' title='bbox 650 4507 871 4577; x_wconf 71' lang='lat' dir='ltr'>assentiscens,</span> <span class='ocrx_word' id='word_1_666' title='bbox 888 4514 929 4569; x_wconf 79' lang='lat' dir='ltr'>lle</span> <span class='ocrx_word' id='word_1_667' title='bbox 943 4525 1005 4586; x_wconf 91' lang='lat' dir='ltr'>qua</span> <span class='ocrx_word' id='word_1_668' title='bbox 1015 4511 1062 4569; x_wconf 92' lang='lat' dir='ltr'>ni·</span> <span class='ocrx_word' id='word_1_669' title='bbox 1115 4510 1200 4584; x_wconf 87' lang='lat' dir='ltr'>leret,</span> <span class='ocrx_word' id='word_1_670' title='bbox 1229 4511 1413 4586; x_wconf 86' lang='lat' dir='ltr'>quandoque</span> <span class='ocrx_word' id='word_1_671' title='bbox 1439 4515 1540 4568; x_wconf 72' lang='lat' dir='ltr'>menen</span> <span class='ocrx_word' id='word_1_672' title='bbox 1560 4509 1632 4583; x_wconf 70' lang='lat' dir='ltr'>sinej</span> <span class='ocrx_word' id='word_1_673' title='bbox 1644 4511 1771 4568; x_wconf 85' lang='lat' dir='ltr'>termino</span> <span class='ocrx_word' id='word_1_674' title='bbox 1797 4509 1944 4584; x_wconf 86' lang='lat' dir='ltr'>reprobos</span> 
     </span>
     <span class='ocr_line' id='line_1_51' title="bbox 231 4597 1946 4674; baseline 0 -18"><span class='ocrx_word' id='word_1_675' title='bbox 231 4599 343 4657; x_wconf 89' lang='lat' dir='ltr'>mirum</span> <span class='ocrx_word' id='word_1_676' title='bbox 362 4598 452 4657; x_wconf 89' lang='lat' dir='ltr'>etiam</span> <span class='ocrx_word' id='word_1_677' title='bbox 478 4613 532 4674; x_wconf 89' lang='lat' dir='ltr'>per</span> <span class='ocrx_word' id='word_1_678' title='bbox 546 4597 727 4673; x_wconf 91' lang='lat' dir='ltr'>prophetem</span> <span class='ocrx_word' id='word_1_679' title='bbox 746 4597 874 4657; x_wconf 89' lang='lat' dir='ltr'>dicitur:</span> <span class='ocrx_word' id='word_1_680' title='bbox 900 4599 1063 4674; x_wconf 87' lang='lat' dir='ltr'>«Populus</span> <span class='ocrx_word' id='word_1_681' title='bbox 1116 4601 1250 4658; x_wconf 90' lang='lat' dir='ltr'>damnat.</span> <span class='ocrx_word' id='word_1_682' title='bbox 1266 4599 1421 4659; x_wconf 76' lang='lat' dir='ltr'>linarrari</span> <span class='ocrx_word' id='word_1_683' title='bbox 1434 4615 1494 4658; x_wconf 82' lang='lat' dir='ltr'>uon</span> <span class='ocrx_word' id='word_1_684' title='bbox 1517 4605 1625 4672; x_wconf 81' lang='lat' dir='ltr'>potest,</span> <span class='ocrx_word' id='word_1_685' title='bbox 1646 4599 1748 4658; x_wconf 76' lang='lat' dir='ltr'>senari</span> <span class='ocrx_word' id='word_1_686' title='bbox 1769 4599 1862 4672; x_wconf 80' lang='lat' dir='ltr'>digne</span> <span class='ocrx_word' id='word_1_687' title='bbox 1884 4615 1946 4656; x_wconf 90' lang='lat' dir='ltr'>non</span> 
     </span>
     <span class='ocr_line' id='line_1_52' title="bbox 231 4687 1947 4765; baseline -0.001 -18"><span class='ocrx_word' id='word_1_688' title='bbox 231 4689 284 4765; x_wconf 93' lang='lat' dir='ltr'>qui</span> <span class='ocrx_word' id='word_1_689' title='bbox 299 4687 423 4748; x_wconf 86' lang='lat' dir='ltr'>sedebat</span> <span class='ocrx_word' id='word_1_690' title='bbox 435 4687 467 4746; x_wconf 89' lang='lat' dir='ltr'>in</span> <span class='ocrx_word' id='word_1_691' title='bbox 479 4689 610 4746; x_wconf 85' lang='lat' dir='ltr'>tenebris</span> <span class='ocrx_word' id='word_1_692' title='bbox 627 4687 701 4747; x_wconf 92' lang='lat' dir='ltr'>vidit</span> <span class='ocrx_word' id='word_1_693' title='bbox 711 4689 811 4747; x_wconf 86' lang='lat' dir='ltr'>lucem</span> <span class='ocrx_word' id='word_1_694' title='bbox 831 4704 976 4763; x_wconf 87' lang='lat' dir='ltr'>magnam</span> <span class='ocrx_word' id='word_1_695' title='bbox 991 4691 1061 4764; x_wconf 86' lang='lat' dir='ltr'>(Iso.</span> <span class='ocrx_word' id='word_1_696' title='bbox 1115 4691 1203 4760; x_wconf 87' lang='lat' dir='ltr'>velet,</span> <span class='ocrx_word' id='word_1_697' title='bbox 1217 4695 1332 4764; x_wconf 86' lang='lat' dir='ltr'>quanto</span> <span class='ocrx_word' id='word_1_698' title='bbox 1345 4689 1446 4746; x_wconf 90' lang='lat' dir='ltr'>minus</span> <span class='ocrx_word' id='word_1_699' title='bbox 1459 4689 1539 4746; x_wconf 84' lang='lat' dir='ltr'>dicit</span> <span class='ocrx_word' id='word_1_700' title='bbox 1554 4689 1611 4747; x_wconf 89' lang='lat' dir='ltr'>Sed</span> <span class='ocrx_word' id='word_1_701' title='bbox 1623 4688 1730 4746; x_wconf 74' lang='lat' dir='ltr'>medus</span> <span class='ocrx_word' id='word_1_702' title='bbox 1750 4689 1821 4746; x_wconf 89' lang='lat' dir='ltr'>hinc</span> <span class='ocrx_word' id='word_1_703' title='bbox 1841 4693 1947 4745; x_wconf 75' lang='lat' dir='ltr'>utcun</span> 
     </span>
     <span class='ocr_line' id='line_1_53' title="bbox 231 4777 1945 4855; baseline -0.001 -21"><span class='ocrx_word' id='word_1_704' title='bbox 231 4795 269 4850; x_wconf 83' lang='lat' dir='ltr'>rx,</span> <span class='ocrx_word' id='word_1_705' title='bbox 279 4780 316 4850; x_wconf 74' lang='lat' dir='ltr'>i).</span> <span class='ocrx_word' id='word_1_706' title='bbox 328 4801 342 4829; x_wconf 92' lang='lat'>»</span> <span class='ocrx_word' id='word_1_707' title='bbox 360 4779 520 4853; x_wconf 86' lang='lat' dir='ltr'>Sequitur:</span> <span class='ocrx_word' id='word_1_708' title='bbox 547 4779 651 4837; x_wconf 82' lang='lat' dir='ltr'>Subito</span> <span class='ocrx_word' id='word_1_709' title='bbox 665 4787 787 4852; x_wconf 77' lang='lat' dir='ltr'>cogetur</span> <span class='ocrx_word' id='word_1_710' title='bbox 806 4793 869 4852; x_wconf 83' lang='lat' dir='ltr'>aer,</span> <span class='ocrx_word' id='word_1_711' title='bbox 895 4787 1018 4854; x_wconf 75' lang='lat' dir='ltr'>cogetur</span> <span class='ocrx_word' id='word_1_712' title='bbox 1031 4783 1063 4838; x_wconf 82' lang='lat' dir='ltr'>in</span> <span class='ocrx_word' id='word_1_713' title='bbox 1116 4793 1175 4855; x_wconf 85' lang='lat' dir='ltr'>que</span> <span class='ocrx_word' id='word_1_714' title='bbox 1190 4779 1328 4850; x_wconf 85' lang='lat' dir='ltr'>dicimus,</span> <span class='ocrx_word' id='word_1_715' title='bbox 1340 4779 1364 4835; x_wconf 90' lang='lat' dir='ltr'>si</span> <span class='ocrx_word' id='word_1_716' title='bbox 1375 4778 1432 4835; x_wconf 89' lang='lat' dir='ltr'>snb</span> <span class='ocrx_word' id='word_1_717' title='bbox 1446 4777 1692 4836; x_wconf 87' lang='lat' dir='ltr'>considerationis</span> <span class='ocrx_word' id='word_1_718' title='bbox 1707 4779 1773 4852; x_wconf 76' lang='lat' dir='ltr'>eJus</span> <span class='ocrx_word' id='word_1_719' title='bbox 1786 4778 1945 4835; x_wconf 83' lang='lat' dir='ltr'>formidine</span> 
     </span>
     <span class='ocr_line' id='line_1_54' title="bbox 232 4867 1651 4945; baseline 0.001 -23"><span class='ocrx_word' id='word_1_720' title='bbox 232 4867 333 4923; x_wconf 73' lang='lat' dir='ltr'>auem.</span> <span class='ocrx_word' id='word_1_721' title='bbox 349 4900 382 4908; x_wconf 91' lang='lat'><em>-</em></span> <span class='ocrx_word' id='word_1_722' title='bbox 397 4873 453 4924; x_wconf 80' lang='lat' dir='ltr'>Aer</span> <span class='ocrx_word' id='word_1_723' title='bbox 463 4867 576 4942; x_wconf 88' lang='lat' dir='ltr'>quippe</span> <span class='ocrx_word' id='word_1_724' title='bbox 590 4867 631 4925; x_wconf 90' lang='lat' dir='ltr'>ita</span> <span class='ocrx_word' id='word_1_725' title='bbox 647 4885 703 4925; x_wconf 91' lang='lat' dir='ltr'>sua</span> <span class='ocrx_word' id='word_1_726' title='bbox 725 4869 794 4942; x_wconf 90' lang='lat' dir='ltr'>ipsa</span> <span class='ocrx_word' id='word_1_727' title='bbox 812 4869 954 4928; x_wconf 87' lang='lat' dir='ltr'>tenuitate</span> <span class='ocrx_word' id='word_1_728' title='bbox 978 4883 1062 4945; x_wconf 89' lang='lat' dir='ltr'>sper-</span> <span class='ocrx_word' id='word_1_729' title='bbox 1116 4867 1296 4926; x_wconf 89' lang='lat' dir='ltr'>admirando</span> <span class='ocrx_word' id='word_1_730' title='bbox 1310 4871 1476 4926; x_wconf 82' lang='lat' dir='ltr'>taceamus.</span> <span class='ocrx_word' id='word_1_731' title='bbox 1492 4867 1651 4942; x_wconf 81' lang='lat' dir='ltr'>Sequitur:</span> 
     </span>
     <span class='ocr_line' id='line_1_55' title="bbox 233 4955 1945 5030; baseline 0.001 -19"><span class='ocrx_word' id='word_1_732' title='bbox 233 4955 321 5026; x_wconf 90' lang='lat' dir='ltr'>gitur,</span> <span class='ocrx_word' id='word_1_733' title='bbox 335 4959 368 5012; x_wconf 90' lang='lat' dir='ltr'>ut</span> <span class='ocrx_word' id='word_1_734' title='bbox 391 4955 475 5013; x_wconf 91' lang='lat' dir='ltr'>nulla</span> <span class='ocrx_word' id='word_1_735' title='bbox 498 4955 638 5014; x_wconf 88' lang='lat' dir='ltr'>firmitate</span> <span class='ocrx_word' id='word_1_736' title='bbox 663 4957 815 5030; x_wconf 88' lang='lat' dir='ltr'>solidetur,</span> <span class='ocrx_word' id='word_1_737' title='bbox 840 4959 937 5017; x_wconf 88' lang='lat' dir='ltr'>nubes</span> <span class='ocrx_word' id='word_1_738' title='bbox 962 4965 1063 5018; x_wconf 87' lang='lat' dir='ltr'>eutem</span> <span class='ocrx_word' id='word_1_739' title='bbox 1153 4955 1945 5026; x_wconf 67' lang='lat' dir='ltr'>Versat.rumttmecunteemeiraetucuuudetunt</span> 
     </span>
     <span class='ocr_line' id='line_1_56' title="bbox 161 5043 1945 5122; baseline 0.002 -21"><span class='ocrx_word' id='word_1_740' title='bbox 161 5101 165 5108; x_wconf 74' lang='grc'><strong>,</strong></span> <span class='ocrx_word' id='word_1_741' title='bbox 231 5046 315 5102; x_wconf 87' lang='lat' dir='ltr'>tanto</span> <span class='ocrx_word' id='word_1_742' title='bbox 328 5043 475 5101; x_wconf 88' lang='lat' dir='ltr'>firmiores</span> <span class='ocrx_word' id='word_1_743' title='bbox 490 5048 560 5102; x_wconf 87' lang='lat' dir='ltr'>sunt</span> <span class='ocrx_word' id='word_1_744' title='bbox 573 5049 687 5120; x_wconf 88' lang='lat' dir='ltr'>quanto</span> <span class='ocrx_word' id='word_1_745' title='bbox 709 5043 874 5106; x_wconf 88' lang='lat' dir='ltr'>densiores.</span> <span class='ocrx_word' id='word_1_746' title='bbox 891 5048 967 5114; x_wconf 88' lang='lat' dir='ltr'>Quid</span> <span class='ocrx_word' id='word_1_747' title='bbox 991 5061 1063 5122; x_wconf 81' lang='lat' dir='ltr'>ergo</span> <span class='ocrx_word' id='word_1_748' title='bbox 1116 5048 1316 5119; x_wconf 79' lang='lat' dir='ltr'>contempturi</span> <span class='ocrx_word' id='word_1_749' title='bbox 1324 5063 1424 5105; x_wconf 85' lang='lat' dir='ltr'>omnes</span> <span class='ocrx_word' id='word_1_750' title='bbox 1436 5047 1555 5121; x_wconf 83' lang='lat' dir='ltr'>quirilli</span> <span class='ocrx_word' id='word_1_751' title='bbox 1568 5047 1945 5118; x_wconf 79' lang='lat' dir='ltr'>uidenturessescpientes.</span> 
     </span>
     <span class='ocr_line' id='line_1_57' title="bbox 230 5133 1947 5211; baseline 0.001 -21"><span class='ocrx_word' id='word_1_752' title='bbox 230 5147 285 5208; x_wconf 91' lang='lat' dir='ltr'>per</span> <span class='ocrx_word' id='word_1_753' title='bbox 300 5145 411 5207; x_wconf 88' lang='lat' dir='ltr'>aerem,</span> <span class='ocrx_word' id='word_1_754' title='bbox 425 5133 485 5191; x_wconf 83' lang='lat' dir='ltr'>nisi</span> <span class='ocrx_word' id='word_1_755' title='bbox 504 5137 619 5192; x_wconf 89' lang='lat' dir='ltr'>mentes</span> <span class='ocrx_word' id='word_1_756' title='bbox 634 5134 824 5194; x_wconf 77' lang='lat' dir='ltr'>secularium</span> <span class='ocrx_word' id='word_1_757' title='bbox 846 5137 1063 5211; x_wconf 78' lang='lat' dir='ltr'>designantur?</span> <span class='ocrx_word' id='word_1_758' title='bbox 1115 5135 1528 5211; x_wconf 76' lang='lat' dir='ltr'>—lioeIocoElineosquied</span> <span class='ocrx_word' id='word_1_759' title='bbox 1542 5135 1767 5210; x_wconf 84' lang='lat' dir='ltr'>intelligentiam</span> <span class='ocrx_word' id='word_1_760' title='bbox 1775 5139 1847 5193; x_wconf 81' lang='lat' dir='ltr'>sum</span> <span class='ocrx_word' id='word_1_761' title='bbox 1856 5135 1947 5193; x_wconf 79' lang='lat' dir='ltr'>fortes</span> 
     </span>
     <span class='ocr_line' id='line_1_58' title="bbox 229 5221 1946 5302; baseline 0 -22"><span class='ocrx_word' id='word_1_762' title='bbox 229 5223 302 5290; x_wconf 84' lang='lat' dir='ltr'>Ques</span> <span class='ocrx_word' id='word_1_763' title='bbox 314 5223 479 5281; x_wconf 86' lang='lat' dir='ltr'>innumeris</span> <span class='ocrx_word' id='word_1_764' title='bbox 494 5223 585 5297; x_wconf 89' lang='lat' dir='ltr'>hujus</span> <span class='ocrx_word' id='word_1_765' title='bbox 599 5221 667 5280; x_wconf 77' lang='lat' dir='ltr'>viter</span> <span class='ocrx_word' id='word_1_766' title='bbox 683 5221 838 5283; x_wconf 89' lang='lat' dir='ltr'>desideriis</span> <span class='ocrx_word' id='word_1_767' title='bbox 858 5225 978 5297; x_wconf 74' lang='lat' dir='ltr'>deditur,</span> <span class='ocrx_word' id='word_1_768' title='bbox 1002 5227 1062 5284; x_wconf 90' lang='lat' dir='ltr'>bue</span> <span class='ocrx_word' id='word_1_769' title='bbox 1115 5223 1255 5302; x_wconf 86' lang='lat' dir='ltr'>appellat,</span> <span class='ocrx_word' id='word_1_770' title='bbox 1269 5229 1298 5284; x_wconf 86' lang='lat' dir='ltr'>et</span> <span class='ocrx_word' id='word_1_771' title='bbox 1310 5225 1480 5283; x_wconf 90' lang='lat' dir='ltr'>notandum</span> <span class='ocrx_word' id='word_1_772' title='bbox 1489 5225 1573 5299; x_wconf 93' lang='lat' dir='ltr'>quod</span> <span class='ocrx_word' id='word_1_773' title='bbox 1587 5239 1648 5284; x_wconf 91' lang='lat' dir='ltr'>non</span> <span class='ocrx_word' id='word_1_774' title='bbox 1663 5225 1713 5284; x_wconf 86' lang='lat' dir='ltr'>ait.</span> <span class='ocrx_word' id='word_1_775' title='bbox 1730 5227 1765 5283; x_wconf 83' lang='lat' dir='ltr'>at</span> <span class='ocrx_word' id='word_1_776' title='bbox 1776 5239 1839 5282; x_wconf 88' lang='lat' dir='ltr'>non</span> <span class='ocrx_word' id='word_1_777' title='bbox 1852 5223 1946 5282; x_wconf 82' lang='lat' dir='ltr'>aude·</span> 
     </span>
     <span class='ocr_line' id='line_1_59' title="bbox 228 5311 1946 5390; baseline 0.001 -23"><span class='ocrx_word' id='word_1_778' title='bbox 228 5311 359 5387; x_wconf 88' lang='lat' dir='ltr'>illucque</span> <span class='ocrx_word' id='word_1_779' title='bbox 373 5329 458 5372; x_wconf 90' lang='lat' dir='ltr'>more</span> <span class='ocrx_word' id='word_1_780' title='bbox 472 5311 548 5371; x_wconf 87' lang='lat' dir='ltr'>aeris</span> <span class='ocrx_word' id='word_1_781' title='bbox 560 5311 662 5369; x_wconf 78' lang='lat' dir='ltr'>iluldae</span> <span class='ocrx_word' id='word_1_782' title='bbox 681 5311 904 5390; x_wconf 89' lang='lat' dir='ltr'>disperguntur.</span> <span class='ocrx_word' id='word_1_783' title='bbox 932 5313 990 5372; x_wconf 89' lang='lat' dir='ltr'>Sed</span> <span class='ocrx_word' id='word_1_784' title='bbox 1010 5329 1063 5372; x_wconf 87' lang='lat' dir='ltr'>aer</span> <span class='ocrx_word' id='word_1_785' title='bbox 1114 5313 1191 5372; x_wconf 89' lang='lat' dir='ltr'>bunt</span> <span class='ocrx_word' id='word_1_786' title='bbox 1201 5313 1563 5389; x_wconf 85' lang='lat' dir='ltr'>contemplarisepientes,</span> <span class='ocrx_word' id='word_1_787' title='bbox 1579 5313 1838 5389; x_wconf 80' lang='lat' dir='ltr'>quibtrssidelicet</span> <span class='ocrx_word' id='word_1_788' title='bbox 1845 5313 1946 5372; x_wconf 79' lang='lat' dir='ltr'>verbis</span> 
     </span>
     <span class='ocr_line' id='line_1_60' title="bbox 230 5402 1945 5480; baseline 0.002 -25"><span class='ocrx_word' id='word_1_789' title='bbox 230 5402 262 5455; x_wconf 83' lang='lat' dir='ltr'>in</span> <span class='ocrx_word' id='word_1_790' title='bbox 284 5403 375 5458; x_wconf 81' lang='lat' dir='ltr'>nubes</span> <span class='ocrx_word' id='word_1_791' title='bbox 389 5407 516 5476; x_wconf 76' lang='lat' dir='ltr'>cogitur,</span> <span class='ocrx_word' id='word_1_792' title='bbox 540 5418 609 5460; x_wconf 87' lang='lat' dir='ltr'>cum</span> <span class='ocrx_word' id='word_1_793' title='bbox 625 5403 714 5461; x_wconf 81' lang='lat' dir='ltr'>iluxee</span> <span class='ocrx_word' id='word_1_794' title='bbox 737 5410 851 5462; x_wconf 88' lang='lat' dir='ltr'>mentes</span> <span class='ocrx_word' id='word_1_795' title='bbox 871 5421 924 5478; x_wconf 90' lang='lat' dir='ltr'>per</span> <span class='ocrx_word' id='word_1_796' title='bbox 940 5406 1062 5478; x_wconf 90' lang='lat' dir='ltr'>superni</span> <span class='ocrx_word' id='word_1_797' title='bbox 1114 5403 1692 5480; x_wconf 75' lang='lat' dir='ltr'>peritosquidem,sedarrogantesitlll.</span> <span class='ocrx_word' id='word_1_798' title='bbox 1710 5405 1773 5462; x_wconf 79' lang='lat' dir='ltr'>atie</span> <span class='ocrx_word' id='word_1_799' title='bbox 1788 5403 1945 5476; x_wconf 86' lang='lat' dir='ltr'>ergodum</span> 
     </span>
     <span class='ocr_line' id='line_1_61' title="bbox 229 5493 1944 5564; baseline 0.001 -20"><span class='ocrx_word' id='word_1_800' title='bbox 229 5493 383 5562; x_wconf 89' lang='lat' dir='ltr'>respectus</span> <span class='ocrx_word' id='word_1_801' title='bbox 398 5493 523 5562; x_wconf 86' lang='lat' dir='ltr'>gratiam</span> <span class='ocrx_word' id='word_1_802' title='bbox 536 5493 651 5550; x_wconf 87' lang='lat' dir='ltr'>virtutis</span> <span class='ocrx_word' id='word_1_803' title='bbox 665 5493 812 5551; x_wconf 87' lang='lat' dir='ltr'>soliditate</span> <span class='ocrx_word' id='word_1_804' title='bbox 825 5493 1017 5564; x_wconf 89' lang='lat' dir='ltr'>roborantur,</span> <span class='ocrx_word' id='word_1_805' title='bbox 1029 5497 1062 5551; x_wconf 91' lang='lat' dir='ltr'>ut</span> <span class='ocrx_word' id='word_1_806' title='bbox 1115 5495 1210 5552; x_wconf 89' lang='lat' dir='ltr'>multa</span> <span class='ocrx_word' id='word_1_807' title='bbox 1218 5495 1330 5551; x_wconf 86' lang='lat' dir='ltr'>fortiter</span> <span class='ocrx_word' id='word_1_808' title='bbox 1339 5494 1436 5564; x_wconf 88' lang='lat' dir='ltr'>sentit,</span> <span class='ocrx_word' id='word_1_809' title='bbox 1447 5493 1478 5550; x_wconf 92' lang='lat' dir='ltr'>in</span> <span class='ocrx_word' id='word_1_810' title='bbox 1488 5493 1645 5552; x_wconf 84' lang='lat' dir='ltr'>locutionis</span> <span class='ocrx_word' id='word_1_811' title='bbox 1654 5511 1716 5553; x_wconf 82' lang='lat' dir='ltr'>sura</span> <span class='ocrx_word' id='word_1_812' title='bbox 1725 5495 1787 5552; x_wconf 83' lang='lat' dir='ltr'>fine</span> <span class='ocrx_word' id='word_1_813' title='bbox 1798 5509 1831 5550; x_wconf 87' lang='lat' dir='ltr'>se</span> <span class='ocrx_word' id='word_1_814' title='bbox 1841 5493 1944 5564; x_wconf 88' lang='lat' dir='ltr'>teligit.</span> 
     </span>
     <span class='ocr_line' id='line_1_62' title="bbox 267 5579 787 5656; baseline 0.012 -20"><span class='ocrx_word' id='word_1_815' title='bbox 267 5580 324 5652; x_wconf 79' lang='lat' dir='ltr'>(til)</span> <span class='ocrx_word' id='word_1_816' title='bbox 337 5579 388 5636; x_wconf 89' lang='lat' dir='ltr'>llio</span> <span class='ocrx_word' id='word_1_817' title='bbox 400 5579 499 5639; x_wconf 89' lang='lat' dir='ltr'>deficit</span> <span class='ocrx_word' id='word_1_818' title='bbox 513 5581 638 5656; x_wconf 83' lang='lat' dir='ltr'>aliquod</span> <span class='ocrx_word' id='word_1_819' title='bbox 649 5581 787 5642; x_wconf 86' lang='lat' dir='ltr'>verbum.</span> 
     </span>
    </p>
   </div>
   <div class='ocr_carea' id='block_1_9' title="bbox 0 0 2069 6148">
    <p class='ocr_par' dir='ltr' id='par_1_10' title="bbox 0 0 2069 6148">
     <span class='ocr_line' id='line_1_63' title="bbox 0 0 2069 6148; baseline 0 0"><span class='ocrx_word' id='word_1_820' title='bbox 0 0 2069 6148; x_wconf 95' lang='lat' dir='ltr'> </span> 
     </span>
    </p>
   </div>
  </div>
 </body>
</html>
