4160 6162
137 97 182 150 tid
451 111 453 114 ·
535 93 683 154 serious
703 93 887 152 dentulus
906 92 933 146 S.
954 89 1058 150 Gneo.
1080 99 1113 154 ΙΝ
1133 98 1424 160 tou.-tra.xv1.
1784 113 1838 172 Μ

169 219 246 272 vens.
259 217 306 270 20.
318 216 547 274 Nonnesurcisn
560 224 601 274 est
619 219 727 276 erectio
743 231 855 280 eorum,
868 221 894 272 et
910 230 953 272 re·
972 218 996 270 A
1048 220 1128 280 Vens.
1143 226 1186 278 25.
1199 225 1325 296 Eritque
1334 227 1526 298 Omnipotens
1538 237 1644 290 contra
1657 234 1751 292 instes
1764 241 1840 306 tuos,

134 305 238 376 lippias
266 319 367 360 corum
398 305 549 362 dronruttt
576 307 664 376 ignis.
688 339 721 346 -
748 307 798 362 Hic
822 320 954 377 namque
1009 311 1036 360 et
1051 315 1841 394 urgentumconcerontiturttbi.-Quosmagisalios

133 391 223 464 iniqui
233 392 319 448 erecti
335 398 412 460 sunt,
426 394 498 466 qula
512 395 542 450 in
559 395 660 466 pravis
675 393 844 452 actionibus
860 392 953 449 extol·
1008 395 1109 454 hostes
1124 401 1266 472 patimur,
1280 419 1375 475 quam
1390 405 1539 475 malignos
1554 409 1686 481 spiritus,
1695 411 1748 486 qui
1763 413 1841 484 eogi-

132 481 239 550 luntur,
253 481 324 553 quia
337 495 477 552 perversa
492 488 596 555 agunt,
613 487 642 540 et
655 487 755 542 tamen
768 499 823 556 pro
838 498 954 556 perver-
1010 485 1171 544 talionibus
1187 491 1298 547 nostris
1313 492 1473 550 obsident?
1487 497 1609 566 Argenti
1622 501 1842 562 nominassem

133 571 170 625 sis
183 569 296 626 actilms
312 570 431 626 minime
455 571 611 628 feriuntur.
639 572 696 630 Sed
718 589 823 628 eorum
847 569 954 628 erectio
1008 573 1128 648 eloquia
1157 578 1306 650 designari
1337 585 1461 638 testatur
1490 584 1658 652 psalmista,
1687 590 1740 662 qui
1768 590 1840 648 ait:

131 664 198 715 tuno
211 658 380 728 succiditur,
395 675 465 716 etim
485 660 532 716 rel
546 677 565 718 a
579 661 719 734 praesenti
741 661 803 717 vita
821 661 860 718 ad
885 661 955 718 inte·
1010 686 1023 712 u
1040 665 1162 738 Eloquia
1178 670 1304 736 Domini,
1328 670 1446 744 eloquia
1468 678 1562 740 casta,
1587 683 1746 746 argenium
1772 680 1841 750 igne

131 748 224 814 ritum,
241 748 287 804 vel
302 764 321 805 a
334 755 497 822 conspectu
510 751 614 808 aterni
624 751 733 824 judicis
748 751 787 808 ad
808 756 953 808 aeternum
1008 753 1226 828 examinatum,
1243 759 1403 830 probatum
1431 765 1514 818 tarra:
1537 763 1630 830 (Psoi.
1657 781 1694 834 u,
1718 771 1755 838 t).
1769 791 1783 816 o
1808 771 1842 826 at

131 838 266 908 gehannae
281 837 453 896 incendium
480 843 705 914 pertrahuntur.
728 841 785 908 Qui
809 845 837 896 et
858 841 882 896 si
906 841 954 896 bio
1008 857 1087 913 saepe
1103 859 1172 900 cum
1186 846 1278 902 sacris
1293 847 1418 920 eloquiis
1432 848 1623 922 intendimus,
1636 851 1840 923 malignorum

131 931 274 1004 mortuam
290 944 379 986 suam
394 945 516 986 carnem
530 930 713 1003 relinquunt,
724 931 823 1002 ipsam
833 945 954 1002 quoque
1008 929 1165 1001 spirituum
1181 933 1304 992 insidias
1320 936 1439 1006 gravius
1466 937 1636 1006 toleramus,
1654 941 1726 1014 quia
1747 944 1840 999 menti

129 1017 156 1072 lu
178 1017 393 1074 resurrectione
407 1018 560 1090 recipient,
578 1023 609 1075 nt
620 1036 691 1076 cum
715 1035 804 1076 carne
819 1019 953 1088 ardeant,
1007 1024 1117 1076 nostres
1134 1027 1319 1080 terrenarum
1335 1026 1549 1094 cogitationum
1565 1029 1717 1101 pulverem
1741 1047 1841 1104 asper·

128 1106 156 1160 in
179 1123 237 1178 qna
254 1111 466 1180 peccaverunt,
489 1108 663 1166 sicutenim
685 1125 790 1166 eorum
812 1108 900 1182 culpa
923 1109 953 1164 in
1007 1113 1091 1177 gunt,
1107 1115 1139 1166 ut
1153 1111 1326 1170 intentionis
1348 1119 1457 1172 nostrae
1471 1115 1574 1172 oculos
1596 1133 1614 1174 a
1639 1118 1705 1176 luce
1727 1119 1838 1180 intimae

127 1199 219 1251 mente
234 1195 334 1252 irritet
349 1196 539 1269 corporalia
553 1213 660 1254 eorum
685 1213 776 1270 poena
797 1197 828 1254 in
851 1199 952 1254 aalma
1006 1196 1129 1254 visionis
1142 1199 1314 1258 obscurent.
1329 1201 1404 1266 Quid
1420 1203 1563 1262 nimirum
1586 1206 1745 1266 Psalmista
1766 1223 1836 1280 pro·

126 1285 175 1338 erit
188 1284 299 1356 pariter
311 1290 340 1340 et
352 1301 453 1341 carne.
470 1286 631 1358 Sequitur:
1006 1285 1122 1356 tulerat,
1139 1304 1209 1344 cum
1222 1290 1358 1346 dicebat:
1376 1315 1389 1341 «ι
1409 1292 1556 1350 Declinata
1580 1311 1598 1352 a
1618 1309 1678 1366 me,
1703 1297 1838 1367 maligni,

160 1375 238 1429 Vens.
255 1374 301 1440 tl,
317 1373 646 1446 conquerentem·
666 1377 702 1438 ei,
727 1381 755 1433 et
776 1377 880 1433 boleto
898 1391 952 1444 pn·
1006 1379 1035 1432 et
1044 1377 1201 1434 scrutabor
1222 1379 1367 1436 mandata
1384 1381 1434 1438 liei
1450 1383 1509 1438 mei
1535 1383 1627 1454 (Psnl.
1641 1401 1738 1452 cxviii,
1754 1387 1809 1458 td).
1823 1410 1837 1436 »

125 1477 191 1526 cem,
205 1471 229 1516 et
242 1477 301 1530 per
316 1463 377 1520 baec
391 1462 510 1518 babebis
528 1464 650 1533 fructus
664 1465 801 1534 optimos.
827 1464 952 1532 Suscipe
1007 1464 1063 1520 Sed
1075 1466 1148 1537 quia
1163 1483 1253 1524 nemo
1266 1469 1368 1526 hostes
1384 1471 1771 1547 suavi1·tutesuperat,per
1786 1475 1840 1534 utt-

124 1567 218 1608 enore
228 1553 313 1608 iltius
329 1555 432 1624 legem,
447 1559 475 1610 et
487 1569 564 1622 pone
577 1569 725 1612 sermones
736 1557 800 1624 etus
815 1555 847 1610 in
862 1554 951 1610 corde
970 1553 1082 1625 ssphaz
1095 1554 1203 1612 dicitur
1219 1575 1225 1611 :
1246 1559 1372 1628 Eritque
1399 1559 1592 1629 &arriperent
1612 1569 1718 1620 contro
1743 1564 1839 1624 tontes

125 1646 181 1695 trio.
213 1673 247 1682 -
274 1642 367 1714 Culpa
393 1641 542 1715 superbiae
573 1649 619 1700 est
647 1644 754 1700 dooere
786 1643 948 1700 meliorem.
1005 1647 1080 1710 tuos,
1096 1647 1614 1716 eturgentumcooceruutitnrtibi.
1636 1650 1714 1706 Acsi
1736 1655 1838 1724 aperte

124 1731 217 1794 Quam
232 1747 312 1804 supe
328 1732 456 1789 baeretici
481 1739 663 1806 perpetrant,
685 1734 738 1806 qui
757 1734 795 1790 de
814 1734 861 1789 his
881 1750 950 1808 quae
1003 1730 1170 1789 diceretur:
1192 1735 1268 1792 Dum
1283 1735 1432 1804 malignos
1455 1737 1575 1810 spiritus
1601 1739 1746 1796 Dominus
1770 1756 1789 1798 a
1810 1745 1838 1796 te

123 1834 211 1889 preste
237 1821 377 1886 sentiunt,
403 1822 490 1894 quasi
517 1822 625 1878 dooere
644 1823 813 1880 'catholicos
839 1839 951 1894 praesu·
1004 1835 1059 1876 sua
1074 1822 1180 1880 virtute
1194 1824 1343 1896 repulerit,
1356 1824 1449 1882 divini
1463 1825 1572 1898 eloquii
1596 1825 1741 1884 talentum
1765 1827 1837 1886 luei-

124 1914 215 1965 munt.
231 1913 311 1966 Tunc
324 1910 404 1966 enlm
418 1915 526 1982 putant
539 1913 598 1967 Deo
620 1911 823 1984 acquiescere,
846 1910 870 1966 si
885 1910 951 1966 illos
1003 1908 1077 1964 dum
1092 1912 1243 1968 excrescit.
1262 1913 1400 1984 Sequitur
1416 1931 1422 1968 :

121 1998 276 2068 coriligerit
288 2013 394 2054 eorum
409 1999 655 2072 perversitatibus
669 1999 846 2066 consentire,
863 2004 890 2054 et
905 2016 952 2056 ac·
1039 1998 1123 2054 Vens.
1137 2003 1181 2054 tt.
1199 2001 1279 2058 Tunc
1294 2017 1384 2070 snper
1403 2003 1638 2070 (imaipntentem
1660 2004 1775 2062 deliciis
1791 2007 1836 2076 af·

120 2085 345 2156 quiescentibus
357 2103 464 2160 pacem
477 2088 665 2160 promittunt,
681 2087 754 2159 quia
776 2091 879 2142 conae
900 2101 951 2142 eos
1002 2085 1086 2152 flues.
1104 2115 1139 2126 -
1154 2089 1247 2159 Super
1262 2089 1503 2161 omnipotentem
1518 2091 1630 2148 ‹leliciis
1645 2093 1767 2152 aliluere
1781 2099 1836 2166 ast,

119 2175 171 2244 qui
188 2175 244 2230 sibi
264 2179 455 2234 consentiunt
476 2178 540 2248 jam
562 2178 675 2248 jurgari
699 2176 855 2232 desistunt.
884 2178 951 2232 Fru·
1002 2172 1413 2249 inamoreilliusSeripturae
1435 2195 1527 2236 sacrae
1552 2180 1648 2252 epulis
1671 2183 1783 2252 satiari,
1804 2185 1836 2240 in

119 2268 182 2318 ctus
198 2268 298 2320 autem
312 2266 442 2338 optimos
457 2266 513 2322 sibi
537 2265 791 2322 consentientibus
811 2263 950 2336 pollicen-
1003 2263 1091 2334 cujus
1107 2265 1250 2323 nimirum
1266 2267 1366 2324 serbis
1385 2273 1425 2324 tot
1434 2267 1556 2326 delicias
1572 2269 1751 2342 invenimus,
1763 2277 1837 2344 quot

119 2356 174 2412 tur,
197 2353 270 2424 qnia
285 2370 336 2410 eos
351 2355 432 2411 solos
446 2355 529 2412 bona
546 2371 638 2427 opera
652 2370 742 2424 agere
764 2353 948 2426 existimant,
1002 2353 1041 2408 ad
1064 2359 1240 2425 provectum
1263 2361 1401 2414 nostrum
1426 2357 1627 2428 intelligentia
1650 2359 1836 2418 diversitates

59 2451 65 2464 ’
119 2459 193 2514 quos
207 2443 247 2498 ad
261 2445 470 2514 stradogmata
483 2461 514 2501 ae
530 2446 645 2502 trahere
659 2443 818 2500 exsultant.
836 2443 948 2508 ouibus
1001 2441 1176 2514 accipimus.
1195 2443 1266 2500 tliuc
1290 2445 1381 2501 edam
1402 2445 1432 2502 in
1457 2445 1688 2507 admirationem
1715 2465 1835 2521 sponse

119 2531 173 2586 hoc
187 2533 326 2604 congruit
337 2533 420 2606 quod
432 2533 581 2605 adjungit.
597 2535 773 2603 Suscipere
788 2549 839 2590 ore
863 2533 947 2588 iltius
1001 2529 1145 2602 scriptum
1160 2535 1204 2588 est
1219 2549 1225 2586 :
1243 2555 1256 2582 c
1271 2533 1342 2594 Quae
1355 2537 1401 2590 est
1415 2533 1472 2592 ista
1485 2551 1554 2606 quae
1569 2535 1703 2592 ascendit
1726 2539 1764 2594 de
1786 2535 1836 2596 de·
1940 2553 1944 2562 ·

120 2622 218 2690 lepem,
235 2622 309 2695 quia
320 2637 356 2679 ea
369 2639 438 2696 qum
453 2623 510 2697 ipsi
525 2623 667 2690 cendunt,
684 2637 720 2680 ex
734 2638 786 2678 ore
807 2622 856 2678 [tei
876 2637 946 2693 pro-
1001 2623 1088 2694 serto,
1104 2619 1217 2678 deliciis
1232 2621 1386 2678 affluens?
1401 2647 1415 2674 »
1434 2624 1524 2694 (Cant
1540 2640 1602 2695 vrri,
1619 2626 1658 2696 ὅ.)
1674 2626 1832 2698 Sequitur:

119 2710 433 2784 rederesuspicantur.
450 2711 948 2782 Etponesennonesejasincorde
1000 2709 1038 2763 Et
1053 2710 1181 2768 aboatis
1196 2711 1237 2768 nd
1250 2713 1344 2768 Deum
1365 2714 1474 2782 sucina
1490 2720 1585 2772 tuorn.
1610 2746 1644 2754 -
1669 2715 1716 2772 Ad
1739 2719 1834 2774 Deum

118 2805 174 2854 tuo.
191 2805 230 2856 Ac
246 2801 271 2855 si
286 2805 401 2857 astruat
414 2801 534 2857 dicens:
552 2803 633 2867 Qtsos
644 2815 724 2856 nuno
735 2813 828 2872 usque
844 2798 874 2854 in
885 2814 946 2868 ora,
1001 2795 1107 2852 taciem
1120 2797 1236 2854 elevare
1259 2804 1303 2856 est
1318 2817 1369 2856 cor
1393 2801 1432 2856 ad
1458 2801 1599 2858 sublimia
1622 2803 1834 2874 investiganda

116 2892 143 2942 et
156 2904 216 2945 non
230 2889 265 2944 in
280 2890 370 2946 corde
395 2889 530 2946 tenuisti:
553 2890 626 2962 quia
647 2889 727 2944 anim
751 2903 857 2943 eorum
879 2903 946 2959 per·
966 2885 1143 2968 Cattollcrq
1159 2902 1231 2942 :ram
1249 2887 1326 2944 sicut
1340 2904 1394 2960 per
1417 2891 1551 2961 corporis
1577 2890 1684 2948 taciem
1706 2893 1832 2966 bomini,

116 2991 197 3033 versa
223 2977 372 3048 dogmata
397 2977 520 3050 respuit,
545 2991 607 3033 non
630 2991 700 3032 eum
723 2974 817 3030 verba
847 2975 896 3030 llei
918 2974 945 3030 in
1000 2973 1041 3030 ita
1056 2989 1109 3046 per
1123 2974 1293 3032 interiorem
1307 2976 1462 3032 bominem
1486 2981 1546 3034 ileo
1564 2979 1626 3034 noti
1646 2984 1736 3054 atque
1761 2997 1833 3038 con-

116 3081 210 3138 sensu,
225 3067 285 3123 sed
299 3067 329 3123 in
345 3069 516 3124 ostensione
530 3065 672 3124 habuisse
684 3064 890 3122 criminantur.
901 3065 948 3121 Se·
1002 3061 1160 3134 spieabiles
1175 3079 1291 3118 sumus.
1318 3066 1393 3122 Cum
1415 3079 1485 3122 vero
1505 3065 1602 3136 culpes
1627 3069 1711 3122 reatu
1735 3067 1835 3140 depri-

115 3155 233 3226 quitur:
1000 3151 1122 3220 mimur,
1139 3149 1179 3208 ad
1194 3154 1288 3208 Deum
1298 3151 1397 3208 levare
1412 3153 1511 3210 cordis
1536 3153 1629 3210 nostri
1655 3153 1763 3212 taciem
1787 3172 1836 3214 ve-

149 3245 228 3301 vsns.
246 3247 295 3300 23.
314 3243 347 3300 Si
370 3259 505 3300 reuersus
531 3245 626 3313 tanis
650 3243 691 3300 nd
712 3242 945 3312 mnnrporentem
1000 3257 1120 3308 remur:
1137 3257 1207 3298 oum
1220 3257 1289 3298 vero
1314 3242 1496 3314 poenitentia
1520 3243 1659 3302 lamentis
1686 3245 1776 3318 culpa
1789 3246 1835 3304 di-

114 3331 318 3400 edtfirnberts,
343 3337 371 3388 et
386 3333 473 3403 longe
486 3333 580 3400 facie:
599 3332 788 3402 iniquitatem
810 3347 830 3388 α
851 3331 947 3386 tuder-
1000 3330 1100 3398 luitur,
1115 3334 1144 3388 et
1159 3329 1200 3386 sic
1216 3335 1386 3404 perpetrata
1400 3331 1595 3404 planguntur,
1611 3339 1643 3392 ut
1661 3333 1836 3408 plangenda

114 3423 292 3478 nurutotno.
308 3451 343 3462 -
354 3421 482 3477 Fidelem
493 3420 642 3494 populum
660 3435 679 3478 a
699 3423 760 3476 Deo
774 3419 946 3476 discessisse
999 3419 1123 3478 minime
1138 3425 1354 3493 perpetrentur,
1369 3437 1482 3492 magna
1498 3423 1588 3480 menti
1602 3423 1715 3482 liducia
1734 3425 1833 3482 nasci-

115 3510 240 3567 haerelici
255 3510 434 3580 existimant,
450 3527 521 3566 cum
536 3510 597 3566 suis
621 3509 884 3582 predicationibus
900 3525 945 3566 re·
1000 3513 1057 3578 tur,
1072 3514 1100 3566 et
1112 3510 1152 3566 ad
1168 3510 1382 3583 conspicienda
1397 3528 1534 3585 superna
1545 3513 1747 3572 retributionis
1759 3530 1834 3586 gau·

115 3599 265 3656 sistentem
279 3599 392 3670 rident,
408 3615 443 3656 ac
457 3600 483 3654 si
497 3603 598 3673 aperto
613 3599 714 3654 dicant
726 3616 733 3654 :
747 3597 822 3666 Quin
836 3597 946 3655 uostris
999 3599 1050 3656 clia
1060 3598 1158 3656 cordis
1172 3599 1264 3658 nostri
1275 3600 1366 3660 iacies
1381 3601 1506 3660 levatur.
1523 3607 1564 3660 Ac
1585 3603 1609 3661 si
1625 3607 1727 3677 aparte
1741 3604 1834 3662 burc·

114 3687 307 3759 dogmatibus
322 3689 521 3746 resistendos
534 3692 593 3744 ileo
618 3687 776 3756 recessisti,
800 3687 912 3744 idcirco
927 3703 946 3743 a
1001 3688 1049 3744 tici
1062 3688 1144 3746 fideli
1159 3689 1272 3762 populo
1287 3689 1388 3746 dicant
1404 3707 1411 3746 :
1427 3691 1567 3757 Quandiu
1586 3691 1832 3764 predicationem

112 3779 232 3848 justitias
265 3778 463 3835 edificemus
495 3779 664 3834 destructus
689 3793 731 3834 es.
758 3777 946 3835 tabernacu-
1000 3781 1134 3832 nostram
1150 3792 1211 3836 nou
1226 3778 1370 3850 sequeris,
1386 3795 1438 3836 cor
1452 3779 1483 3836 in
1502 3779 1615 3836 infimis
1629 3780 1752 3853 premis.
1782 3785 1833 3840 Se·

113 3867 174 3924 lum
186 3884 262 3925 vero
273 3867 439 3940 aliquando
455 3867 620 3938 accipimus
635 3865 864 3922 tabernaculum
884 3881 947 3924 cor·
999 3864 1101 3936 quitur
1117 3882 1124 3922 :

112 3957 204 4028 poris,
232 3955 397 4026 aliquando
421 3971 492 4010 vero
512 3954 717 4010 babitaculum
743 3953 850 4010 cordis.
871 3957 945 4009 Nam
1038 3956 1121 4010 Vsas.
1138 3957 1182 4008 tt.
1198 3954 1328 4024 naraon
1346 3969 1422 4018 eum,
1444 3959 1471 4009 et
1494 3955 1636 4012 exaudiet
1659 3961 1696 4013 te.
1717 3987 1752 3998 -
1776 3960 1833 4014 lto-

111 4044 188 4100 sicut
204 4043 308 4100 anima
322 4041 495 4098 habitamus
510 4042 541 4098 in
556 4057 691 4114 corpore,
706 4042 746 4098 ita
758 4055 812 4113 per
832 4042 945 4110 cogita·
1001 4045 1075 4110 gant
1088 4039 1202 4112 quippe
1218 4040 1390 4110 Dominum,
1406 4041 1459 4096 sed
1478 4041 1614 4098 exaudiri
1628 4042 1752 4100 minium
1768 4060 1833 4102 ma-

112 4135 226 4189 tionem
239 4132 413 4188 habitamus
427 4131 458 4186 in
468 4135 577 4187 mente.
594 4129 736 4203 iniquitas
751 4143 823 4199 ergo
847 4129 878 4186 in
901 4133 945 4186 ta·
1000 4131 1114 4196 reutsu,
1129 4129 1180 4200 qui
1192 4127 1614 4202 jubentisllomioipraeeepta
1625 4133 1832 4190 contemnunt.

112 4222 278 4280 barunculo
291 4223 399 4278 mentis
415 4226 469 4286 ast,
493 4225 632 4294 perversa
653 4219 776 4276 intentio
798 4219 829 4274 in
846 4219 944 4276 studio
965 4263 984 4314 υ
1002 4217 1086 4274 Unde
1100 4219 1243 4290 scriptum
1257 4221 1303 4276 est
1319 4235 1325 4274 :
1341 4240 1354 4268 c
1371 4217 1425 4284 Qui
1435 4217 1565 4276 declinat
1575 4235 1679 4278 amem
1694 4235 1782 4280 suam
1794 4237 1832 4282 ne

112 4312 310 4384 communale,
332 4310 474 4383 iniquitas
489 4313 592 4366 arrum
609 4309 640 4366 in
660 4307 854 4366 tabernaculo
879 4324 944 4366 cor·
999 4305 1222 4377 audiatlegem,
1235 4308 1333 4364 oratio
1349 4307 1414 4378 ejus
1436 4307 1491 4364 crit
1513 4307 1704 4366 exsecrabilis
1727 4310 1829 4380 (Pron.

112 4403 191 4474 poris
207 4405 254 4458 est
267 4415 321 4474 per
334 4399 644 4473 explationamopen's
658 4398 735 4455 actio
751 4396 943 4456 carnalisne
999 4413 1097 4464 xxriu,
1119 4400 1156 4464 9).
1176 4419 1188 4444 »
1217 4395 1379 4452 subditur:
1409 4398 1447 4452 ut
1470 4403 1539 4458 noto
1567 4404 1621 4456 tao
1650 4399 1765 4458 reddes.
1794 4431 1831 4443 -

113 4493 137 4547 si
151 4493 273 4566 Elipbaa
286 4493 421 4564 patenter
435 4489 533 4546 dicat:
550 4487 690 4561 Quisquis
706 4487 745 4544 ad
760 4491 853 4544 Deum
876 4491 945 4559 post
998 4485 1052 4546 Qui
1065 4489 1133 4541 vota
1147 4484 1239 4555 vovit,
1255 4485 1310 4542 sed
1323 4485 1387 4542 hoec
1409 4501 1463 4558 per
1483 4486 1688 4544 infirmitatem
1715 4487 1829 4546 solvere

113 4585 206 4638 errata
220 4578 387 4648 revertitur,
402 4579 434 4634 in
449 4576 627 4648 cogitatione
642 4575 732 4632 simul
747 4581 776 4632 et
798 4575 828 4632 in
853 4590 942 4648 opere
996 4573 1158 4642 convalet,
1173 4574 1200 4631 ai
1214 4589 1251 4631 ex
1273 4573 1389 4647 peccati
1412 4590 1503 4646 poena
1529 4575 1637 4645 agitur,
1660 4580 1694 4634 ut
1720 4576 1830 4634 volenti

113 4670 286 4726 mundatur.
304 4668 467 4741 Sequitur:
994 4661 1121 4733 bonum,
1136 4679 1224 4735 possa
1238 4663 1440 4722 subtrabatur.
1458 4667 1532 4720 Cum
1558 4679 1627 4720 vero
1649 4663 1680 4720 in
1706 4679 1830 4736 conspe·

146 4761 228 4814 vans.
244 4758 292 4812 tt.
307 4757 394 4814 Dottt
407 4771 464 4826 pro
483 4762 567 4813 terro
581 4756 705 4822 silicem,
730 4760 758 4810 et
778 4769 835 4823 pro
859 4755 943 4810 attice
995 4754 1044 4808 ctu
1056 4751 1152 4808 intimi
1165 4751 1276 4822 judicis
1290 4767 1326 4808 aa
1338 4765 1407 4823 quae
1422 4749 1542 4808 obsistit
1552 4751 1641 4824 culpa
1655 4751 1827 4825 detergitur,

113 4853 256 4906 torrentes
266 4863 382 4905 aureos.
398 4879 431 4887 -
444 4845 519 4912 Quid
531 4861 585 4917 per
600 4850 720 4914 terram,
746 4843 804 4899 nisi
818 4843 941 4900 infirmi·
994 4839 1028 4896 fit
1051 4839 1187 4912 protinus
1212 4845 1244 4896 ut
1269 4843 1374 4896 votum
1398 4839 1581 4912 possibilitas
1605 4843 1756 4914 sequatur.
1780 4843 1829 4902 Se-

112 4939 155 4991 tas
168 4937 304 5004 actionis,
325 4935 399 5009 quid
413 4951 468 5008 per
485 4934 627 4990 duritiam
652 4933 751 5000 silicis,
776 4932 834 4989 nisi
858 4932 941 4989 torti-
994 4927 1113 5001 quitur:

113 5025 181 5081 tudo
210 5027 368 5097 signatur?
397 5024 473 5091 uuio
495 5040 549 5097 per
573 5025 715 5080 mucuns
740 5037 857 5091 aureos,
881 5021 940 5078 nisi
1030 5019 1113 5074 Vens.
1145 5020 1188 5074 28.
1221 5021 1366 5076 Berones
1399 5034 1471 5090 rern,
1505 5025 1532 5076 et
1563 5019 1674 5078 eueniet
1702 5022 1766 5080 titt.
1791 5053 1825 5064 -

111 5111 277 5170 doctrinam
298 5113 409 5170 intimae
422 5111 562 5169 claritatis
584 5111 774 5184 accipimus?
796 5109 939 5182 Omnipo—
993 5106 1054 5163 Hoc
1067 5123 1132 5166 esse
1143 5107 1299 5180 proprium
1314 5106 1531 5166 infirmantium
1546 5109 1630 5178 solet,
1652 5113 1683 5166 ut
1708 5113 1825 5166 tantum

112 5203 174 5256 tons
186 5207 288 5258 auum
304 5201 447 5258 Dominus
462 5201 501 5256 ad
517 5216 547 5257 se
562 5200 715 5258 conversis
727 5215 784 5274 pro
796 5203 873 5256 terra
888 5197 940 5254 dal
992 5196 1168 5268 quempiam
1178 5195 1598 5270 existimentjustum,quanto
1608 5197 1689 5256 bunc
1699 5192 1825 5264 adipisci

113 5289 233 5362 silicem,
246 5291 318 5364 quia
331 5305 386 5364 pro
401 5289 522 5344 infirma
536 5289 662 5356 actione,
677 5287 881 5346 tortitudinem
893 5285 940 5344 tri·
993 5283 1180 5356 conspiciunt
1194 5301 1285 5342 omne
1299 5286 1384 5359 quod
1396 5288 1519 5360 appetit,
1531 5303 1602 5344 cum
1623 5281 1759 5340 videlicet
1772 5295 1826 5340 no-

112 5377 174 5434 buit
186 5380 303 5438 robusti
318 5378 429 5451 operis.
447 5379 500 5432 ilat
514 5377 604 5434 edam
623 5393 677 5449 pro
692 5377 772 5434 silice
797 5379 940 5432 torrentes
992 5372 1124 5430 terimus
1132 5389 1353 5447 nonnunquam
1367 5375 1449 5431 bona
1460 5379 1576 5430 terrena
1581 5369 1670 5440 iustis
1678 5367 1823 5440 subtrahi,

112 5481 228 5539 aureos,
241 5470 313 5542 quia
327 5483 383 5542 pro
397 5465 521 5522 robusto
544 5481 634 5537 opere
648 5466 817 5526 doctrinam
839 5462 939 5520 multi·
992 5479 1060 5536 quse
1076 5461 1159 5534 largo
1174 5479 1298 5522 munere
1312 5464 1484 5522 tribuuntur
1498 5458 1627 5528 injustis.
1640 5457 1694 5514 Sed
1709 5458 1732 5516 si
1743 5459 1823 5520 dicta

112 5556 299 5628 plicatclarae
313 5553 545 5631 predicationis.
563 5553 722 5626 Sequitur:
993 5551 1059 5609 brec
1078 5551 1199 5630 siphae
1221 5553 1259 5612 de
1283 5552 1372 5612 donis
1394 5545 1576 5620 spiritalibus
1597 5546 1704 5618 intulit,
1729 5549 1824 5608 scien·
