4104 6162
83 151 132 205 sn
462 125 464 130 ’
486 153 532 208 na
551 153 632 210 vna
651 154 678 210 s.
698 153 851 210 osaaau
869 152 1006 214 connis
1023 157 1198 216 suaniae.
1219 189 1254 202 -
1273 162 1337 217 are.
1357 163 1391 218 ιι.
1737 168 1791 228 era

82 269 292 346 oppprimeret,
307 272 438 330 monitus
453 277 499 331 est
509 291 563 349 per
575 276 677 333 visum
698 269 847 351 quatenus
869 283 906 335 ed
924 281 1055 336 atatem
1065 281 1118 338 Dei
1132 281 1252 355 laceret,
1267 281 1342 340 dum
1354 283 1411 342 sub
1426 285 1551 344 obtentu
1561 287 1727 349 indiscreta
1735 291 1791 350 bu·

81 362 226 418 domnum
242 361 402 419 Geraldum
412 369 558 439 pergeret,
573 369 702 439 etaqna,
712 367 909 424 undamenus
962 369 1104 442 militatis,
1119 370 1269 428 indultam
1281 372 1395 430 coelitus
1408 375 1535 446 gratiam
1550 378 1737 449 neglexisset,
1761 385 1791 438 et
1809 377 1812 386 '

81 453 143 524 ejus
156 450 266 507 abluta
281 450 415 522 tuissent,
430 454 533 510 oeulos
550 453 603 511 filli
616 457 662 512 sni
682 455 908 530 superfudisset.
962 471 1024 528 eos,
1038 457 1149 531 quibus
1164 459 1307 532 prodesse
1320 463 1446 534 poterat,
1459 463 1491 521 in
1511 467 1650 536 angustia
1664 467 1791 526 dimisis-

82 540 209 600 Credidit
230 541 323 596 homo
349 541 470 615 visioni,
494 545 615 617 etquid
636 546 840 604 somniaverat
858 563 909 603 ve·
962 550 1006 601 sel
1026 563 1033 621 ς
1056 546 1150 602 setius
1164 561 1230 602 asse
1245 549 1382 618 gratiam,
1407 566 1476 624 quae
1497 551 1571 609 torte
1590 559 1713 628 propter
1725 555 1791 612 illos

81 630 164 686 niens
176 629 327 686 indicavit.
345 632 410 696 Quo
425 633 525 689 senior
538 633 651 707 audito,
667 640 767 692 mente
779 641 909 693 conster-
962 633 989 689 ei
1000 631 1072 690 data
1081 633 1186 705 inerat,
1201 633 1375 708 impendere
1389 638 1431 694 eis
1443 653 1512 712 quas
1529 643 1691 701 necessitas
1705 641 1792 716 exigit

81 724 167 777 natus
181 719 343 790 intremuit,
364 735 398 776 ae
413 735 597 794 praesumere
610 724 641 780 id
655 724 816 795 retugtens,
835 725 909 783 dixit
962 722 1201 795 supplicantibus
1215 737 1360 798 praestare
1375 743 1382 782 τ
1399 726 1558 786 elationem
1573 747 1637 787 non
1651 747 1716 789 esse
1730 733 1790 789 lor·

81 809 247 866 illusionem
262 807 363 878 tuisse,
377 825 445 883 qua
457 815 486 869 et
498 811 583 870 illum
597 813 755 888 deciperet,
779 819 807 872 et
823 815 908 872 illurn
961 813 1151 886 midandam,
1174 829 1244 871 cum
1271 815 1369 873 laudis
1390 817 1438 874 ille
1463 819 1590 893 cupidus
1613 837 1675 878 non
1693 825 1772 880 esset

82 899 216 972 decipere
229 897 327 968 vellat,
343 903 377 955 ut
389 899 565 960 inconcessa
581 907 724 961 teneret:
745 921 843 962 errare
858 905 910 961 bo
961 915 1060 974 neque
1071 903 1338 976 praesumptionem
1352 907 1486 980 quidem,
1508 909 1653 982 quoniam
1675 912 1728 984 qui
1745 927 1790 968 re·

81 987 284 1045 minaminani
294 989 425 1060 spatalia
436 991 648 1062 postulantem.
658 996 908 1068 lugemuitpatar,
961 995 1119 1062 poscerent
1132 1007 1232 1064 opem,
1249 993 1464 1052 sesadivinitus
1474 997 1643 1056 admonitos
1657 1015 1790 1056 comme·

81 1093 171 1151 quem
183 1074 235 1132 lilii
248 1076 366 1133 caecitas
380 1079 532 1147 anxiabat,
548 1085 576 1138 et
590 1081 756 1153 intelligens
769 1085 851 1157 quod
866 1084 910 1140 vir
963 1083 1131 1142 morassent
1147 1097 1153 1136 :
1169 1081 1313 1153 maxime,
1337 1099 1407 1139 eum
1418 1084 1483 1156 J'am
1506 1086 1710 1159 experimento
1724 1103 1793 1162 pro-

82 1165 195 1222 bomini
209 1181 301 1221 causa
309 1165 483 1223 humilitatis
491 1183 684 1243 nequaquam
696 1173 908 1245 acquiesceret,
962 1165 1068 1222 batum
1081 1171 1168 1237 esset,
1182 1168 1254 1242 quia
1266 1169 1447 1228 benefitium
1464 1175 1606 1242 sanitatis,
1627 1176 1711 1248 quod
1726 1191 1744 1233 a
1758 1191 1791 1232 ³0

81 1253 163 1310 abire
178 1269 209 1310 sa
225 1253 372 1324 similans,
393 1256 433 1312 ab
455 1273 517 1314 uno
539 1259 577 1314 de
591 1260 784 1316 servitoribus
797 1277 910 1335 aquam
962 1257 1121 1329 quesitum
1134 1257 1239 1327 luerat,
1251 1259 1291 1315 ad
1303 1259 1451 1330 effectum,
1463 1262 1530 1319 lieet
1547 1263 1615 1336 ipso
1630 1265 1789 1335 nesciente,

80 1343 257 1417 impetravit.
275 1345 467 1410 Ouidomum
482 1347 609 1420 rediens,
623 1350 767 1408 exstincta
788 1349 840 1408 filii
863 1349 909 1407 lu·
960 1345 1025 1416 J'am
1040 1361 1102 1401 non
1117 1346 1210 1402 semel
1223 1347 1361 1404 venisset.
1379 1352 1413 1406 Et
1430 1349 1479 1406 ille
1492 1352 1616 1424 quidem
1628 1351 1686 1410 hoe
1700 1354 1791 1410 ratio·

81 1433 173 1504 mina,
197 1447 310 1490 nornen
339 1435 445 1491 Christi
473 1435 627 1502 invocans,
654 1439 767 1510 abluit,
802 1445 830 1497 et
860 1439 910 1496 ille
962 1431 1100 1489 nabiliter
1113 1435 1362 1507 prosequebatur.
1382 1438 1526 1495 Geraldus
1546 1457 1617 1497 vero
1636 1441 1791 1517 suspirans

80 1521 181 1578 lumen
195 1522 315 1596 recepit.
332 1523 418 1590 Quod
432 1523 545 1581 laetum
560 1525 642 1582 aliud
657 1527 813 1600 quoddam
832 1543 909 1602 opus
962 1519 1063 1586 flebat,
1079 1526 1170 1594 alque
1184 1522 1297 1594 dicens,
1311 1524 1383 1597 quit
1401 1525 1517 1583 limeret
1536 1529 1620 1601 quod
1642 1529 1792 1586 diabolis&

82 1615 215 1667 secutum
233 1615 285 1667 est.
930 1609 1160 1688 pireuspotius
1183 1617 1270 1678 esset,
1297 1629 1365 1686 ques
1388 1614 1446 1672 sub
1470 1617 1629 1675 occasione
1654 1619 1792 1692 decipere

115 1700 158 1756 lll.
179 1699 308 1766 Quidam
323 1699 466 1772 puerulus
481 1701 564 1774 apud
576 1701 764 1761 aureliacum
783 1705 910 1762 claudus
962 1699 1073 1768 vellet;
1100 1704 1129 1756 θῐ
1152 1699 1176 1756 Si
1201 1701 1275 1774 quid
1290 1701 1454 1775 &liquando
1478 1705 1549 1761 b011i
1568 1705 1695 1771 fecisset,
1717 1721 1793 1763 mtr-

80 1789 265 1859 morabatur,
290 1789 342 1862 qui
364 1789 451 1845 labro
473 1791 594 1846 suidam
611 1796 841 1851 commendatus
855 1799 909 1866 est,
963 1789 1035 1844 cede
1063 1787 1157 1862 ipsius
1181 1787 1254 1845 boni
1277 1789 1395 1862 privare
1420 1794 1638 1865 perstruxisset.
1659 1795 1792 1852 tandem

82 1882 114 1935 ut
141 1883 235 1935 artem
256 1878 391 1946 disceret,
419 1893 481 1951 que
500 1879 633 1937 victitare
655 1882 806 1941 valuisset.
836 1888 910 1944 Cum
964 1876 1065 1950 itaque
1091 1877 1136 1933 Vel
1162 1879 1311 1950 precibus,
1341 1881 1388 1936 vel
1415 1882 1528 1938 ratione
1555 1883 1672 1948 licius,
1713 1883 1794 1956 abje-

79 1969 198 2026 tntertm
214 1984 323 2025 somno
339 1969 607 2041 commonisset,
633 1976 667 2028 ut
691 1987 804 2045 squam
829 1973 911 2028 stmt-
965 1969 1046 2021 etum
1074 1966 1208 2039 recepte,
1245 1971 1276 2023 at
1307 1969 1424 2026 marteri
1455 1971 1616 2028 duodecim
1648 1989 1792 2030 nummos

78 2056 145 2112 liter
170 2057 338 2128 expetisset,
366 2055 452 2112 taber
473 2072 545 2114 sero
571 2059 623 2132 qui
648 2059 728 2116 bano
752 2062 912 2133 impetrare
965 2052 1031 2109 dari
1048 2053 1144 2124 iussit·

79 2144 221 2212 debebat,
234 2144 329 2201 sciens
344 2145 428 2218 quod
442 2145 472 2201 in
484 2145 542 2202 bac
555 2161 588 2202 re
611 2146 656 2204 vir
682 2147 798 2204 bomini
821 2148 912 2204 nimis
1001 2142 1067 2198 xlv.
1090 2141 1190 2199 Sciens
1205 2159 1274 2201 veno
1289 2146 1372 2218 qnod
1391 2151 1485 2203 status
1499 2150 1606 2206 mentis
1629 2149 1687 2207 hac
1710 2151 1794 2208 alten

81 2238 220 2290 austerus
233 2239 320 2304 osset,
336 2249 448 2308 aqum
464 2251 524 2292 non
538 2241 583 2292 me
596 2252 691 2293 ausus
704 2237 806 2310 palam
825 2253 913 2310 expe·
966 2231 1086 2287 natione
1112 2232 1219 2289 melius
1245 2234 1419 2303 custoditur,
1447 2237 1472 2292 si
1496 2237 1647 2296 interdum
1674 2239 1794 2296 lectioni

80 2326 151 2390 tere,
165 2322 217 2378 sed
233 2337 301 2378 gam
316 2337 370 2395 pgr
383 2323 534 2380 ministros
554 2323 633 2381 clam
651 2325 832 2398 impetravit,
857 2327 912 2392 QJi
965 2324 1036 2392 posi
1049 2321 1215 2378 orationem
1230 2323 1358 2396 quisque
1372 2323 1547 2394 intenderi23
1561 2327 1677 2384 recitari
1692 2343 1794 2384 oolam

81 2411 460 2479 nimirum‚utin0fficiosg
481 2413 617 2470 membra
638 2414 676 2470 dg
698 2416 804 2472 eadem
832 2431 913 2489 aqua
966 2425 997 2465 se
1012 2409 1103 2466 verba
1117 2411 1228 2476 divina,
1244 2417 1278 2468 ut
1292 2414 1537 2486 supradiximus,
1553 2416 1690 2474 iaciebat.
1712 2417 1795 2474 Unde

80 2499 230 2572 respersit,
245 2515 317 2556 mox
329 2499 378 2556 illa
389 2499 490 2557 dimna
502 2501 595 2558 virtus
613 2502 645 2559 in
667 2505 824 2578 proprium
846 2505 912 2562 olil-
965 2501 994 2553 tl
1008 2513 1098 2554 Usum
1110 2501 1322 2573 fissumpsibui
1335 2502 1374 2558 ad
1385 2503 1547 2574 prandium
1560 2505 1624 2576 ejus
1638 2503 1794 2578 legeretur,

83 2590 162 2645 cium
177 2589 337 2661 reparavit.
351 2589 437 2655 Quod
455 2589 590 2647 videlieet
604 2591 716 2649 laetum
740 2610 810 2650 eum
831 2595 913 2652 tame
966 2601 1021 2642 nec
1035 2586 1183 2643 omitteret
1192 2589 1250 2644 boo
1259 2588 1361 2661 lector,
1375 2590 1491 2648 etiamsi
1501 2592 1633 2665 hospites
1645 2594 1797 2651 adessent.

83 2677 228 2751 paulatim
243 2682 405 2750 spargeret,
420 2677 459 2734 ad
473 2679 610 2736 notitiam
633 2681 757 2738 senioris
780 2687 913 2739 tantum-
968 2677 1022 2730 Pr0
1036 2675 1292 2734 wudesoefltionfl
1316 2693 1388 2734 Vtro
1411 2679 1687 2753 letioremjubebal
1709 2683 1797 2740 initt-

84 2767 153 2823 dgm
181 2767 325 2840 pervenit,
367 2771 402 2822 At
433 2767 481 2823 1110
512 2767 555 2823 rei
580 2769 711 2827 novitate
744 2772 912 2843 perculsus,
967 2763 1041 2820 dum
1052 2763 1223 2833 subsistere,
1239 2769 1269 2822 et
1282 2765 1322 2822 ab
1331 2766 1378 2822 bis
1388 2767 1441 2840 qui
1450 2767 1524 2825 forte
1537 2769 1655 2840 scirent,
1672 2787 1797 2830 sensnm

83 2856 201 2912 dicebat
228 2855 312 2928 quod
337 2871 399 2912 non
421 2871 476 2912 suo
501 2858 617 2922 merito,
638 2859 692 2914 scd
710 2859 771 2917 tide
794 2861 913 2917 illorum
967 2851 1101 2908 lectionis
1113 2851 1273 2924 issqssiffllfl·
1290 2855 1364 2909 Cum
1375 2854 1497 2926 quidem
1510 2855 1562 2926 illl,
1578 2873 1655 2930 <11¹⁰⁸
1673 2858 1797 2928 intorto·

84 2945 135 3018 qui
152 2961 264 3017 aquam
276 2944 360 3000 illam
374 2943 461 3001 labro
480 2945 641 3018 dedissent,
666 2949 749 3021 quod
768 2949 795 3006 ei
819 2953 913 3007 certa-
929 2979 950 3034 C
969 2939 1070 3010 gabat,
1087 2940 1202 3012 precari
1216 2941 1354 3008 ⁸0¹01'e11i2
1371 2947 1403 2998 ut
1416 2944 1480 3016 ipse
1494 2944 1592 3015 ΡΟιίυε
1613 2945 1795 3019 Ῐθίῐΰθῑθῖὓῑι

15 3039 24 3052 ·
84 3034 137 3090 tim
152 3033 280 3090 celatum
302 3037 365 3102 ost;
388 3049 518 3108 cumque
543 3035 678 3092 datorem
698 3039 826 3111 reperire
852 3055 914 3095 non
969 3029 1089 3085 tendent
1101 3029 1210 3089 diserte
1225 3035 1254 3086 et
1267 3031 1489 3088 scientsrstcuti
1503 3033 1796 3108 doctus,responde·

84 3127 196 3198 posset,
211 3123 380 3179 vehementi
401 3123 643 3181 interminatione
670 3131 841 3184 commotus
860 3132 914 3199 est,
968 3118 1038 3186 bai?
1054 3120 1095 3176 iit
1109 3123 1210 3175 lamen
1224 3122 1257 3175 11¹
1270 3135 1326 3175 1¹00
1348 3119 1460 3177 ⁰¹01⁸i⁰⁵⁵
1482 3122 1695 3179 Verecundiam
1710 3122 1798 3180 lsssfll'·

85 3225 123 3267 ne
138 3211 290 3284 quispiam
312 3211 370 3267 tale
397 3211 539 3285 deinceps
559 3229 695 3286 unquam
710 3221 914 3287 presumeret,
968 3211 1022 3263 rat.
1039 3207 1265 3264 Discedentibus
1278 3212 1378 3265 autem
1388 3215 1460 3282 'post
1471 3209 1662 3270 relectionem
1674 3211 1799 3286 quibus-

85 3315 221 3356 asserens
235 3299 317 3372 quia,
333 3300 358 3354 si
373 3315 475 3356 seruus
490 3299 609 3370 laceret,
636 3301 781 3358 membris
801 3307 918 3359 nonca-

85 3393 183 3456 retur;
206 3387 230 3443 si
245 3403 317 3445 vero
331 3387 415 3459 liber,
437 3393 542 3462 postea
566 3405 638 3445 suus
657 3405 719 3447 non
739 3395 826 3448 esset.
841 3389 917 3448 Nibil

86 3475 167 3532 enim
182 3476 313 3550 amplias
329 3477 452 3534 timebat
466 3493 558 3551 quam
580 3477 694 3535 laudes.
721 3481 755 3536 Et
779 3495 846 3536 cum
862 3479 917 3535 ini·

85 3565 172 3621 micis
185 3565 247 3621 suis
260 3571 338 3622 esset
350 3565 514 3636 beneficus,
534 3566 742 3625 laudatoribus
757 3572 858 3626 tamen
872 3569 916 3625 vi-

85 3653 215 3711 debatur
229 3658 374 3712 austerus.

120 3747 178 3800 llll.
198 3743 287 3816 apud
300 3743 484 3799 Postumium
500 3744 576 3814 (llll)
601 3743 647 3800 sui
668 3744 744 3816 juris
768 3745 918 3816 insignem

83 3833 221 3904 alodum,
243 3831 385 3906 quaedam
414 3831 521 3888 mulier
540 3847 621 3890 osaea
648 3833 686 3889 de
708 3849 918 3907 aquamanus

83 3924 164 3980 illius
191 3923 296 3980 lumen
318 3920 440 3994 recepit.
466 3920 553 3988 Quod
574 3921 657 3994 apud
674 3937 780 3978 omnes
795 3923 919 3996 qsridem

82 4012 274 4083 divulgatum
297 4013 351 4080 est,
381 4010 434 4066 sed
460 4009 502 4066 illi
529 4025 650 4067 summo
673 4011 774 4067 studio
799 4011 919 4069 colabe-

82 4107 143 4174 tur,
165 4101 294 4158 manime
323 4103 446 4174 propter
473 4099 638 4172 quemdam
657 4100 695 4157 de
715 4101 917 4170 servitoribus,

970 3313 1029 3369 qua
1045 3296 1084 3353 ad
1098 3311 1163 3364 sua,
1179 3296 1357 3366 legebantur
1371 3297 1473 3356 itidem
1488 3315 1591 3358 eoram
1605 3317 1641 3358 co
1653 3315 1690 3359 ea
1703 3301 1798 3359 mexi-

970 3401 1019 3442 me
1031 3385 1135 3455 verba,
1150 3401 1218 3459 quae
1227 3386 1435 3459 superfuerant
1445 3389 1622 3448 lectionibus
1630 3391 1662 3447 in
1674 3391 1800 3449 ecclesia

970 3474 1108 3532 recitatis.
1139 3477 1216 3530 llum
1243 3491 1315 3531 vero
1341 3475 1459 3533 lectioni
1486 3479 1668 3548 intenderet,
1696 3479 1799 3537 nullus

971 3579 1041 3620 aum
1054 3563 1140 3620 facile
1154 3579 1209 3636 pro
1223 3579 1316 3621 causa
1329 3565 1464 3638 qualibet
1478 3567 1665 3642 interpellare
1687 3585 1801 3643 prasu-

972 3653 1083 3709 mebat.
1113 3657 1188 3709 Nam
1210 3653 1295 3724 juxte
1320 3654 1394 3710 illud
1414 3655 1483 3727 Joh,
1507 3657 1645 3715 subditus
1666 3662 1730 3715 erat
1746 3663 1802 3714 tre-

972 3742 1111 3810 mendus,
1121 3747 1150 3798 et
1163 3741 1215 3796 lux
1228 3741 1329 3798 vultus
1340 3743 1406 3814 ejus
1420 3759 1482 3801 non
1496 3746 1664 3802 cadebattn
1679 3751 1799 3804 terram.

974 3835 1014 3888 lle
1030 3831 1219 3888 sermonibus
1232 3835 1261 3886 et
1274 3831 1518 3890 confabulatione
1534 3835 1599 3906 ejus
1622 3835 1699 3893 mira
1718 3853 1801 3893 com-

974 3920 1152 3977 memoratio
1164 3923 1219 3974 est.
1235 3919 1266 3974 ln
1287 3919 1335 3974 his
1348 3920 1428 3976 anim
1449 3937 1516 3994 quea
1543 3923 1613 3979 lteto
1636 3925 1737 3981 animo
1760 3925 1802 3980 lo

973 4010 1132 4084 quebetur,
1147 4007 1232 4064 valde
1247 4007 1434 4077 gratissimus
1449 4013 1521 4066 erat.
1550 4013 1622 4077 Quae
1645 4016 1745 4068 entem
1760 4012 1803 4068 in-

973 4098 1123 4172 crepative
1137 4095 1316 4170 proterebat,
1332 4097 1420 4170 quasi
1435 4098 1547 4155 stimuli
1564 4099 1753 4180 videbantur,
1768 4115 1790 4155 n

82 4192 138 4266 qui
165 4205 279 4264 aquam
302 4188 425 4246 dederat
451 4189 577 4246 mulieri.
613 4193 677 4248 lton
712 4189 792 4246 enirn
818 4191 919 4264 parvi-
974 4187 1131 4264 paneplus
1144 4201 1238 4260 quam
1252 4186 1346 4244 verba
1359 4187 1543 4246 timerentur.
1565 4193 1597 4246 ln
1623 4189 1727 4247 dando
1753 4205 1805 4247 an·

83 4279 219 4355 pendere
248 4277 295 4334 sai
316 4281 455 4352 poterant
478 4277 722 4348 internecionem,
746 4293 840 4352 quam
864 4293 919 4352 pro
974 4283 1035 4336 tem
1056 4276 1179 4351 aliquid,
1195 4275 1324 4332 multum
1337 4280 1561 4336 eratmorosus.
1582 4282 1619 4336 tlt
1639 4283 1803 4353 postquam

84 4371 145 4427 bac
175 4383 208 4425 re
249 4367 367 4424 dudum
403 4366 605 4424 comminatus
638 4367 752 4436 luerat,
795 4367 920 4424 scientes
976 4368 1069 4425 semel
1082 4367 1224 4427 dedisset,
1239 4381 1302 4423 non
1315 4365 1478 4424 auferebat.
1501 4367 1530 4426 Si
1544 4367 1631 4426 mdes
1651 4369 1803 4443 opinionis

86 4457 173 4532 qnod
195 4457 320 4530 impune
345 4471 408 4513 non
436 4455 563 4527 cederet,
594 4455 618 4512 si
651 4455 788 4512 damiam
813 4456 920 4530 dapre·
976 4456 1162 4514 sacerdotem
1186 4455 1328 4524 audisset,
1356 4459 1543 4514 nontamen
1557 4457 1657 4514 missae
1671 4457 1805 4515 officium

86 4547 253 4605 hendisset.
976 4542 1016 4601 ab
1030 4541 1080 4599 illo
1095 4541 1289 4616 despiciebat,
1303 4543 1377 4616 qnia
1395 4544 1482 4601 seirat
1503 4544 1577 4601 illud
1599 4559 1719 4601 sacrum
1736 4561 1806 4618 my-

125 4641 192 4694 lllll.
219 4639 291 4694 ltem
306 4635 337 4690 in
351 4634 467 4709 capella
480 4651 548 4708 quas
562 4639 607 4691 est
623 4633 710 4706 iuxta
730 4631 833 4690 villam
855 4649 923 4707 qum
977 4631 1100 4688 starium
1114 4647 1176 4688 non
1190 4647 1283 4705 posse
1299 4647 1354 4704 par
1377 4631 1531 4688 hominem
1554 4637 1741 4704 peccatorem
1756 4630 1806 4687 de·

86 4725 199 4783 dieitur
226 4723 392 4794 crucicula,
419 4723 653 4792 demorabatur3
692 4738 761 4779 oum
782 4722 924 4796 equidem
977 4720 1121 4778 teriorari.
1136 4723 1170 4776 Et
1184 4720 1294 4776 eumin
1307 4717 1806 4776 discemendisalierumlaatisvel

87 4816 150 4872 alia
177 4814 294 4885 mulier,
324 4829 392 4886 quae
417 4828 451 4868 er
468 4810 583 4868 ancillis
608 4811 673 4884 ejus
697 4815 770 4884 arat,
791 4811 829 4868 de
843 4825 925 4885 aque
979 4813 1085 4867 acutus
1098 4825 1154 4883 pro
1167 4809 1273 4866 merito
1286 4823 1458 4881 cansarum,
1472 4808 1520 4865 vel
1534 4808 1631 4866 duleis
1648 4813 1735 4874 esset
1751 4823 1807 4867 aaa

86 4921 202 4986 manus
215 4903 411 4961 nibilominus
425 4901 594 4960 illuminata
616 4905 670 4958 est.
700 4903 766 4967 Quo
789 4901 926 4958 videlieet
978 4902 1081 4956 tamen
1106 4911 1199 4972 opere
1217 4896 1429 4971 vilipendebat.
1458 4900 1530 4963 Qum
1555 4897 1699 4956 nimirmn
1723 4903 1807 4957 tanto

85 4996 139 5053 ille
163 4995 293 5066 cognito,
315 4993 410 5061 dinan
440 4991 492 5066 qui
514 5007 626 5064 aquam
648 4989 782 5063 dederat,
803 4991 926 5048 nomine
980 5001 1111 5061 superno
1120 4986 1280 5060 inspectori
1292 4986 1451 5060 pretiosius
1461 4987 1809 5063 commendabatquan-

86 5083 296 5150 Rabboldum
324 5086 466 5156 urgenter
489 5079 690 5152 investigavit,
715 5085 744 5138 al
760 5081 878 5155 reperit,
899 5084 928 5137 et
981 5081 1011 5136 to
1025 5079 1088 5136 heac
1100 5077 1182 5152 apud
1198 5093 1230 5134 se
1243 5076 1330 5134 vilius
1344 5077 1523 5137 estimabat.

85 5191 166 5232 mox
177 5190 196 5230 a
209 5189 241 5232 sa
260 5175 370 5247 rejecit.
395 5177 466 5232 Post
487 5172 677 5246 aliquantum
705 5187 777 5230 vero
797 5175 926 5244 tempus,
1017 5169 1071 5226 xv.
1084 5167 1233 5234 Quoniam
1245 5181 1317 5224 vero
1330 5165 1450 5225 coeleste
1462 5165 1807 5234 desideriumnndatins,

86 5263 221 5338 quidem
233 5262 343 5320 nobilis
352 5263 407 5334 vir,
423 5261 546 5320 nomine
559 5260 655 5329 libbe,
677 5259 825 5316 seniorem
842 5260 929 5316 ratio
981 5258 1067 5314 ntita
1081 5257 1192 5327 dicam,
1207 5256 1389 5323 insumebat,
1418 5271 1452 5313 os
1476 5257 1542 5328 ejas
1562 5271 1599 5312 ex
1622 5253 1809 5311 abundantia

87 5351 225 5409 cinando
236 5351 386 5424 convenit,
403 5351 516 5416 dicens,
531 5351 605 5425 quia
618 5349 693 5408 forte
704 5353 809 5406 contra
825 5347 929 5404 volun·
983 5345 1081 5404 cordis
1104 5345 1144 5404 ita
1164 5345 1344 5420 replebatur,
1372 5349 1405 5402 ut
1423 5359 1500 5420 pena
1512 5343 1577 5416 jam
1591 5341 1622 5399 in
1636 5339 1744 5398 eodem
1757 5355 1809 5398 ore

128 5477 208 5550 (tot)
226 5477 318 5560 Apud
329 5478 514 5560 Postomium
526 5477 574 5533 sui
582 5479 665 5558 jeria
678 5475 811 5534 amdam.
827 5475 928 5529 Poste·
983 5471 1089 5529 tundis
1103 5471 1196 5546 ipsias
1218 5471 1261 5528 ita
1284 5469 1340 5528 sibi
1363 5467 1572 5548 succederent,
1590 5468 1623 5522 ut
1646 5472 1744 5540 usque
1770 5465 1810 5523 ed

87 5549 189 5607 miam
205 5547 278 5605 dint
292 5549 444 5624 snprabb.
460 5565 470 5604 ι
486 5563 554 5621 cap.
575 5547 680 5604 ultum
699 5564 706 5602 :
731 5569 746 5596 ιι
768 5548 842 5604 Cum
865 5543 927 5600 alo
984 5547 1118 5600 montem
1131 5557 1276 5614 magnum
1292 5543 1435 5622 creontem
1450 5539 1551 5620 posset
1564 5551 1596 5592 ιιι
1609 5537 1751 5622 cundoet
1762 5551 1810 5594 ra-

86 5621 164 5693 dus,
179 5620 287 5694 inqiut,
300 5621 367 5694 ejas
381 5624 463 5679 asset
476 5617 639 5690 mesomio,
658 5622 687 5676 at
699 5617 844 5690 deinceps
864 5614 928 5674 lat·
983 5614 1108 5673 detmdo
1117 5627 1237 5688 semper
1248 5613 1281 5672 ia
1293 5625 1423 5687 proprus
1433 5610 1599 5668 manntme
1609 5608 1741 5684 epuns.
1759 5627 1778 5660 r
