4156 6182
259 125 293 196 ει
848 123 875 179 s.
896 124 969 180 ooo
998 119 1111 177 rocas
1129 113 1390 173 ccuuauuusrs.
1947 115 1986 168 40

259 241 357 314 magis
370 239 504 297 roborari
515 239 634 308 debuit;
651 241 692 298 sic
703 246 826 298 econtra
834 243 872 300 ab
884 248 963 302 statu
973 244 1090 301 rectitu-
1110 242 1136 296 A
1152 255 1206 294 seu
1221 235 1408 306 Gualburgis,
1425 232 1576 291 miraculis
1587 230 1711 288 celebris
1726 248 1732 285 :
1749 231 1836 302 cujus
1849 231 1986 305 reliquiae

260 329 338 385 dinis
359 329 532 384 incurvatur
553 333 586 384 ut
611 329 675 400 ejus
692 328 795 398 religio
815 338 922 396 cuncta
946 332 1092 389 defecisse
1149 343 1218 386 cum
1233 327 1263 382 in
1278 325 1362 382 altari
1379 324 1485 398 posita:
1502 322 1641 388 fuissent,
1657 336 1812 377 cessavere
1824 321 1984 379 miracula.

212 433 215 442 ⁴
261 418 419 475 videatur?
445 418 556 474 Omnes
582 419 663 474 enim
686 419 784 475 festini
812 425 840 476 et
863 421 1030 497 praecipites
1054 421 1093 476 ad
1150 415 1342 490 Stupentibus
1367 412 1542 486 peregrinis,
1558 410 1679 467 cuidam
1692 425 1729 466 ex
1743 409 1871 468 infirmis
1897 411 1985 482 virgo

260 506 374 562 malum
405 505 563 576 currimus,
585 527 599 559 s
624 512 679 564 eto.
704 511 737 564 ut
762 507 793 564 in
816 508 867 565 lib.
894 528 913 579 1,
937 527 1003 584 cap.
1026 515 1055 566 tt
1084 531 1091 568 :
1148 520 1307 578 apparens.
1330 502 1486 570 «1dcireo,
1511 500 1616 574 inquit,
1644 516 1706 555 non
1726 499 1886 586 sanamini,
1911 500 1987 574 quia

261 593 422 652 Sciendum
449 609 532 662 sane,
562 595 632 668 quia
663 596 738 652 sicut
767 597 878 653 nostris
906 599 1092 672 temporibus
1148 593 1279 666 reliquiar
1302 608 1378 649 meae
1394 597 1464 648 sunt
1488 607 1578 665 super
1599 589 1693 645 altare
1708 588 1834 658 domiui,
1851 589 1903 646 ubi
1920 607 1981 650 ma-

259 682 362 740 omnia
378 698 454 755 pene
480 699 570 738 stium
586 677 722 741 or‘dinem
739 685 942 759 perdiderunt,
959 688 1093 761 plerique
1146 684 1238 755 iestas
1260 683 1353 738 divini
1365 681 1499 755 mysterii
1513 680 1602 736 debet
1615 679 1808 735 solummodo
1823 679 1977 736 celebrari.

259 771 403 847 prodigas
418 788 518 828 rerum
539 789 663 830 suarum
685 790 832 848 expensas
847 777 1021 834 charitatem
1041 793 1093 833 no·
1149 772 1234 838 Quod
1246 787 1314 828 cum
1326 770 1373 826 illc
1382 769 1558 826 custodibus
1569 768 1699 830 referret,
1709 766 1841 823 tulerunt
1853 783 1981 840 capsam
2064 777 2065 794 ¹

260 861 396 918 minant:
414 877 482 916 cum
505 877 551 918 res
567 862 605 918 ad
620 863 740 919 inanem
757 863 884 930 gloriam
898 865 1019 938 profuse
1032 865 1092 922 dis·
1148 867 1176 918 ct
1209 860 1344 934 protinus
1367 859 1514 914 miracula
1538 858 1602 914 fieri
1631 861 1796 930 coeperunt.
1815 857 1843 912 si
1867 873 1950 927 ergo,
1968 883 1981 908 a
2064 905 2065 922 ,

261 965 373 1022 pensae,
390 950 533 1006 comestio
548 950 595 1006 vel
614 949 720 1008 effusio
742 953 838 1022 magis
851 955 1002 1010 discendae
1024 955 1092 1024 sint,
1148 951 1232 1008 addit
1258 949 1332 1016 Ode,
1356 972 1369 999 r
1390 947 1430 1003 ob
1454 947 1531 1003 illius
1554 945 1686 1018 mysterii
1709 945 1905 1002 reverentiam
1927 963 1983 1004 nec

261 1054 355 1112 quam
368 1038 507 1106 charitas,
529 1061 542 1088 ι
558 1044 612 1096 eta.
629 1043 692 1095 tum
708 1040 738 1096 in
753 1040 804 1096 lib.
817 1059 846 1112 ιι,
860 1059 926 1112 cap,
943 1047 976 1099 37
990 1061 996 1098 :
1011 1067 1025 1093 «
1042 1045 1094 1099 Lu·
1148 1040 1214 1112 ipsa
1229 1054 1283 1094 sua
1305 1037 1433 1110 pignora
1456 1035 1550 1093 sancti
1571 1035 1676 1091 volunt
1697 1034 1822 1107 propius
1837 1034 1978 1100 vicinari;

261 1125 395 1196 gendum
405 1130 449 1182 εει
463 1127 489 1182 ei
503 1127 659 1199 praesentis
674 1129 741 1184 vitae
756 1133 886 1202 tempus,
900 1129 930 1185 in
947 1146 1009 1203 quc
1025 1133 1095 1186 sunt
1148 1128 1222 1202 quid
1236 1127 1421 1183 censendum
1437 1131 1481 1182 est
1495 1127 1532 1182 de
1546 1124 1773 1182 immunditiis?
1789 1143 1803 1177 s

262 1214 304 1272 ita
318 1215 421 1271 omnia
435 1215 571 1287 confusa,
589 1220 619 1272 ut
636 1217 763 1274 veritatis
789 1218 913 1292 quidem
928 1235 983 1276 neo
1005 1219 1093 1275 vesti·
1184 1220 1228 1272 50,
1245 1216 1334 1271 Aliud
1348 1217 1461 1272 factum
1481 1219 1525 1270 esi
1539 1214 1576 1270 dc
1591 1214 1727 1287 quodam
1741 1213 1898 1269 latreuein
1916 1213 1982 1286 ipsa

263 1303 346 1375 gium
361 1320 490 1376 usquam
500 1304 613 1377 videas,
629 1305 768 1379 nequitie
784 1323 854 1363 vero
865 1312 955 1380 atque
970 1307 1094 1362 luxuriae
1150 1306 1266 1364 sceleris
1281 1305 1438 1362 occasione
1453 1304 1616 1372 interfecto,
1632 1304 1719 1374 cujus
1735 1319 1845 1377 corpus
1860 1320 1929 1360 cum
1944 1304 1983 1360 ad

263 1397 371 1450 cuncta
395 1409 459 1450 esse
482 1393 595 1467 repleta
618 1395 793 1468 prospicias,
814 1411 869 1452 nee
889 1396 1002 1468 aliquid
1015 1396 1094 1467 juste
1150 1394 1305 1452 ecclesiam
1318 1393 1450 1449 delatum
1468 1397 1555 1460 essct,
1575 1391 1716 1448 sacerdos
1730 1407 1786 1465 pro
1805 1407 1841 1448 eo
1856 1391 1983 1448 missam

262 1486 401 1556 recteque
425 1482 547 1539 servari.
564 1483 697 1538 Humiles
717 1488 745 1539 et
759 1483 907 1540 invalidos
920 1489 1010 1557 atque
1023 1501 1095 1558 pau·
1150 1484 1298 1542 celebrare
1313 1482 1411 1556 coepit.
1427 1485 1523 1540 «Cum
1539 1497 1610 1552 ergo
1625 1481 1665 1537 ad
1676 1480 1770 1538 verba
1785 1481 1981 1538 consecratio

262 1573 394 1644 perieras
408 1570 511 1626 videas
525 1586 544 1626 a
556 1569 693 1643 superbis
707 1575 736 1627 ct
754 1571 925 1644 potentibus
940 1571 1094 1629 divitibus·
1114 1575 1196 1644 gnis
1217 1571 1370 1629 [lominica
1385 1570 1485 1627 venire
1501 1570 1635 1640 deberet,
1650 1569 1796 1626 terrebilis
1817 1569 1933 1626 sonitus
1949 1569 1981 1624 in

263 1675 322 1731 que
338 1658 506 1732 comprimi,
523 1657 625 1728 affligi,
640 1663 730 1732 atque
744 1660 852 1731 injuste
878 1659 964 1717 laedi:
985 1660 1095 1718 hones·
1151 1667 1225 1719 tecto
1236 1660 1367 1717 ecclesiae
1382 1659 1561 1732 percrebuit,
1570 1664 1599 1715 et
1611 1657 1715 1728 altare,
1729 1658 1805 1714 sicut
1814 1659 1873 1714 huc
1887 1673 1983 1730 usquc

263 1749 327 1804 tum
343 1763 414 1804 vero
428 1763 614 1821 quemquam
628 1752 657 1805 et
668 1749 802 1821 quietum
811 1749 1095 1806 multislresionibus
1150 1753 1241 1824 patet,
1258 1765 1352 1822 usque
1368 1747 1548 1805 adradicem
1561 1747 1688 1803 scissum
1702 1751 1755 1814 cst,
1773 1747 1877 1820 sicque
1888 1761 1985 1802 sacer-

264 1835 461 1910 pcrturbari:
494 1841 615 1896 econtra
648 1853 896 1912 unumquemque
929 1839 1095 1910 pessimum
1150 1839 1206 1894 dos
1221 1855 1289 1894 cum
1306 1837 1447 1894 omnibus
1472 1837 1585 1906 ingenti
1601 1852 1712 1909 pavore
1729 1834 1884 1908 perculsus
1896 1834 1983 1904 fugit,

265 1924 397 1998 potentia
412 1925 568 1992 cumulari,
589 1925 749 1982 terribilem
763 1925 837 1988 fieri.
855 1931 883 1983 ct
896 1927 1012 1984 tumido
1029 1944 1096 1983 suc·
1150 1931 1246 2000 cipro
1262 1930 1398 2000 apostata
1413 1925 1580 1981 sacrificare
1590 1923 1723 1980 cessavit.
1740 1923 1800 1978 Hoc
1816 1927 1919 1978 contra
1931 1938 1984 1977 eos

265 2028 351 2068 ceesu
365 2012 396 2068 in
410 2012 498 2068 mulis
512 2012 631 2082 augeri:
645 2013 756 2086 quibus
769 2029 824 2070 nec
836 2013 974 2086 judicum
987 2019 1095 2085 metus,
1150 2016 1264 2072 dietum
1280 2015 1345 2084 sit,»
1361 2014 1458 2087 inquit
1471 2013 1514 2068 vir
1525 2017 1659 2080 sanctus,
1672 2035 1686 2064 α
1698 2012 1749 2085 qui
1760 2027 1814 2086 pm
1829 2009 1983 2066 sceleratis

265 2117 320 2158 nec
335 2100 498 2158 reverentie
513 2118 604 2157 sacrae
617 2102 799 2160 auctoritatis
809 2103 971 2176 praevalere
986 2108 1095 2176 potest,
1152 2106 1190 2161 ob
1213 2106 1340 2175 gratiam
1363 2119 1468 2159 eorum
1496 2119 1527 2159 se
1551 2107 1688 2158 oraturos
1716 2100 1901 2174 pollicentur.
1920 2121 1933 2147 >r
1952 2097 1985 2154 ld

266 2205 321 2246 nec
336 2205 439 2247 eorum
453 2190 615 2263 perniciem
627 2190 775 2248 tilletcnus
790 2192 937 2249 cohibere.
957 2193 1014 2250 Sed
1022 2192 1097 2266 quid
1151 2198 1274 2250 notasse
1290 2191 1405 2248 videtur
1420 2191 1484 2248 Odo
1499 2190 1539 2246 ad
1554 2189 1780 2246 convellendam
1804 2203 1908 2244 eorum
1924 2186 1984 2258 opi-

267 2278 304 2334 de
325 2277 476 2349 judicibus
496 2277 648 2334 dicimus?
673 2283 745 2336 Nam
769 2285 798 2336 et
817 2280 874 2353 ipsi
895 2279 948 2353 qui
971 2279 1009 2336 ad
1033 2281 1096 2336 hac
1151 2279 1506 2353 nioncm,quidicebant,
1519 2276 1673 2347 Augustini
1686 2274 1792 2332 forsan
1813 2273 1985 2331 testimonio

266 2366 459 2439 reprimenda
473 2367 622 2424 constituti
632 2367 759 2436 fuerant,
774 2368 925 2438 graviores
942 2373 1098 2441 tempesta·
1151 2385 1213 2426 non
1229 2386 1300 2426 sane
1315 2369 1462 2424 intellecto
1478 2366 1608 2432 adducti,
1622 2364 1774 2422 damnatis
1784 2363 1883 2421 missae
1897 2363 1986 2420 saeri-

267 2458 311 2510 tes
339 2459 368 2510 et
394 2454 622 2528 perniciosiores
646 2455 676 2510 in
700 2456 826 2512 miseros
854 2461 1000 2512 exercent.
1031 2460 1097 2512 llaec
1152 2457 1253 2514 ficium
1268 2457 1421 2530 prodesse,
1432 2456 1479 2512 vel
1494 2455 1667 2528 utapoenis
1677 2453 1800 2510 omnino
1811 2452 1984 2518 liberentur,

268 2547 369 2598 autem
381 2542 485 2614 iniqua
497 2547 586 2614 utque
600 2543 711 2615 injusta
722 2542 910 2616 inequalitas
921 2560 982 2600 non
999 2544 1097 2600 solum
1152 2546 1200 2604 vel
1215 2550 1245 2602 ut
1261 2545 1442 2602 tolerabilius
1453 2544 1643 2602 damnentur.
1659 2543 1729 2614 Ejus
1739 2541 1889 2616 opinionis
1900 2540 1985 2596 locus

261 2630 299 2704 ,in
311 2631 450 2700 urbibus,
465 2631 518 2686 sed
527 2631 558 2686 in
573 2630 669 2701 agris;
683 2636 712 2688 et
722 2647 783 2688 non
795 2631 893 2688 solum
903 2633 932 2688 in
944 2637 1031 2702 terra,
1045 2633 1099 2689 sed
1152 2641 1196 2692 est
1210 2634 1293 2707 apud
1307 2632 1509 2690 Adrcvaldum
1525 2632 1556 2688 in
1570 2632 1646 2688 libro
1665 2631 1703 2688 de
1717 2629 1869 2688 miraculis
1889 2628 1985 2686 sancti

268 2719 339 2776 etin
354 2719 432 2776 mari
458 2719 653 2776 committitur
673 2725 702 2778 et
727 2724 888 2778 exercetur.
906 2745 919 2772 r
935 2721 1040 2778 Subdit
1067 2723 1098 2777 in
1154 2723 1302 2781 Benedicti
1317 2739 1382 2795 cap.
1398 2723 1443 2792 21,
1460 2721 1511 2778 ubi
1532 2721 1572 2776 ait
1585 2720 1782 2776 Floriaceuses
1797 2735 1852 2791 pro
1868 2717 1985 2774 anima·
2064 2757 2065 2760 ,

269 2825 336 2882 cap.
352 2812 381 2866 tt
396 2829 402 2866 :
418 2832 431 2860 «
448 2810 532 2876 Quod
549 2815 649 2866 autcm
663 2811 739 2867 inter
761 2811 865 2868 omnia
881 2811 961 2868 mala
979 2812 1099 2882 gravius
1152 2813 1211 2869 bus
1226 2813 1404 2886 praedonum
1418 2811 1449 2868 in
1463 2810 1526 2866 acie
1543 2825 1691 2866 caesorum
1710 2823 1814 2880 preces
1827 2807 1867 2863 ad
1883 2807 1985 2863 llomi-
2064 2789 2065 2830 ³

269 2899 415 2968 nocet‚ita
422 2899 571 2972 pessimus
581 2901 725 2973 peccandi
733 2917 807 2957 usus
811 2901 876 2971 jam
884 2900 1099 2958 consuetudine
1119 2941 1139 2996 C
1154 2919 1228 2958 num
1241 2901 1375 2957 fudisse:
1390 2923 1403 2950 ι
1416 2904 1564 2972 quatenus
1575 2897 1630 2954 etsi
1645 2895 1795 2970 perpetuis
1814 2911 1878 2952 non
1891 2911 1986 2950 mere·
2064 2953 2065 2962 ,

269 2987 1098 3064 roboratusest,utpencnullusjustojudiciopeccatum
1154 2996 1256 3048 rentur
1291 2989 1408 3046 absolvi
1444 2987 1636 3054 cruciatibus,
1678 2985 1783 3042 saltem
1818 2983 1987 3040 minoribus

269 3077 436 3134 discernere
464 3082 577 3151 queat:
609 3078 661 3135 sed
689 3079 766 3136 sicut
793 3082 893 3135 Aaron
918 3077 985 3134 filiis
1010 3075 1098 3133 lsrael
1154 3079 1383 3136 multarentura
1407 3076 1512 3132 scricto
1535 3075 1640 3131 ludica
1668 3073 1777 3146 pranis.
1793 3095 1807 3122 r
1828 3075 1927 3128 Exstat
1954 3071 1986 3126 in

269 3165 343 3222 deos
363 3165 565 3237 quaerentibus
588 3181 649 3222 non
663 3165 776 3235 restitit,
792 3165 834 3221 sic
853 3181 958 3221 omnes
973 3171 1025 3222 aut
1045 3165 1100 3221 ini·
1155 3167 1257 3224 codiee
1279 3164 1446 3223 Gelloneusi
1472 3167 1642 3237 pervetusto
1668 3185 1682 3212 α
1699 3161 1792 3218 misse
1820 3177 1875 3235 pro
1899 3160 1987 3230 eujus

271 3253 323 3326 qui
353 3257 432 3320 sunt,
451 3258 504 3310 aut
530 3253 677 3326 iniquitati
706 3253 825 3310 cedunt.
844 3277 857 3303 r
873 3257 948 3324 lege
972 3259 1001 3310 et
1032 3270 1100 3327 quae
1156 3256 1259 3313 anima
1278 3254 1442 3324 dubitatur,
1460 3275 1473 3303 u
1489 3251 1595 3326 inqua
1610 3251 1674 3308 haec
1690 3248 1988 3322 oruti0:«0mnipo-
2064 3289 2065 3296 .

272 3345 438 3414 sequuntur
453 3342 483 3398 in
497 3341 888 3415 fineistiuscapitis,etlibri
902 3359 941 3410 ur,
958 3346 1100 3416 caput28.
1156 3349 1221 3402 tens
1249 3349 1277 3400 et
1301 3343 1471 3400 misericors
1493 3343 1582 3408 Deus,
1609 3342 1661 3414 qui
1689 3341 1783 3396 habes
1807 3341 1987 3412 potestatem

271 3430 337 3488 iria
347 3447 417 3488 vcro
432 3431 523 3487 seculi
537 3431 584 3486 sui
597 3430 669 3487 vitia
680 3430 812 3488 maxime
823 3431 932 3504 carpit:
945 3431 1101 3505 malitiam,
1156 3433 1346 3502 mortificare,
1363 3439 1392 3489 et
1419 3433 1524 3489 iterum
1541 3432 1702 3502 vivificare,
1726 3430 1873 3486 deducere
1888 3427 1927 3484 ad
1942 3427 1987 3482 in·

271 3536 339 3593 quae
363 3520 403 3576 ad
430 3519 575 3576 violentos
597 3519 738 3593 pertinct;
763 3520 948 3593 superbiam,
964 3525 992 3578 et
1013 3520 1102 3578 luxu·
1157 3523 1235 3580 feros
1250 3523 1475 3590 efredueere,et
1487 3537 1577 3576 vocas
1592 3536 1628 3576 ea
1639 3535 1707 3592 quae
1715 3534 1777 3574 uon
1792 3520 1862 3573 sunt
1872 3519 1987 3572 tantam

271 3609 370 3678 riam;
396 3625 463 3683 qua
491 3609 563 3667 vitia
590 3611 621 3666 in
658 3609 742 3666 libris
777 3611 877 3683 primo
907 3614 935 3667 et
968 3611 1103 3668 seeundo
1157 3628 1194 3670 ee
1205 3628 1274 3685 quoe
1287 3614 1365 3676 sunt,
1382 3610 1468 3682 cujus
1480 3612 1614 3684 potestas
1629 3607 1659 3664 in
1676 3607 1751 3664 coelo
1766 3605 1838 3663 etin
1854 3609 1939 3674 terra,
1955 3603 1988 3658 in

272 3697 412 3768 exagitat.
1157 3699 1235 3757 mari
1247 3703 1276 3756 ct
1288 3699 1319 3756 in
1332 3697 1433 3755 inferis
1444 3697 1534 3770 plena
1544 3696 1668 3754 assistit:
1685 3701 1712 3752 te
1722 3694 1851 3752 humiles
1861 3698 1988 3751 tremen-

307 3791 352 3846 49.
369 3790 512 3855 Quartum
527 3788 611 3846 addit
622 3788 714 3847 inlib.
729 3807 758 3858 ιι,
775 3806 843 3864 cap.
859 3796 893 3848 28
904 3808 910 3847 :
923 3814 937 3842 «
950 3793 983 3847 Et
996 3790 1034 3847 de
1046 3791 1104 3848 hoc
1158 3794 1261 3862 tesqua
1276 3789 1474 3861 deprecamur
1498 3802 1552 3859 pro
1576 3785 1678 3842 anima
1692 3784 1796 3842 famuli
1821 3783 1874 3853 tui,
1893 3796 1988 3855 quam

272 3876 396 3950 quidem
410 3877 493 3951 quod
505 3877 553 3936 vel
567 3893 620 3952 per
633 3879 697 3936 brec
710 3878 766 3936 tria
779 3879 918 3948 vitiaret
933 3896 986 3953 per
998 3883 1105 3936 caetera
1158 3876 1272 3934 traxisti
1296 3877 1333 3932 de
1357 3874 1497 3950 praesenti
1526 3873 1636 3931 saecrdo
1657 3873 1781 3946 'absque
1805 3867 1988 3946 poenitentire

272 3984 340 4042 quse
355 3984 531 4026 enumerare
546 3969 677 4043 pudeta
692 3969 806 4028 Christo
822 3973 994 4044 apostatare
1003 3970 1106 4028 viden·
1159 3966 1266 4041 spatio,
1282 3969 1315 4023 ut
1329 3965 1353 4022 si
1368 3963 1491 4022 forsitan
1506 3964 1546 4021 ob
1561 3961 1736 4037 gravitatem
1751 3961 1910 4018 cuminum
1925 3972 1988 4014 non

273 4063 330 4127 tur,
344 4059 432 4118 valde
447 4059 614 4117 dolendum
637 4063 697 4118 est:
715 4059 769 4118 sed
790 4059 886 4118 multo
900 4059 968 4134 plus
987 4060 1025 4118 de
1043 4061 1101 4118 boc
1159 4061 1290 4114 meretur
1304 4071 1424 4127 sugere
1444 4055 1483 4113 ad
1498 4053 1635 4128 gloriam,
1651 4069 1704 4128 per
1722 4052 1785 4108 baec
1801 4065 1888 4106 sacra
1902 4046 1988 4105 obla-

272 4149 356 4224 quod
381 4148 456 4206 illud
479 4154 704 4208 sacrosanctum
736 4149 925 4224 mysterium,
959 4149 1105 4208 Dominici
1160 4148 1247 4205 tionis
1265 4146 1410 4204 libamina
1423 4145 1470 4201 vel
1485 4143 1649 4214 tolerabilia
1662 4143 1735 4196 liant
1749 4139 1816 4209 ipsa
1830 4139 1989 4191 tormenta.

271 4237 408 4294 videlicet
421 4237 564 4309 eorporis
581 4241 722 4294 temerate
736 4242 932 4308 praesumunt.
948 4239 1010 4294 Hoc
1025 4237 1105 4294 enim
1162 4259 1176 4284 ι
1191 4239 1257 4290 llaec
1272 4235 1392 4304 aliaque
1418 4249 1454 4287 cx
1481 4236 1563 4287 tomo
1578 4227 1865 4294 XPragmentorum
1894 4222 1991 4278 nostri

272 4324 453 4382 beneficium
472 4325 572 4395 majus
587 4324 718 4381 estintcr
731 4317 838 4380 omnia
847 4325 939 4392 bona,
959 4339 1027 4396 quae
1052 4325 1105 4380 ho·
1161 4321 1274 4378 Claudii
1292 4318 1485 4391 Stephanotii.
1502 4317 1535 4372 In
1559 4310 1794 4386 paralipomenis
1819 4309 1857 4368 de
1885 4315 1991 4367 sancto

273 4411 407 4468 minibus
422 4426 568 4468 concessa
577 4414 665 4480 suut;
681 4414 710 4467 et
719 4411 777 4467 hoc
791 4415 837 4466 εει
851 4410 934 4484 quod
949 4413 1027 4468 Deus
1041 4427 1106 4468 ma·
1159 4407 1331 4478 Pachomio,
1346 4421 1414 4478 quae
1424 4405 1454 4461 in
1469 4409 1552 4460 tomo
1565 4401 1673 4459 lllltaii
1684 4399 1767 4474 apud
1778 4397 1990 4457 Bollandianos

271 4500 332 4574 jori
355 4499 500 4558 charitate
525 4498 702 4556 mortalibus
729 4497 875 4556 indulsit:
892 4499 965 4573 quia
990 4500 1021 4556 in
1048 4501 1106 4557 boc
1158 4513 1230 4572 pag.
1243 4501 1295 4554 336
1309 4495 1469 4566 habentur,
1483 4493 1525 4550 ita
1540 4491 1690 4550 orationes
1713 4505 1768 4564 pro
1783 4487 1991 4546 damnetisin-

273 4588 418 4664 mysterio
435 4588 517 4646 salus
531 4586 639 4646 mundi
663 4591 724 4646 tota
738 4586 881 4645 consistit.
897 4589 931 4644 Et
943 4592 1020 4646 certe
1033 4588 1107 4646 dum
1158 4586 1353 4655 terdicuntur,
1369 4589 1401 4640 ut
1426 4588 1526 4640 tamen
1545 4599 1581 4640 ea
1603 4597 1696 4656 poena
1724 4579 1763 4637 ad
1778 4595 1884 4636 eorum
1906 4575 1991 4634 refri-

274 4679 396 4752 indigne
410 4681 561 4748 mactatur,
577 4693 632 4752 per
645 4677 703 4736 hoc
715 4676 847 4736 maxime
862 4675 1107 4750 divinequotidie
1159 4676 1275 4749 gerium
1287 4673 1430 4748 prodesse
1444 4676 1573 4748 putetur.
1583 4669 1716 4728 Defuncti
1726 4666 1868 4726 monachi
1881 4681 1992 4737 corpus

275 4767 417 4838 majestas
431 4765 599 4839 injurietur.
612 4767 652 4822 De
664 4765 722 4823 hoc
733 4781 805 4837 ergo
818 4763 984 4824 dolendum
1000 4769 1053 4835 est,
1069 4765 1107 4821 de
1159 4765 1337 4824 efferebatur
1347 4764 1472 4822 absente
1487 4761 1660 4829 Pachomio,
1674 4759 1726 4833 qui
1735 4757 1857 4815 obviam
1869 4769 1991 4828 pompae

275 4854 333 4910 hoc
358 4855 542 4912 omnimodis
567 4855 847 4928 ingemiscendum:
863 4859 896 4913 ut
907 4855 931 4912 si
946 4853 1107 4912 emendare
1159 4853 1407 4929 factus,psalmos
1420 4852 1533 4910 cantari
1542 4851 1643 4910 vetuit.
1654 4847 1732 4906 Etad
1742 4843 1873 4903 defuncti
1886 4858 1994 4917 paren-

275 4957 337 4999 non
356 4959 531 5017 possumus,
547 4945 595 5001 vel
614 4943 737 5002 dolendi
751 4944 895 5004 aflectum
908 4945 996 5002 nobis
1009 4945 1106 5002 inesse
1160 4949 1203 5002 tes
1215 4945 1291 5000 inter
1307 4942 1384 5000 alia:
1399 4942 1563 5014 «sienim»
1579 4938 1685 5014 inquit,
1702 4952 1789 4993 «eum
1804 4931 1993 5007 psalmorum

275 5031 470 5090 reclamando
486 5038 700 5098 monstremus,
713 5049 752 5090 ne
767 5033 841 5090 forte
854 5049 913 5091 vox
927 5033 1032 5092 Christi
1050 5049 1107 5090 nos
1160 5037 1251 5092 cantu
1266 5031 1290 5089 ei
1307 5037 1464 5107 parentare
1479 5029 1643 5096 volueritis,
1658 5027 1759 5100 plures
1773 5021 1949 5080 defunctum
1965 5021 1993 5074 et

276 5122 543 5192 argenturacum»
562 5122 694 5180 Sustinui
707 5124 760 5196 qui
771 5121 862 5179 simul
874 5123 1107 5194 contristaretur,
1161 5122 1312 5196 graviores
1326 5122 1488 5179 cruciatus¹
1502 5118 1683 5192 excipient...
1700 5118 1774 5172 Eam
1789 5111 1904 5170 obrem
1918 5121 1992 5176 rogo

276 5215 305 5267 et
314 5227 376 5268 non
389 5209 453 5268 fuit.
468 5210 581 5276 «Quod
595 5210 725 5284 denique
739 5211 916 5284 mysterium
937 5211 1108 5285 primordiis
1161 5229 1225 5274 vos,
1237 5215 1271 5267 ut
1280 5211 1304 5267 si
1312 5210 1461 5268 cruciatus
1468 5206 1600 5266 defuncti
1610 5204 1717 5278 cupitis
1730 5201 1855 5260 reddere
1867 5195 1994 5253 leviores

276 5301 413 5359 Ecclesia
427 5317 489 5358 non
503 5303 567 5358 tam
582 5299 761 5374 frequenter,
777 5305 810 5357 ut
819 5317 909 5370 nunc,
926 5301 1107 5360 celebratur:
1162 5303 1225 5360 sine
1240 5299 1367 5374 psalmis
1378 5316 1448 5356 eum
1459 5296 1620 5370 sepulturae
1629 5293 1789 5352 mandetis.
1799 5288 1903 5346 Posset
1912 5283 1995 5340 enim

278 5392 380 5444 tamen
394 5394 509 5463 quanto
523 5390 631 5460 rarius,
646 5393 728 5446 tanto
742 5389 910 5461 religiosius
920 5391 1076 5462 agebatur.
1092 5412 1107 5446 r
1163 5395 1251 5458 lleus,
1268 5407 1337 5446 cum
1352 5389 1451 5444 bonus
1467 5390 1504 5442 ειι
1527 5389 1556 5442 ει
1567 5384 1746 5445 misericors,
1763 5381 1803 5438 ob
1817 5380 1895 5436 banc
1911 5373 1938 5431 ei
1950 5371 1996 5428 ia-

278 5479 345 5536 llaec
372 5478 417 5532 vir
431 5481 583 5552 piissimus
599 5498 605 5536 :
631 5479 684 5554 qui
698 5479 759 5537 duo
773 5479 853 5538 factat
866 5480 954 5538 refert
967 5480 1108 5551 insignia,
1163 5484 1242 5536 ctam
1257 5476 1455 5550 ignominiam
1467 5475 1602 5549 requiem
1617 5474 1752 5548 aliquam
1767 5469 1794 5526 ci
1807 5465 1952 5539 praebere,
1969 5464 1998 5517 et

278 5582 409 5644 quorum
423 5567 556 5640 primum
567 5573 611 5628 cst
625 5569 663 5626 de
674 5567 806 5642 reliquiis
819 5572 930 5627 sancte
941 5567 1108 5641 Walbtugis
1164 5569 1195 5626 in
1209 5583 1277 5624 cam
1291 5583 1358 5639 quac
1379 5581 1507 5640 superne
1521 5565 1610 5625 datur
1622 5564 1715 5622 vitam
1734 5570 1912 5616 revocare.»
1929 5551 1998 5608 Hoee
