4160 6162
118 133 178 186 -265
418 149 420 154 ¹
535 127 883 188 nestorianouaatutt
903 127 931 184 S.
952 125 1054 184 GREG.
1074 123 1108 182 ΙΝ
1126 127 1197 182 JOB.
1218 157 1253 168 -
1273 129 1340 185 atu.
1360 129 1427 187 XIV.
1591 127 1596 142 “
1784 137 1836 195 206

162 255 247 310 vens.
263 257 291 308 t.
307 255 382 312 Eece
395 254 530 312 ctomobo
543 255 601 311 eim
614 255 743 325 potiens,
758 259 786 310 et
801 267 886 310 nemo
900 265 951 307 ou·
967 253 991 306 Α
1009 248 1199 324 prophetam,
1215 271 1230 302 a
1246 256 1379 326 caputet
1392 253 1491 312 cauda
1515 254 1583 326 (Iso.
1599 271 1636 319 rs,
1651 255 1693 328 tt)
1709 279 1723 306 u
1746 261 1840 316 exus

129 343 185 399 diet
201 341 399 412 vociferabor,
416 349 565 400 etuonest
579 345 633 416 qui
645 343 772 414 judicet.
799 373 832 382 -
855 339 954 398 Omni·
1010 338 1118 396 minari
1133 338 1249 397 dicitur.
1276 342 1393 399 Corona
1416 358 1488 414 ergo
1512 344 1550 400 de
1574 344 1670 417 capite
1695 345 1837 414 autentus,

129 435 233 506 potens
247 432 325 488 Deus
352 432 530 506 quidnobis
554 431 746 506 profuturum
770 429 957 488 esse.valeat
1010 444 1079 484 cum
1095 443 1231 500 supernae
1245 431 1496 490 remunerationis
1521 433 1647 506 praemia
1670 435 1760 492 etiam
1783 434 1839 509 ipsi

129 521 235 591 sciens,
250 521 420 579 dissimulat
444 521 585 579 exaudire
602 537 706 578 rocem
730 519 907 586 dolentium,
924 521 957 574 ut
1010 516 1162 586 deserunt,
1178 517 1231 591 qui
1245 518 1275 575 iu
1290 520 1348 576 hoc
1359 519 1490 578 Ecclesia
1504 537 1629 596 corpore
1652 539 1779 597 praeesse
1797 524 1839 582 vi·

130 613 237 681 augent
251 609 415 678 utilitatem,
431 615 460 670 et
474 616 618 684 purgetur
632 611 691 668 vita
707 626 760 684 per
775 625 909 684 poenam,
924 611 958 663 ut
1010 603 1170 662 dabantur.
1187 606 1344 680 Sequitur:

129 697 234 772 quietis
248 697 457 772 tranquillitas,
483 715 549 773 quse
560 699 608 756 hic
633 698 758 756 inveniri
783 713 844 754 non
868 695 956 764 valet,
1047 693 1135 750 Vsus.
1146 695 1352 753 tabernarii
1364 713 1411 756 me
1423 699 1555 772 undique
1567 705 1595 756 et
1604 707 1740 770 peccet
1754 704 1842 775 queri

76 836 83 844 .
129 786 373 861 alibiquaratur.
389 789 429 844 Et
450 803 511 846 uou
535 794 577 845 est
602 789 655 860 qui
675 787 804 860 judicet.
827 789 892 844 Non
915 787 959 840 ost
1011 783 1127 840 ouuboe
1145 784 1249 841 arbori
1259 787 1382 844 abstulit
1397 803 1477 859 spem
1492 802 1598 846 mecm·
1614 791 1841 849 —Buasiindi-

110 875 206 932 enim
216 875 269 950 qui
280 875 395 948 judicet
408 875 526 946 dicitur,
540 875 806 950 quandojudicare
817 873 958 931 dissimu-
1011 887 1071 944 que
1089 871 1169 928 enim
1196 873 1325 932 Ecclesia
1342 875 1512 948 destruitur,
1540 881 1631 951 atque
1656 879 1686 935 in
1714 879 1842 937 infirmis

129 964 175 1022 tat.
188 964 352 1039 Sequitur:
1011 961 1156 1018 membris
1180 963 1304 1036 deperit,
1323 965 1448 1038 quando
1472 966 1538 1040 ipsa
1565 983 1633 1042 qua
1663 967 1843 1026 ridebantur

162 1056 245 1111 Vsus.
256 1057 284 1111 8.
302 1055 446 1112 Seruitom
458 1069 554 1112 meone
566 1055 780 1126 cirmnsepsit,
792 1059 819 1112 et
829 1052 958 1110 transire
1011 1050 1099 1107 tortia
1111 1056 1264 1120 corruunt,
1280 1053 1405 1126 quaudo
1417 1070 1530 1112 corona
1540 1055 1578 1112 de
1588 1056 1684 1130 capite
1694 1057 1841 1116 abstrahi-

128 1158 184 1199 uou
205 1158 327 1214 possum
349 1148 378 1200 et
404 1143 437 1199 iu
453 1143 532 1200 cotie
554 1159 617 1201 meo
643 1143 779 1201 tenebras
799 1142 908 1213 posuit.
923 1171 957 1180 -
1013 1143 1068 1196 tur.
1085 1138 1180 1196 Arbor·
1203 1140 1317 1214 quippe
1339 1147 1429 1199 vento
1451 1142 1612 1216 impellitur
1633 1150 1665 1201 ut
1693 1145 1792 1216 cadat,
1814 1149 1843 1202 et

127 1231 363 1306 meumnptem
391 1231 568 1290 verberibus
596 1233 734 1289 semitam
762 1247 849 1288 suam
873 1227 956 1298 vidit,
1011 1243 1104 1300 quem
1117 1228 1206 1285 mium
1222 1233 1332 1286 terrent
1341 1235 1373 1288 ut
1387 1231 1426 1288 ad
1440 1231 1595 1303 injustiam
1617 1239 1745 1304 comunt,
1768 1232 1843 1308 quid

127 1335 194 1378 curn
210 1319 337 1378 uansire
351 1320 391 1378 ad
404 1322 594 1380 securitatem
609 1321 745 1394 cupiens,
759 1320 887 1377 evadere
902 1318 957 1376 tla-
1012 1317 1094 1374 aliud
1109 1334 1201 1390 quum
1218 1319 1556 1378 arboristlatuventum
1580 1321 1708 1396 pertulit,
1732 1328 1760 1382 et
1784 1327 1844 1382 sta·

126 1408 274 1479 gellauou
288 1408 394 1483 potuit,
408 1413 438 1466 et
460 1409 534 1482 quia
557 1424 589 1466 se
612 1408 727 1482 percuti
753 1407 879 1482 aspexit,
901 1421 957 1463 nec
1012 1410 1075 1463 tum
1091 1423 1153 1462 sua
1168 1408 1352 1464 rectitudinis
1364 1410 1486 1467 amisit?
1502 1411 1640 1484 Sequitur
1659 1429 1665 1468 ι

126 1503 225 1556 umen
240 1497 432 1572 percussione
447 1497 571 1570 dignam
586 1498 680 1556 vitam
692 1497 723 1554 in
738 1495 956 1569 semetipsore·
1047 1496 1134 1553 Vens.
1153 1501 1194 1552 tt.
1220 1499 1322 1555 Iratus
1345 1505 1386 1556 est
1405 1491 1498 1569 furor·
1521 1503 1587 1570 ejus
1611 1508 1718 1560 contro
1736 1519 1791 1573 me,
1817 1509 1843 1561 et

118 1588 211 1662 ‚peria
226 1587 313 1662 quasi
324 1587 356 1644 iu
370 1586 445 1644 calle
460 1602 512 1644 cor
530 1587 708 1659 ignorantiae
732 1602 794 1643 sure
815 1585 956 1643 tenebras
965 1608 993 1662 ,Β
1012 1587 1055 1643 sic
1069 1602 1115 1643 mc
1129 1585 1233 1644 babuit
1247 1589 1335 1660 quusi
1348 1590 1460 1646 bostem
1472 1605 1570 1647 suum.
1586 1623 1621 1632 -
1648 1592 1846 1650 predicatore

126 1676 249 1746 invenit,
262 1676 315 1751 qui
327 1693 380 1734 cur
391 1677 432 1734 ita
447 1677 648 1748 flagellaretur
659 1680 815 1751 penetrare
829 1690 891 1733 non
904 1690 957 1748 po·
1012 1677 1125 1750 quippe
1158 1681 1317 1736 attestante
1345 1677 1515 1748 didicimus,
1545 1680 1618 1754 quia
1645 1703 1659 1730 «
1676 1681 1773 1738 tidelis
1800 1687 1847 1740 est

128 1767 191 1823 tuit.
208 1766 293 1834 Quod
306 1766 346 1824 ad
358 1766 479 1824 infirma
491 1783 613 1841 quoque
627 1765 765 1824 membra
781 1769 892 1824 sancire
909 1766 959 1820 Eo·
1014 1768 1100 1835 licus,
1116 1769 1145 1823 et
1158 1781 1220 1824 non
1239 1768 1350 1841 patitur
1372 1785 1428 1826 nos
1453 1769 1559 1826 teumri
1586 1786 1680 1844 supra
1704 1771 1736 1828 id
1761 1771 1846 1845 quod

128 1855 224 1914 clesioe
251 1870 314 1912 uon
327 1855 492 1928 incongrue
515 1854 650 1912 retertur.
674 1855 749 1922 Quia
770 1854 859 1926 igitur
878 1868 958 1926 saepe
1012 1871 1175 1929 possumus
1188 1856 1273 1924 terre,
1288 1857 1341 1915 sed
1356 1857 1426 1915 tacit
1444 1875 1515 1918 oum
1534 1860 1695 1918 tentatione
1719 1875 1846 1935 proven·

127 1944 309 2014 infirmitate,
325 1959 547 2017 nonuunquam
561 1959 633 2000 vero
651 1942 831 2014 ignorantia,
855 1957 960 2015 pecca-
1014 1947 1088 2013 tum,
1112 1949 1144 2000 ut
1165 1944 1317 2018 possimus
1338 1946 1483 2004 sustinere
1504 1947 1532 2018 (1
1547 1948 1615 2006 Cor.
1631 1965 1662 2020 a,
1681 1948 1734 2021 ta).
1752 1973 1766 2001 n
1790 1949 1846 2007 Por

128 2038 186 2102 tur,
201 2049 239 2090 ex
259 2032 482 2090 infirmantibus
504 2032 650 2090 membris
669 2032 795 2089 dieitur:
817 2032 959 2089 Semitom
1013 2033 1192 2106 prophetam
1220 2049 1342 2107 quoque
1368 2035 1439 2092 dicit
1461 2037 1625 2094 Dominus:
1649 2038 1769 2110 «Plaga
1789 2039 1845 2096 ini·

128 2138 226 2180 meom
240 2122 455 2192 circumsepsit,
478 2127 505 2178 et
532 2121 664 2178 transire
687 2135 748 2178 uou
772 2136 901 2192 possum.
919 2124 960 2178 Ex
1015 2120 1095 2188 mici,
1122 2122 1256 2193 percussi
1276 2127 1304 2179 te
1328 2123 1523 2196 castigatione
1551 2125 1664 2182 crudeli
1687 2129 1760 2194 (ier.
1776 2144 1845 2202 xxx,

128 2211 172 2268 eis
188 2225 259 2268 vero
271 2209 323 2285 qui
335 2209 375 2268 ad
389 2209 489 2284 ipsum
503 2225 581 2284 opus
594 2209 712 2268 bouum
732 2209 816 2283 quod
838 2209 959 2280 eligant,
1018 2210 1071 2280 14).
1091 2231 1104 2259 u
1120 2210 1176 2276 Qui
1188 2225 1260 2280 ergo
1274 2211 1315 2268 ita
1329 2211 1502 2284 percutitur,
1519 2218 1551 2270 ut
1569 2214 1647 2270 vires
1660 2213 1738 2272 illius
1749 2233 1768 2273 a
1781 2232 1847 2290 por-

127 2297 268 2370 ealigant,
284 2297 441 2356 subditur:
463 2299 506 2354 Et
526 2299 559 2354 iu
574 2299 651 2356 cotie
664 2313 728 2355 meo
751 2297 887 2356 tenebras
904 2313 960 2368 po-
1015 2297 1154 2356 cussioue
1178 2303 1368 2372 superentur,
1395 2316 1457 2358 nou
1478 2302 1559 2358 huuc
1585 2303 1730 2360 Dominus
1757 2305 1847 2377 quasi

126 2389 198 2445 suit.
218 2388 252 2445 ln
266 2386 341 2444 ealle
354 2403 426 2460 ergo
441 2402 496 2444 suo
508 2386 649 2444 tenebras
662 2387 785 2452 invonit,
800 2385 895 2460 quiin
910 2386 959 2443 his
1014 2385 1109 2443 filium
1124 2403 1178 2460 per
1192 2387 1396 2462 disciplinam,
1412 2389 1465 2446 sed
1478 2390 1567 2464 quasi
1576 2389 1697 2448 hostem
1708 2392 1847 2464 perirem

128 2493 195 2551 quae
215 2491 304 2548 agere
328 2476 450 2551 appetit,
478 2475 553 2550 quid
580 2475 687 2548 eligere
713 2475 830 2544 debeat,
852 2475 958 2533 nescit.
1013 2473 1089 2532 ierit.
1107 2475 1269 2549 Sequitur:

127 2568 237 2624 Conna
248 2565 313 2622 hee
324 2568 452 2638 unaque
466 2579 520 2638 per
534 2563 721 2622 Psalmistam
734 2563 841 2622 dieitur
858 2581 891 2620 :u
902 2567 959 2622 bo·
1050 2566 1134 2622 vrrs.
1153 2568 1195 2620 ta.
1208 2564 1307 2622 Siuut
1321 2572 1466 2625 uenerunt
1488 2568 1620 2626 tatrones
1636 2571 1710 2640 ejus
1728 2575 1757 2628 et
1767 2571 1846 2641 sere·

127 2654 228 2730 minus
244 2653 422 2712 illumiaatio
433 2669 514 2724 mea,
537 2657 567 2711 et
581 2653 662 2711 salus
675 2669 745 2712 mea
765 2654 861 2726 (Psoi.
884 2670 957 2724 xxvi,
1013 2660 1086 2712 runt
1097 2654 1155 2712 sibi
1168 2655 1248 2714 uiam
1260 2671 1317 2726 per
1331 2671 1386 2716 ure.
1397 2687 1433 2699 —
1448 2658 1592 2716 Latrones
1612 2674 1746 2733 namque
1770 2660 1846 2734 eius,

130 2748 165 2812 t).
184 2767 199 2794 n
217 2743 379 2817 sequitur:
1013 2744 1137 2816 maligni
1157 2749 1226 2802 sunt
1239 2745 1370 2818 spiritus,
1395 2747 1448 2821 qui
1470 2748 1662 2822 exquirendis
1685 2750 1846 2808 homiuum

161 2834 248 2889 vens.
264 2836 291 2889 9.
304 2831 497 2902 despoliavit
511 2847 557 2890 me
569 2833 669 2904 puta
683 2846 759 2897 meo,
784 2837 811 2888 et
835 2831 959 2889 obstulit
1014 2833 1161 2890 mortibus
1175 2839 1372 2908 occupantur,
1386 2835 1440 2908 qui
1452 2837 1535 2894 viam
1549 2837 1605 2893 sibi
1620 2837 1651 2894 in
1663 2839 1845 2898 afflictorum

128 2936 270 2979 rorouom
285 2922 322 2980 de
333 2921 431 2992 cupite
440 2935 514 2978 mco.
528 2951 565 2962 —
580 2920 666 2987 Quod
679 2923 788 2977 cuncta
801 2920 866 2977 iueo
880 2919 961 2976 beati
975 2957 995 3014 C
1015 2921 1157 2980 cordibus
1169 2921 1292 2990 iaciunt,
1305 2923 1430 2996 quando
1444 2923 1520 2980 inter
1534 2925 1662 2984 adversa
1676 2943 1744 3000 que
1768 2932 1846 2984 exte·

127 3011 181 3067 siri
194 3012 228 3068 in
243 3009 402 3068 afflictione
417 3009 507 3082 positi
532 3024 670 3083 persona
693 3007 883 3076 conveniant,
907 3007 961 3065 du·
1015 3011 1078 3068 rius
1094 3011 1230 3080 tolerant,
1246 3011 1440 3082 cogitationes
1461 3029 1583 3086 quoque
1604 3030 1714 3086 pravas
1734 3016 1846 3074 immit-

126 3099 212 3158 bium
225 3115 290 3158 uon
304 3103 358 3157 est.
377 3097 434 3156 Sed
447 3098 521 3172 quia
535 3097 665 3155 historie
677 3097 771 3155 verba
784 3101 896 3171 patent,
913 3113 961 3154 ex·
1016 3104 1076 3158 tero
1095 3115 1158 3157 nou
1181 3099 1338 3157 desistunt.
1366 3099 1504 3173 Sequitur
1519 3118 1526 3156 ε
1551 3102 1591 3157 Et
1614 3103 1791 3160 obsederunt
1816 3106 1847 3160 in

127 3189 277 3262 positione
306 3189 394 3260 juxta
419 3187 548 3244 litteram
576 3201 639 3244 uon
666 3185 809 3258 indigent.
840 3188 962 3261 Oportet
1014 3207 1092 3264 puro
1106 3190 1335 3248 tabennensium
1351 3205 1458 3248 meum.
1474 3221 1510 3231 -
1524 3190 1556 3247 ln
1567 3205 1642 3264 gyro
1653 3191 1734 3248 enim
1749 3191 1846 3250 tuber·

127 3292 197 3350 ergo
213 3281 315 3352 utpsr
327 3291 434 3333 sensus
447 3275 556 3334 debeat
568 3275 711 3350 mysticos
731 3274 913 3346 investigari,
929 3273 961 3331 id
1015 3277 1160 3337 naculum
1182 3277 1332 3342 obsident,
1357 3278 1481 3352 quando
1502 3293 1538 3337 ax
1558 3280 1641 3337 omui
1669 3280 1761 3338 latere
1786 3281 1848 3338 suis

127 3372 181 3438 est,
193 3366 314 3440 justitia
327 3365 367 3423 ab
381 3364 509 3422 infirmis
523 3364 625 3423 ablata
635 3368 690 3437 est,
706 3380 775 3437 qum
787 3364 826 3421 ab
840 3363 883 3422 eis
906 3379 960 3421 au·
1015 3367 1229 3426 tentationibus
1252 3372 1386 3425 mentem
1398 3367 1532 3440 cingunt,
1548 3385 1616 3442 quae
1629 3374 1729 3430 tamm
1742 3371 1846 3438 verba,

127 3456 195 3514 terri
208 3469 274 3514 nou
286 3454 393 3528 possit,
410 3452 465 3511 sed
474 3453 585 3511 idcirco
595 3454 694 3528 potuit
707 3451 778 3520 tolli,
791 3451 864 3526 quia
877 3467 961 3510 more
1015 3461 1049 3516 ut
1059 3459 1125 3531 jam
1139 3458 1344 3532 praediximus.
1360 3458 1450 3516 beato
1463 3458 1529 3526 lob,
1549 3459 1640 3516 etiam
1650 3461 1737 3532 juxta
1757 3461 1848 3518 histo·

126 3543 298 3603 vestimenti
311 3543 440 3601 exterim
463 3542 600 3601 acuent.
626 3545 691 3610 Qua
714 3541 746 3598 in
769 3557 802 3598 re
828 3557 961 3616 quaeren-
1015 3548 1101 3616 riam,
1118 3552 1297 3620 congruunt,
1312 3547 1364 3621 qui
1377 3547 1452 3606 dum
1462 3547 1543 3606 mala
1558 3565 1626 3622 quae
1641 3549 1771 3622 pertulit,
1778 3555 1847 3609 aute

127 3635 201 3694 dum
215 3632 426 3708 estquomodo
442 3637 553 3693 sauctae
578 3632 716 3690 Ecclesia
739 3631 879 3690 membra
901 3631 961 3689 dici
1015 3637 1119 3696 oeulos
1133 3637 1292 3710 congessit,
1308 3653 1371 3696 non
1384 3638 1474 3711 quasi
1493 3637 1599 3708 titium,
1616 3639 1670 3697 sed
1686 3641 1774 3714 quasi
1794 3641 1847 3698 bo-

127 3725 250 3784 raleant
270 3724 324 3799 qui
345 3727 508 3798 potueruut
530 3723 677 3796 justitiam
702 3722 838 3796 perdere,
866 3737 960 3796 quam
1016 3733 1091 3786 stem
1106 3741 1285 3801 percussum
1299 3743 1330 3784 se
1343 3743 1408 3786 esse
1420 3727 1572 3785 indicavit.
1587 3732 1640 3786 Per
1653 3730 1847 3803 quemetium

127 3818 228 3874 unere
242 3813 432 3872 videbantur.
453 3812 512 3872 Sed
536 3811 694 3870 solendum
721 3815 766 3869 est
794 3809 878 3885 quod
901 3810 963 3884 ple·
1017 3817 1073 3874 sibi
1087 3816 1218 3873 latrones
1233 3817 1299 3888 ejus
1314 3815 1395 3872 viam
1405 3815 1547 3884 lecerunt,
1564 3818 1636 3890 quia
1651 3817 1777 3889 maligni
1791 3819 1848 3892 spi-

126 3917 288 3979 rumquee
302 3900 446 3958 membris
459 3901 527 3973 ejus
541 3899 764 3958 infirmantibus
785 3898 900 3970 iustitia
922 3898 962 3956 ad
1015 3905 1089 3962 ritus
1102 3909 1206 3962 contra
1227 3919 1297 3960 eum
1320 3903 1471 3960 licentiam
1491 3905 1695 3976 percussionis
1718 3921 1846 3980 accepe-
1906 3957 1912 3972 ,

113 3997 250 4067 -tempus
281 3989 434 4057 amittitur,
463 3988 517 4045 sed
544 4003 598 4061 per
627 3987 830 4058 cognitionem
866 3987 962 4060 culpe
1016 3997 1095 4052 runt.
1110 3991 1847 4066 Cujusingyrotabemaculumobsiderunt,quie,

124 4079 327 4156 postmodum
342 4076 597 4151 edpoenitentiam
620 4077 755 4144 redeunt,
783 4091 910 4149 seseque
924 4075 963 4132 ad
1018 4080 1145 4140 sublatis
1159 4079 1249 4136 rebus
1263 4084 1293 4136 et
1301 4079 1380 4148 filiis,
1392 4079 1483 4136 etiam
1494 4095 1603 4152 corpus
1611 4081 1676 4152 ejus
1687 4097 1777 4139 omne
1788 4082 1850 4138 vul·

124 4169 273 4230 eamdem
298 4166 444 4241 justitiam
470 4165 575 4224 fortius
602 4181 698 4240 quam
723 4163 901 4222 credebatur
918 4181 963 4222 as·
1017 4165 1141 4223 neribus
1155 4166 1337 4223 attriverunt.
1353 4165 1411 4223 Sed
1425 4165 1536 4223 mirum
1552 4165 1639 4224 valde
1653 4172 1709 4238 est,
1721 4184 1790 4225 erim
1807 4171 1850 4226 lo·

125 4261 273 4332 triugunt.
286 4257 444 4333 Sequitur:
459 4257 497 4314 Et
511 4255 637 4314 obstulit
651 4268 793 4312 coronam
815 4254 852 4311 de
866 4255 999 4362 capiteD
1019 4261 1118 4314 troues
1137 4254 1257 4324 diceret,
1280 4271 1334 4312 cur
1357 4254 1473 4313 addidit
1487 4257 1561 4326 ejus.
1588 4257 1622 4313 Ut
1643 4256 1779 4316 videlieet
1798 4274 1847 4316 eo-

127 4365 200 4410 meo.
220 4381 255 4391 -
270 4348 351 4408 Sicut
364 4351 456 4422 caput
470 4346 604 4420 corporis
630 4343 729 4420 prima
751 4359 823 4418 pars
842 4349 898 4415 est,
922 4343 963 4400 ita
1019 4345 1105 4403 sdem
1118 4345 1248 4403 latrones
1264 4345 1314 4402 bei
1329 4361 1394 4402 esse
1403 4349 1593 4416 monstraret,
1611 4347 1668 4405 Sed
1681 4347 1752 4421 quia
1767 4348 1848 4406 ineis

116 4437 295 4513 principale
308 4435 456 4494 interioris
468 4434 696 4492 hominismens
705 4433 884 4491 estcorona
893 4448 963 4490 vero
1018 4441 1048 4493 et
1060 4435 1198 4493 voluntas
1212 4435 1324 4508 injusta
1337 4439 1391 4507 est,
1407 4440 1437 4493 et
1450 4441 1584 4509 potestas
1597 4437 1690 4510 justa,
1707 4442 1736 4495 et
1758 4438 1849 4496 latro-

130 4527 261 4587 victorita
274 4524 434 4602 praemium
449 4527 506 4597 est,
521 4523 605 4598 quod
619 4522 750 4597 desuper
773 4522 905 4596 ponitur,
931 4525 963 4578 ut
1018 4541 1072 4583 nes
1086 4525 1227 4582 dicuntur
1241 4525 1320 4598 ejus,
1334 4530 1363 4582 et
1379 4525 1439 4582 boi.
1461 4526 1519 4584 Sed
1533 4526 1615 4600 quia,
1630 4532 1662 4583 ut
1685 4543 1764 4601 supe
1784 4529 1849 4601 jam

128 4617 179 4691 qui
193 4613 351 4676 certamrit
364 4617 581 4671 remuneretur.
598 4611 674 4680 Ouia
684 4627 756 4682 ergo
768 4610 964 4669 multiadrcr-
1018 4612 1160 4679 diximus,
1176 4617 1298 4670 sanctus
1314 4612 1358 4669 vir
1375 4612 1491 4686 positus
1505 4612 1651 4670 indolere
1677 4629 1849 4687 poenarum,

129 4705 269 4764 sitatibus
280 4702 376 4779 pressi
390 4701 514 4760 minime
528 4701 559 4760 in
573 4699 965 4774 certamineperdurant‚in
1018 4701 1111 4758 modo
1135 4701 1209 4772 suis,
1234 4701 1327 4758 modo
1347 4701 1494 4768 Ecclesiae,
1524 4701 1617 4757 modo
1645 4701 1850 4774 Redemptoris

130 4793 171 4852 'eis
181 4797 290 4852 sancta
305 4791 435 4850 Ecclesia
448 4791 537 4866 quasi
551 4791 589 4848 de
603 4790 700 4864 capite
716 4805 861 4847 coronam
881 4789 966 4848 amit·
1018 4789 1110 4846 nostri
1126 4787 1253 4845 vocibus
1265 4788 1367 4853 utitur,
1378 4791 1407 4845 et
1420 4787 1597 4861 plerumque
1612 4787 1654 4844 sic
1669 4804 1724 4846 sua
1738 4795 1849 4864 narrat,

118 4882 174 4941 tit.
193 4886 315 4942 Corona
330 4880 443 4956 quippo
457 4881 489 4937 iu
503 4879 600 4954 capite
615 4881 660 4936 est
677 4881 809 4952 superna
830 4893 967 4935 romane·
1019 4881 1165 4935 attamen
1180 4893 1234 4951 por
1249 4881 1366 4950 typum,
1381 4893 1418 4935 oa
1430 4892 1498 4950 quse
1511 4881 1581 4933 sunt
1593 4881 1702 4935 sancte
1714 4879 1850 4939 Ecclesia

129 4971 204 5030 ratic
227 4987 250 5028 u
265 4973 376 5028 mente.
397 4971 431 5026 Et
448 4973 517 5026 suut
530 4967 665 5043 plerique
679 4966 818 5042 quidum
837 4967 968 5026 advorsi·
1020 4981 1056 5022 ac
1075 4964 1282 5039 Redemptoris
1303 4965 1397 5022 nostri
1417 4963 1559 5039 proferat,
1584 4968 1751 5041 postposita
1778 4985 1851 5027 cura

130 5062 244 5122 tau'bus
258 5059 433 5131 affliguntur
453 5073 585 5134 superna
606 5056 732 5132 praemia
758 5056 889 5128 cogitare
915 5073 967 5114 ne·
1019 5055 1160 5125 uisurie,
1173 5054 1326 5128 paulisper
1340 5053 1371 5110 in
1384 5053 1432 5110 bis
1450 5071 1519 5128 quas
1534 5055 1699 5129 subjungit,
1724 5059 1851 5131 qualiter

132 5149 261 5222 gligimt,
289 5153 319 5207 et
344 5149 383 5208 ad
411 5147 624 5223 perfectionem
651 5145 782 5204 victoria
810 5147 967 5220 parvenire
1021 5142 1227 5216 Redemptoris
1240 5143 1332 5199 nostri
1347 5141 1471 5200 vocibus
1485 5151 1642 5216 congruat,
1668 5146 1851 5202 demonstre

131 5253 194 5298 uon
208 5242 349 5316 possunt.
366 5238 398 5295 ln
411 5238 458 5295 his
480 5237 581 5312 itaque
604 5251 717 5294 corona
738 5235 777 5291 de
801 5236 897 5309 capite
912 5251 967 5293 au·
1021 5248 1100 5290 mus.
1118 5231 1277 5304 Sequitur:

132 5328 235 5402 tertur,
258 5328 331 5405 quia
346 5343 513 5402 supernum
534 5329 564 5383 et
587 5325 720 5400 spiritale
743 5323 902 5398 praemium
930 5324 968 5382 de
1057 5323 1141 5378 Vsus.
1157 5320 1200 5378 13.
1214 5321 1338 5379 lintres
1353 5339 1430 5381 meos
1446 5325 1534 5396 louge
1545 5323 1619 5394 fecit
1635 5337 1654 5377 o
1668 5334 1714 5375 me
1737 5323 1763 5374 et
1787 5319 1852 5377 uoti

132 5419 242 5477 manus
255 5415 435 5490 cogitatione
448 5413 567 5471 tollitur.
579 5413 630 5470 Vel
642 5417 719 5471 certe
732 5416 824 5485 caput
832 5410 967 5469 fidolium
1021 5411 1080 5468 mei
1092 5411 1181 5482 quusi
1193 5411 1288 5470 otieui
1299 5417 1483 5470 recesserunt
1503 5426 1522 5467 a
1535 5425 1591 5464 me.
1611 5437 1646 5448 -
1669 5407 1728 5462 ltoc
1743 5407 1850 5464 melius

133 5521 195 5562 non
225 5505 375 5564 immerito
409 5501 579 5560 sacerdotes
611 5501 786 5576 accipimus,
816 5500 869 5574 qui
898 5515 968 5574 pars
1022 5492 1852 5571 ostendimus,sitoaunisadmediumtestimonlumpro

133 5595 343 5654 membrorum
365 5589 483 5652 nomini
504 5587 630 5664 prumia
653 5595 732 5648 sunt.
756 5589 839 5648 Unde
864 5593 893 5646 at
915 5605 969 5663 per
1024 5587 1296 5664 ieramus,quiait:
1310 5591 1366 5646 «tu
1382 5582 1504 5659 propria
1518 5581 1851 5652 veuitetsuieumnou

332 5685 455 5740 Parnon.
476 5681 611 5738 Cllllltltt.
1655 5675 1672 5727 9
