4110 6138
100 157 153 214 ιιι
493 163 538 218 DE
557 164 647 218 viis·
657 163 686 220 S.
706 162 859 220 emnem
878 161 1015 220 cotllt'ts
1035 163 1212 224 sustulit.
1230 195 1267 210 ·-
1285 167 1350 224 ΗΒ.
1371 171 1404 224 ΙΙ.
1758 173 1810 232 680

100 281 237 354 quirens,
249 282 357 355 reperit
371 283 456 356 quod
467 283 517 342 illa
541 285 589 342 die
604 285 787 356 migraverit,
803 299 866 359 qua
879 285 927 342 ille
943 290 968 344 Α
984 287 1130 346 niendnm
1149 269 1270 364 'nepoti
1298 289 1485 349 Raimundus
1511 297 1612 351 autem
1644 295 1811 369 protelabat

100 385 207 428 vocem
221 371 252 426 in
267 385 337 428 acra
350 373 474 430 audivit.
983 391 1107 434 causam
1117 379 1272 448 reddendi,
1289 379 1369 436 elam
1384 383 1524 450 satagens
1554 384 1745 442 Benedictum
1760 386 1811 443 ds·

135 461 222 516 iiiivl.
234 460 357 534 Expleta
371 467 471 518 autem
484 467 595 520 sauctae
612 479 676 520 sues
689 463 855 520 devotionis
881 463 927 519 iti-
982 481 1044 522 nuo
1058 481 1175 540 capere,
1188 473 1217 525 et
1231 469 1338 526 ambos
1347 473 1458 525 tenore.
1474 473 1541 527 lam
1556 477 1670 546 septem
1691 489 1811 534 menses

99 563 180 618 nere,
212 549 276 621 jann
306 551 463 608 secretiora
488 551 555 608 loca
584 553 775 638 frequentare
799 553 928 610 delecta·
982 554 1238 628 duxerant,etvir
1253 558 1370 615 Domini
1382 557 1529 616 Gereldus
1543 560 1574 617 in
1589 563 1740 637 ereptione
1760 579 1811 622 ne·

99 637 163 708 bat,
192 639 280 713 quasi
307 655 413 696 vocem
440 640 522 697 illam
542 643 704 700 Psalmistve
717 647 848 716 secutus,
866 657 929 716 qua
982 643 1061 717 potis
1087 645 1162 702 nibil
1187 645 1333 719 prolicere
1359 649 1486 720 poteret.
1516 649 1654 714 Quadam
1669 667 1740 709 vero
1762 651 1811 712 dis

99 727 195 785 dicit:
210 729 364 800 Elocpcvi
386 730 516 801 sapiens.
542 738 570 788 et
595 735 695 790 mansi
710 735 742 789 in
768 733 929 790 solitudine
983 749 1052 789 cum
1068 749 1170 791 sorore
1192 735 1452 806 suaevigernade
1467 737 1525 794 bac
1548 751 1579 794 re
1602 740 1692 812 quasi
1711 739 1810 815 queri·

99 817 195 889 (Psoi.
211 831 267 874 ιιι.
282 818 318 889 8).
334 817 376 874 lbi
391 819 471 875 enim
491 835 509 876 a
534 821 722 877 saecularium
750 821 927 894 frequentia,
983 822 1117 880 moniam
1132 823 1244 882 iaciens
1259 841 1266 880 :
1284 824 1360 891 Quid
1375 825 1416 893 ιιι,
1428 823 1535 898 inquit,
1548 827 1811 891 cessas‘cbristum

100 908 147 964 vel
167 921 329 964 causarum
350 909 474 982 strepitu
492 911 647 984 quiescere
669 911 799 978 volebat,
813 910 928 968 utlibe-
983 911 1114 984 proillio
1130 917 1180 969 tuo
1198 913 1381 988 deprecari?
1404 919 1481 970 certe
1495 919 1548 972 aut
1561 929 1618 972 nos
1633 915 1664 972 in
1686 915 1746 972 fida
1757 917 1812 972 du·

99 995 161 1052 rius
175 995 286 1054 divinae
301 997 434 1054 servituti
448 1005 577 1056 vacaret.
593 1003 668 1056 Cum
687 1001 787 1073 itaque
802 1000 860 1056 sub
872 1001 929 1056 boc
982 1000 1123 1069 bitamus,
1138 1007 1199 1074 aut,
1216 1003 1299 1076 quod
1312 1003 1408 1059 varius
1419 1009 1472 1070 est,
1488 1003 1624 1061 exaudiri
1638 1003 1730 1076 digni,
1748 1019 1812 1062 non

97 1085 222 1142 obtentu
251 1085 335 1158 apud
363 1087 510 1160 capeliam
538 1103 605 1160 quae
630 1087 738 1144 dicitur
762 1087 929 1146 catuserias
984 1105 1099 1147 sumus.
1114 1093 1146 1148 Et
1172 1092 1235 1149 bec
1249 1092 1362 1162 dicens,
1392 1091 1597 1152 resolvebatur
1609 1093 1641 1150 in
1658 1093 1809 1168 lacrymis.

98 1175 316 1242 demoraretur,
352 1173 495 1232 {estivitas
513 1177 635 1232 loannis
663 1183 692 1233 et
717 1177 798 1233 Pauli
826 1192 929 1250 super·
984 1181 1186 1253 Quoqurdem
1211 1185 1356 1256 tempore,
1386 1182 1569 1252 medullitus,
1594 1181 1681 1240 utitc
1699 1183 1810 1256 dicam,

98 1263 189 1319 venit.
216 1263 362 1330 Quaedam
389 1269 490 1322 autem
514 1266 667 1322 rusticana
694 1265 801 1322 muller
825 1265 928 1322 hortu·
983 1285 1047 1325 sese
1060 1271 1187 1326 Domino
1201 1271 1232 1326 in
1246 1271 1387 1343 precibus
1398 1271 1593 1345 mancipavit.
1606 1273 1639 1329 Et
1651 1272 1812 1330 adbuciio

98 1353 161 1410 lum
193 1353 337 1424 ingressa,
362 1354 463 1410 nescio
489 1354 563 1428 quid
584 1355 775 1428 operabatur,
802 1369 872 1411 cum
885 1370 929 1410 re·
982 1356 1099 1414 dulium
1123 1358 1266 1416 abbatem
1285 1359 1380 1416 semel
1404 1359 1444 1416 ed
1469 1360 1673 1417 itaimundum
1695 1360 1811 1430 direxit,

98 1447 187 1514 pente
200 1441 322 1512 grandis
335 1446 419 1511 gutta
434 1441 590 1512 sanguinis
606 1457 696 1516 super
708 1455 833 1499 manum
848 1442 927 1498 illius
981 1446 1034 1518 qui
1053 1447 1183 1504 necdum
1208 1449 1332 1521 quidem
1346 1448 1492 1521 prolicere
1506 1449 1675 1522 quidquam
1694 1449 1811 1521 valens,

98 1531 249 1604 apparuit,
276 1547 345 1604 quse
369 1547 440 1590 mox
471 1533 668 1589 intumescere
689 1533 787 1605 ooepit.
809 1535 926 1588 Treme-
982 1535 1219 1606 baudlongeed
1246 1542 1380 1593 meatum
1408 1542 1614 1594 reversusest.
1639 1541 1812 1596 Noetevero

98 1620 177 1677 iacta
191 1619 298 1676 mulier
312 1621 349 1677 ad
368 1622 416 1676 ilci
431 1621 583 1678 bominem
613 1622 731 1692 ejulans
743 1622 882 1692 cucurrit,
898 1626 961 1706 et3
982 1623 1118 1681 insecuta
1136 1625 1278 1699 predicto
1293 1625 1462 1682 Raimnndo
1475 1641 1529 1700 per
1548 1627 1700 1683 somnium
1731 1627 1812 1683 vide·

97 1709 258 1766 ostendens
268 1725 405 1775 manum,
421 1711 555 1768 misereri
575 1711 631 1766 sibi
654 1711 790 1781 rogabat.
818 1715 854 1768 at
878 1711 926 1768 ilia
981 1713 1080 1780 batur,
1093 1715 1176 1786 quod
1191 1713 1235 1770 vir
1248 1713 1365 1772 Domini
1380 1714 1524 1771 Geraldus
1539 1719 1607 1771 anta
1622 1716 1688 1786 ejus
1701 1715 1812 1772 lectum

98 1799 234 1870 protinus
248 1799 371 1856 clericos
386 1801 502 1868 adesse,
516 1800 699 1872 missamque
721 1816 776 1874 pro
790 1815 826 1856 ea
850 1801 926 1856 cele·
983 1807 1084 1872 staret,
1098 1819 1228 1876 eumque
1240 1819 1333 1860 manu
1347 1803 1519 1877 pulsaverit.
1547 1802 1634 1872 Quid,
1660 1803 1811 1877 inquiens,

95 1886 178 1944 brari
188 1885 283 1960 jubet,
295 1889 403 1944 debinc
418 1903 532 1961 aquam
546 1887 715 1955 exorcizari,
726 1893 754 1944 et
769 1889 806 1944 de
821 1888 928 1944 eedem
982 1894 1014 1946 ιιι
1028 1905 1089 1946 non
1099 1891 1186 1948 audis
1200 1907 1250 1948 me
1265 1896 1350 1948 toties
1364 1891 1601 1965 deprecantem?
1625 1895 1708 1951 Corte
1721 1892 1808 1962 scias,

96 1991 179 2048 equa
207 1981 323 2046 guttam
347 1976 502 2047 sanguinis
526 1975 635 2043 ablui;
666 1992 735 2032 cum
750 1981 850 2032 tamen
865 1976 928 2049 ipse
982 1980 1128 2052 quoniam
1143 1979 1168 2035 si
1189 1979 1266 2037 ultra
1281 1980 1411 2036 tenueris
1440 1980 1588 2046 obsidem,
1613 1995 1810 2055 nequaquam

94 2063 378 2120 humilitatiscausa
393 2080 529 2120 seorsum
545 2063 653 2140 stabat,
668 2063 792 2120 naiorte
814 2063 929 2120 virtutis
983 2067 1047 2124 tibit
1059 2067 1144 2124 cadet
1158 2068 1189 2124 in
1199 2083 1390 2141 prosperum.
1407 2072 1474 2125 Post
1489 2069 1554 2125 berc
1565 2069 1658 2128 verba
1670 2071 1812 2127 Raimun·
1906 2112 1912 2127 .

93 2151 178 2208 iliius
194 2152 314 2224 signum
328 2154 354 2210 ei
367 2153 569 2227 deputaretur.
586 2155 620 2209 Ut
630 2157 730 2208 autem
740 2168 928 2209 manusmu·
982 2156 1040 2212 dus
1054 2155 1279 2230 expergefactus
1303 2161 1357 2227 est,
1381 2161 1411 2213 at
1436 2156 1633 2214 considerans
1652 2157 1812 2230 visionem,

93 2241 176 2297 lieris
191 2241 294 2300 abluta
306 2248 361 2312 est,
373 2243 452 2299 illico
468 2243 591 2314 sanguis
604 2249 633 2299 et
647 2248 747 2299 tumor
770 2243 927 2315 disparuit,
983 2243 1155 2302 intremuit:
1172 2243 1350 2318 vocavitque
1377 2259 1461 2316 suos,
1477 2250 1505 2302 et
1532 2245 1607 2318 quid
1621 2245 1814 2304 somniaverit

95 2335 127 2387 et
141 2329 192 2386 ilia
204 2345 279 2388 sana
299 2332 428 2388 recessit.
982 2333 1134 2391 indicavit.
1146 2335 1221 2390 Nam
1233 2337 1261 2390 et
1274 2333 1401 2406 quidam
1413 2349 1450 2390 cx
1460 2333 1533 2407 ipsis
1545 2345 1700 2407 perquem
1715 2333 1813 2392 mari·

134 2421 235 2477 xxvii.
263 2423 340 2477 Sane
367 2419 440 2493 quia
464 2418 550 2476 locus
575 2419 632 2488 ille,
662 2419 738 2476 sicut
761 2435 831 2475 sum
855 2419 928 2476 velie
982 2437 1031 2478 me
1055 2437 1151 2495 usque
1181 2427 1251 2479 tunc
1278 2422 1452 2479 adversatus
1483 2421 1590 2492 iuerat,
1615 2423 1717 2479 nescio
1750 2438 1814 2497 qua

95 2509 279 2579 dixeramus,
293 2511 435 2568 remotior
449 2513 503 2580 est,
532 2513 562 2566 et
589 2513 729 2580 secretus,
758 2509 929 2583 frequenter
981 2527 1074 2569 causa
1089 2511 1222 2568 simditer
1235 2511 1390 2568 exterritus
1410 2511 1623 2585 persuadebat,
1639 2517 1671 2569 ut
1698 2513 1814 2586 petitio·

95 2599 372 2657 inibimansitabat.
387 2599 929 2672 cumigiturquedamvieeAssump
981 2615 1050 2658 nem
1078 2600 1183 2658 domni
1213 2599 1331 2658 Geraldi
1356 2600 1491 2657 concitas
1518 2599 1628 2658 iaceret
1651 2601 1813 2674 :alioquin

95 2689 211 2746 tionem
227 2693 336 2745 sanctas
350 2688 399 2744 ilci
418 2689 568 2759 genitricis
584 2688 680 2746 itariae
695 2687 777 2761 apud
788 2688 927 2744 eamdem
981 2689 1170 2747 moriendum
1196 2689 1252 2746 iliis
1276 2705 1342 2746 esse
1366 2695 1593 2748 commemorat.
1623 2690 1812 2748 Raimundus

95 2777 256 2834 ecelesiam
279 2777 468 2845 celebrasset,
497 2776 659 2832 missarum
684 2776 837 2832 solemniis
862 2775 928 2847 Jam
982 2779 1139 2836 confestim
1149 2779 1187 2836 ad
1199 2779 1363 2852 hospitium
1375 2779 1493 2836 itodulfl
1503 2777 1623 2836 abbatis
1634 2778 1811 2849 benemisit,

95 2866 233 2940 expletis,
244 2866 325 2923 iores
337 2867 378 2924 ed
393 2881 464 2923 suos
478 2865 558 2922 exiit.
574 2869 634 2922 ilos
648 2865 761 2939 quippe
779 2865 926 2934 siluerat,
955 2853 961 2862 ’
981 2883 1112 2941 eumque
1126 2869 1223 2926 redire
1237 2867 1336 2939 jussit.
1357 2870 1420 2932 Quo
1448 2867 1592 2924 redeunte
1614 2866 1743 2940 qualitor
1766 2867 1812 2924 vir

97 2961 131 3012 ιιι
144 2961 213 3030 post
225 2955 331 3027 longas
348 2973 383 3014 ac
395 2958 484 3029 juges
499 2971 616 3029 preces,
633 2955 674 3012 ad
687 2969 850 3011 commune
865 2954 925 3011 elo·
941 3009 962 3064 G
982 2957 1098 3016 Domini
1114 2973 1147 3016 se
1161 2971 1215 3030 per
1229 2957 1327 3013 visum
1342 2960 1496 3025 terruerat,
1512 2955 1614 3030 palam
1637 2955 1787 3014 enarravit
1802 2971 1809 3013 ι

94 3045 204 3119 quium
233 3059 297 3102 sese
321 3046 494 3119 impertiret,
520 3049 553 3102 ut
566 3044 704 3116 quisquis
717 3042 836 3100 dicendi
858 3059 928 3100 ceu·
980 3046 1118 3104 obsidem
1144 3045 1224 3104 illico
1249 3044 1387 3112 reddidit,
1401 3049 1431 3101 et
1444 3049 1477 3100 ut
1489 3043 1618 3116 gratiam
1630 3043 1736 3100 domni
1752 3045 1807 3100 Ge·

94 3151 164 3192 sam
180 3135 312 3204 baberet,
323 3133 466 3208 loquendi
478 3149 601 3207 quoque
615 3132 845 3206 possibilitatem
871 3131 926 3189 ob-
981 3137 1056 3194 raldi
1066 3135 1123 3192 sibi
1133 3133 1277 3192 Rodulius
1287 3133 1517 3201 reconciliasset,
1542 3131 1694 3189 humiliter
1707 3136 1811 3206 postu·

94 3223 212 3282 sineret.
227 3227 301 3282 cnm
321 3237 393 3294 ergo
416 3223 456 3280 ad
477 3237 548 3280 suos
576 3222 693 3286 exisset,
721 3215 859 3294 quidem,
874 3221 927 3295 qui
979 3225 1061 3284 lavit.
1079 3229 1121 3283 lta
1132 3223 1278 3282 (teraldus
1293 3223 1491 3297 perdivinum
1507 3221 1654 3280 auxiium
1669 3221 1812 3295 prerde·

93 3313 305 3390 preparandis
327 3314 401 3370 cibis
428 3316 564 3387 praeerat,
590 3311 629 3368 ad
654 3327 725 3368 eum
738 3311 828 3367 dixit:
847 3311 926 3367 Tris·
979 3316 1043 3387 bat,
1056 3321 1091 3374 ,et
1105 3313 1273 3372 secundum
1291 3313 1366 3370 illud
1381 3311 1551 3387 scripture,
1566 3311 1712 3383 gloriosos
1728 3315 1810 3370 ιιιιιι

93 3409 208 3472 tamur,
225 3403 359 3474 bomine,
371 3401 568 3476 quoniamad
584 3405 713 3458 vestram
734 3399 926 3457 reiectionem
980 3404 1169 3464 humiliabat.

94 3492 227 3565 reperire
245 3492 275 3549 in
303 3493 360 3548 bac
388 3491 574 3547 solemnitate
602 3505 663 3546 nou
676 3503 851 3564 possumus,
868 3487 926 3545 nisi
1014 3495 1100 3552 xxlx.
1115 3491 1254 3560 Quodam
1275 3491 1380 3548 itidem
1398 3495 1543 3564 tempore,
1569 3505 1640 3548 cum
1664 3489 1704 3548 ad
1718 3489 1810 3548 collo-

96 3595 204 3638 carncs
218 3580 329 3638 salites
344 3584 381 3636 At
393 3579 441 3636 iilo
463 3595 471 3634 1
494 3583 534 3635 Ns
547 3578 593 3642 sil.
609 3577 715 3652 inquit,
731 3575 817 3634 vobis
835 3591 924 3644 eutae.
978 3585 1085 3659 quium
1096 3582 1232 3655 eiusdem
1243 3579 1405 3639 uaimundi
1421 3580 1538 3638 comitis
1553 3583 1738 3654 properaret,
1754 3579 1810 3637 tiu·

94 3671 171 3745 quia
186 3670 211 3727 si
226 3669 276 3726 Dei
287 3669 420 3740 genitrici
430 3667 570 3741 placeret,
586 3681 685 3740 neque
708 3667 766 3723 hoc
790 3666 880 3724 nobis
894 3665 926 3722 in
978 3674 1037 3742 vio,
1049 3673 1102 3747 qui
1114 3669 1406 3740 Avarionusdicitnr,
1418 3668 1680 3744 appropinquans,
1695 3668 1808 3726 mentio

94 3762 163 3833 eius
176 3760 251 3818 losio
265 3759 391 3816 deesset·
410 3758 537 3824 Dixerat,
553 3761 582 3814 sl
591 3755 630 3813 de
643 3771 729 3830 lupe,
746 3771 814 3829 [11¹ae
827 3755 926 3812 sidem
978 3762 1082 3819 incidit
1096 3759 1181 3834 quod
1194 3757 1245 3816 illa
1259 3758 1307 3815 die
1319 3757 1434 3831 piscem
1448 3757 1489 3814 ad
1501 3771 1588 3814 asum
1598 3769 1662 3813 non
1672 3756 1807 3814 baberet.

92 3850 165 3908 loco
179 3849 326 3919 imminet,
338 3863 445 3904 cervus
459 3861 527 3902 ⁸0⁵0
541 3844 746 3919 praetipilavil·
763 3843 927 3910 Ouem'ml·
979 3852 1012 3908 iii
1022 3865 1093 3908 vero
1103 3851 1155 3922 qui
1171 3845 1281 3904 seniori
1295 3845 1667 3912 obambulabant,cumde
1681 3845 1739 3901 boc
1750 3859 1810 3902 ιιι·

94 3939 183 3996 nistri
206 3938 372 4010 gaudemm
393 3936 503 4011 pariter
528 3941 557 3991 st
569 3934 712 3991 mirantes
737 3933 876 3998 tulerunt.
898 3934 927 3988 el
978 3941 1211 4000 macinarentur,
1225 3933 1483 4007 videruntpiscam
1496 3935 1548 4007 qui
1561 3933 1661 4004 capito
1671 3935 1806 3990 vocatur.

93 4027 178 4096 inde.
192 4029 268 4086 sicut
280 4031 350 4084 tuuc
362 4041 521 4084 cervorum
535 4039 605 4080 earo
619 4023 787 4096 temporina
809 4025 862 4090 est.
876 4020 927 4078 ce-
979 4033 1083 4087 eonua
1097 4041 1128 4082 se
1142 4029 1255 4082 neum.
1273 4027 1354 4080 unus
1371 4027 1483 4088 auam,
1500 4019 1552 4094 qut
1567 4019 1625 4077 noc
1638 4021 1742 4094 ipsum
1760 4035 1807 4078 re·

92 4118 221 4175 lienium
235 4115 369 4174 edulium
379 4114 489 4172 seniori
503 4116 694 4186 paraverunt·
719 4115 819 4184 Neque
845 4109 926 4167 enim
979 4118 1043 4186 lert,
1057 4115 1188 4172 extendit
1203 4111 1375 4182 dragulum,
1391 4115 1419 4168 et
1432 4109 1601 4167 vulneravit
1614 4109 1738 4183 piscem.
1751 4107 1808 4177 oui

94 4205 273 4264 incredibile
288 4204 491 4274 dssffllvidefiv
520 4201 605 4276 qu⁰d
633 4199 926 4271 0idill¹1³l⁸lssll⁸⁸
979 4210 1103 4280 accepto
1125 4203 1249 4260 vulnere
1271 4200 1429 4275 paululum
1455 4203 1620 4257 retroactus
1647 4198 1746 4272 ripam
1767 4197 1808 4256 ed

95 4297 201 4354 οιιιιιιιι
219 4311 257 4353 ex
270 4293 436 4369 improvisu
451 4291 640 4363 concesserit,
663 4305 733 4348 cum
750 4289 799 4346 ille
822 4289 861 4346 sd
874 4287 926 4344 Dei
978 4309 1072 4370 quam
1100 4297 1189 4351 antea
1218 4289 1370 4358 undabat,
1398 4289 1506 4346 ilerum
1529 4287 1655 4362 repetiit,
1670 4291 1808 4346 moratus

96 4385 332 4458 glorism,juxta
342 4381 530 4458 Apostolum,
541 4379 662 4452 latiens,
676 4379 827 4437 bucellam
837 4393 926 4435 11111111
978 4399 1140 4460 quousque
1152 4397 1222 4440 eum
1237 4396 1315 4438 unus
1325 4383 1447 4436 extensa
1462 4394 1556 4436 manu
1569 4375 1807 4451 comprehendit.

96 4491 170 4532 cum
184 4473 370 4548 pauperibus
382 4471 570 4530 comedebat.
595 4469 652 4536 Qui
665 4484 836 4542 nunquam,
851 4467 927 4524 sicut
979 4472 1140 4531 Eratenim
1168 4485 1229 4527 non
1257 4481 1359 4542 parvae
1380 4466 1609 4539 magnitudinis.
1634 4467 1738 4539 itaque
1766 4463 1810 4522 vir

97 4563 216 4621 alumni
229 4563 295 4635 ejus
307 4565 469 4636 praesentes
483 4561 672 4622 attestantur,
687 4573 793 4615 aurem
805 4571 927 4614 suamc
979 4561 1097 4620 nomini
1111 4559 1222 4631 gratias
1233 4559 1295 4615 Deo
1309 4555 1451 4627 referens,
1466 4559 1601 4621 caeteros,
1616 4554 1670 4626 qui
1695 4553 1754 4610 boc
1776 4555 1810 4608 ut

96 4654 232 4711 elamore
250 4651 391 4726 pauperis
406 4649 566 4709 evenerat.
584 4649 640 4716 Qui
653 4647 790 4704 videlieet
804 4649 926 4703 metus
980 4649 1160 4708 musculum
1199 4645 1389 4712 excolebant,
1426 4657 1617 4715 compescere
1658 4639 1808 4709 armabat,

94 4743 185 4816 juxta
199 4741 273 4798 iilud
286 4739 470 4798 Psalmlstra:
486 4738 665 4810 doctusqui
682 4737 825 4808 inlelligit
838 4750 928 4806 super
980 4738 1067 4813 quasi
1077 4737 1108 4793 id
1117 4735 1240 4793 fortuitu
1254 4731 1436 4802 contigisset.
1451 4731 1483 4786 lit
1506 4729 1581 4785 iorte
1602 4727 1711 4802 aliquis
1727 4725 1811 4784 iateri

96 4847 225 4902 mosum
240 4837 267 4889 et
281 4845 443 4902 pauperem
460 4829 553 4895 (Ptol.
566 4843 614 4898 xa,
627 4831 666 4900 ι),
682 4841 752 4884 cum
765 4839 855 4883 voces
869 4823 928 4882 cla·
980 4831 1087 4902 potest,
1104 4824 1187 4900 quod
1203 4821 1284 4880 istud
1296 4835 1369 4878 casu
1387 4819 1557 4890 contingere
1570 4817 1666 4892 possit
1683 4835 1691 4886 3
1719 4815 1811 4874 credo

95 4919 250 4978 manlium
264 4917 405 4980 audisset,
417 4915 603 4990 profundum
618 4916 777 4988 suspirare,
793 4917 823 4972 et
835 4913 929 4972 verba
981 4919 1083 4974 umen
1096 4929 1160 4971 non
1171 4910 1290 4979 recolet,
1305 4909 1420 4983 piscem
1434 4905 1601 4982 aliquando
1615 4905 1734 4974 vidisse,
1757 4904 1811 4979 qui

96 5009 310 5082 compatientis
322 5005 506 5082 respondere
517 5003 642 5062 solebat.
981 5007 1013 5065 in
1025 5005 1157 5080 spatioso
1171 4999 1307 5072 ilumine,
1319 5003 1352 5056 ιιι
1363 4999 1531 5056 avarionus
1546 5002 1602 5072 est,
1614 4997 1713 5073 ripam
1721 5011 1812 5070 super

134 5098 248 5156 xxviii.
269 5095 476 5156 Raimundum
486 5094 638 5152 noveratis
657 5093 808 5164 comitem,
832 5093 928 5150 fllium
981 5095 1120 5154 homines
1135 5091 1212 5149 ultro
1226 5089 1390 5163 irrupisset.

97 5185 239 5244 videlieet
264 5184 387 5244 Odonis.
426 5184 477 5241 llic
502 5187 643 5257 nepotem
684 5182 789 5240 domni
813 5180 930 5238 Gereldi
1018 5187 1092 5242 xxx.
1107 5181 1260 5256 Siquidem
1269 5195 1324 5253 pro
1339 5175 1559 5250 miraculoJ'ure
1573 5169 1813 5243 censetur‚quod

95 5275 224 5334 nomine
238 5274 443 5344 Benedictum,
472 5272 585 5330 Tolosae
611 5270 746 5328 videlicet
772 5269 930 5326 vicecomi·
982 5273 1030 5330 vel
1043 5272 1134 5346 piscis
1146 5268 1303 5343 quondam
1318 5266 1357 5324 de
1366 5281 1448 5340 equa
1462 5263 1579 5332 exsiliit,
1594 5260 1759 5358 volcarvus
1775 5273 1814 5315 ox

96 5369 162 5423 tem
185 5363 257 5422 dolo
283 5367 406 5437 ceptum
434 5361 563 5420 tenebat.
590 5359 753 5420 Rainaldus
779 5375 851 5416 vero
874 5357 931 5416 lra-
982 5359 1150 5434 improviso
1163 5357 1201 5414 de
1214 5371 1290 5430 rupe
1304 5353 1409 5412 cecidit
1425 5371 1432 5409 ι
1446 5353 1504 5408 boc
1517 5349 1606 5407 etiam
1619 5345 1744 5420 quodrn
1759 5345 1813 5402 ilu-

97 5458 144 5512 ter
171 5453 267 5526 ipsius
285 5467 350 5510 sese
366 5451 505 5510 obsidem
528 5450 653 5522 dedens,
672 5450 795 5508 trabem
809 5447 930 5521 recepit.
984 5451 1065 5508 minc
1081 5447 1170 5523 piscis
1185 5446 1225 5505 ad
1237 5444 1419 5520 capiendum
1431 5455 1495 5498 sese
1506 5437 1637 5509 ingessit.
1655 5434 1713 5494 Sed
1724 5435 1814 5493 valde

98 5547 137 5602 bt
158 5543 293 5602 domnus
309 5542 452 5600 (teraldus
476 5541 603 5599 audiens
627 5539 712 5614 quod
732 5539 780 5596 ille
796 5539 931 5612 scipsum
985 5538 1054 5613 plus
1069 5538 1179 5594 mirum
1192 5538 1247 5598 est,
1262 5531 1346 5607 quod
1359 5529 1400 5586 ad
1423 5541 1508 5584 esum
1524 5525 1660 5598 ejusdem
1681 5523 1815 5582 bominis

99 5649 158 5708 pro
169 5631 262 5692 iratrs
274 5632 449 5704 obligasset.
463 5629 553 5688 valde
565 5630 743 5688 movebatur
767 5628 808 5686 ad
826 5627 932 5686 subve-
988 5627 1040 5684 [ιιι
1054 5626 1169 5684 oselitus
1184 5620 1375 5682 estaiiavioe
1389 5617 1508 5676 allatus.
1526 5613 1692 5686 lionlonge
1708 5613 1815 5670 enims
