4106 6148
200 229 260 286 crs
902 186 1220 258 rearenrarnu.
1865 176 1919 232 ser

201 348 269 420 gius
293 345 403 402 sancire
426 334 579 411 Nepesina
607 327 743 389 Ecclesiae
765 325 936 401 episcopus,
961 334 1031 378 cum
1047 320 1072 376 Α
1090 309 1221 370 casalem
1245 325 1341 368 unum
1355 307 1387 366 iu
1408 307 1558 378 integrum
1578 317 1669 378 quem
1690 297 1827 373 Lampati
1850 313 1920 353 eum

162 440 167 450 '
202 435 309 494 bertha
334 427 442 488 atalia
464 409 1034 495 Bertha,proptervallemsanotil'iti,
1089 399 1232 460 omnibus
1248 398 1288 457 ad
1302 413 1372 456 eum
1388 392 1607 471 pertinentibus
1626 387 1822 446 interafiines
1837 401 1858 442 a
1873 385 1921 440 tri·

202 539 295 600 quem
309 520 340 578 iu
356 513 521 576 venerabili
535 508 718 570 monasterio
733 509 842 564 sancte
853 500 974 574 Agnetis
989 514 1037 555 su·
1090 491 1147 548 bus
1160 487 1303 546 lareribus
1317 486 1444 544 flurium
1465 483 1518 557 qni
1534 481 1680 538 Tirerone
1703 474 1922 540 circumdatur,

203 611 359 690 predictus
372 605 526 665 Albcrious
540 599 685 668 donavit;
701 612 793 672 quem
807 595 845 652 de
859 595 958 650 restro
971 603 1037 646 mo·
1090 585 1118 639 ci
1137 596 1156 638 a
1181 583 1291 653 quarto
1313 576 1404 635 latere
1429 577 1584 634 Fossatum
1605 573 1634 627 et
1647 568 1697 626 ria
1711 565 1839 640 publica
1848 563 1925 636 juris

204 699 336 762 naslerio
367 692 572 770 suprascripto
598 688 652 746 fuit
676 685 765 761 posit.
780 687 845 742 lam
869 681 949 739 dicta
966 676 1038 736 foris
1091 667 1266 728 monasterii
1280 666 1377 725 sancti
1395 662 1543 724 Laurentii
1557 659 1640 735 qnod
1653 655 1826 732 appellatur
1839 651 1926 710 Pala·

204 795 292 868 portu
308 785 434 846 miliario
449 782 489 840 ab
504 779 578 837 urbe
594 763 691 834 Roma
703 775 790 848 juxta
807 770 932 829 flurium
945 765 1039 841 Tybe-
1092 759 1169 818 cina.
1184 762 1305 817 Necnon
1320 760 1349 814 ei
1361 755 1462 815 cesina
1477 766 1539 810 uua
1551 751 1591 808 ad
1603 747 1775 806 modiorum
1789 743 1864 820 plus
1874 741 1928 799 mi·

206 882 259 952 ris,
273 879 349 936 inter
363 872 470 932 affines
484 869 523 928 ab
538 883 600 925 uno
613 865 705 924 latere
724 878 817 937 quem
831 857 963 931 Gurgini,
979 859 1040 913 cta
1092 867 1150 908 nus
1175 863 1246 906 cum
1272 848 1373 922 criptis
1395 842 1552 911 arenariis,
1576 837 1728 915 parietinis
1746 833 1875 892 disectis
1901 837 1930 888 et

208 965 342 1028 secundo
359 963 449 1020 latere
471 958 597 1016 flurium
612 954 749 1028 Tyberis,
765 968 821 1008 seu
834 953 912 1008 terra
926 959 1041 1004 semen·
1094 955 1164 996 cum
1194 935 1336 994 omnibus
1368 938 1409 992 ad
1434 948 1503 991 eam
1534 927 1742 1006 pertinentem,
1765 924 1824 981 sita
1856 919 1929 978 foris

208 1057 311 1118 taricia
331 1069 401 1110 eum
425 1053 511 1124 prato
538 1062 593 1103 suo
617 1044 655 1102 de
676 1039 840 1101 venerabili
859 1033 1041 1096 monasterio
1094 1031 1214 1103 portam
1229 1025 1324 1083 saneti
1336 1023 1470 1096 loannis,
1484 1019 1592 1078 miliar.
1606 1017 1646 1075 ab
1657 1015 1731 1074 urbe
1742 1017 1843 1072 Roma
1858 1010 1929 1086 plus

211 1141 425 1210 sanctiBasilil,
440 1139 530 1196 sitnm
550 1137 582 1194 iu
596 1134 679 1192 scola
693 1135 885 1197 Morinorum,
900 1143 969 1184 cnm
984 1123 1043 1182 alia
1096 1117 1245 1175 minua...
1259 1117 1336 1174 inter
1349 1114 1456 1173 affines
1471 1128 1489 1170 a
1503 1110 1624 1168 duobus
1636 1106 1782 1165 lateribus
1796 1100 1930 1161 tetrade

211 1242 298 1294 terra.
315 1237 387 1290 item
403 1229 574 1300 campreto
594 1239 650 1280 sno
669 1220 707 1278 de
721 1216 882 1277 venerabili
896 1216 1045 1273 monaste·
1097 1206 1228 1263 ttdriauo
1242 1203 1337 1262 nobili
1351 1202 1426 1272 viro,
1441 1200 1503 1258 filio
1527 1196 1650 1256 adriani
1673 1192 1835 1270 quondam
1855 1192 1930 1262 (259)

211 1325 256 1384 rio
280 1324 391 1379 sancia
415 1316 511 1376 narie
534 1329 628 1388 quarn
655 1311 686 1368 iu
706 1308 860 1376 Aventino,
885 1310 914 1363 et
933 1308 1045 1363 terram
1098 1294 1246 1365 archarii;
1265 1298 1295 1352 ei
1308 1310 1327 1352 a
1340 1293 1425 1351 tertio
1439 1291 1530 1348 latere
1544 1293 1622 1347 terra
1638 1287 1676 1344 de
1693 1283 1814 1342 boerede
1829 1295 1931 1355 quon·
2026 1270 2027 1278 ’

212 1415 284 1473 item
300 1425 369 1468 cum
384 1411 472 1482 pratu
487 1403 543 1461 sito
558 1401 596 1459 de
618 1398 760 1470 Gregorio
775 1413 794 1454 a
807 1399 919 1470 Campo
932 1391 1044 1457 Martio,
1098 1385 1171 1442 dam
1184 1383 1326 1458 Stephani
1339 1381 1511 1450 chaumati;
1528 1383 1557 1436 et
1570 1395 1589 1436 a
1603 1381 1710 1452 quarto
1724 1374 1818 1431 latere
1833 1371 1931 1428 forma

213 1506 270 1560 eta
283 1499 367 1557 tertio
380 1498 472 1555 latere
486 1493 600 1551 fundus
615 1507 668 1548 sex
681 1489 903 1554 columnarum,
919 1487 949 1541 et
962 1497 1047 1540 mon·
1101 1472 1301 1548 aquaductio.
1319 1471 1476 1529 Enimvero
1496 1473 1524 1524 et
1538 1466 1602 1524 alite
1617 1471 1701 1522 terrae
1714 1457 1931 1520 sementariciae

214 1594 274 1648 tem
300 1602 392 1662 quem
419 1581 560 1654 mollario,
575 1585 604 1638 et
631 1595 649 1636 a
674 1574 922 1652 quartolatere...
935 1570 1045 1645 juris...
1099 1563 1222 1638 ibiipsc
1243 1562 1433 1636 positarum
1448 1556 1573 1616 dirersis
1592 1553 1753 1614 arboribus
1767 1547 1931 1608 suissicnti

215 1676 352 1735 similiter
367 1678 396 1731 ct
409 1676 530 1748 pratum
544 1667 686 1726 nnumin
711 1665 862 1735 integrum
877 1661 963 1720 sicuti
976 1658 1083 1738 deti-B
1101 1653 1185 1710 vobis
1207 1667 1260 1726 per
1286 1651 1501 1725 scripturarum
1525 1646 1616 1704 series
1641 1643 1789 1718 periinere
1814 1637 1934 1695 ridetur

215 1764 291 1822 netis
306 1762 516 1834 forisportam
532 1754 681 1814 Solarium
702 1750 849 1809 inlocum
868 1764 960 1824 quom
977 1746 1047 1804 Flis-
1102 1759 1172 1800 enm
1196 1740 1338 1799 omnibus
1362 1739 1402 1797 ad
1436 1753 1487 1795 eas
1511 1733 1728 1811 pertinentibus
1743 1731 1837 1804 posit.
1862 1726 1933 1783 foris
2030 1714 2031 1740 ¹

217 1851 279 1909 cari
304 1849 356 1924 qui
380 1852 426 1905 est
449 1847 525 1902 inter
548 1843 654 1901 affines
682 1841 722 1899 ab
749 1855 809 1896 uno
834 1839 923 1896 latere
946 1840 1050 1894 Fossa-

1103 1830 1339 1906 suprascriptam
1354 1831 1473 1903 portam
1488 1825 1595 1882 utilior.
1607 1823 1647 1880 ab
1662 1821 1736 1878 urbe
1747 1819 1819 1894 pius
1832 1816 1933 1874 minas
2031 1827 2032 1830 ’

217 1940 293 2004 tum,
306 1937 336 1990 et
359 1949 378 1990 a
403 1928 537 1988 secundo
563 1927 655 1986 latere
684 1928 839 2000 pratum...
864 1927 893 1980 ct
917 1937 937 1979 a
964 1920 1049 1979 tertio

217 2025 356 2082 latera...
371 2025 401 2078 ct
423 2036 442 2077 a
467 2021 576 2093 quarto
601 2016 692 2073 latere
720 2018 840 2089 pratum
866 2027 958 2086 quem
972 2009 1051 2081 ,deti-

168 2111 170 2118 '
218 2117 270 2172 uei
280 2110 457 2168 Benedictus
472 2111 583 2164 sancire
594 2105 682 2164 Silroe
694 2104 765 2177 (259)
780 2101 922 2162 Candida
938 2100 1052 2174 episco-

219 2218 272 2277 po,
284 2199 360 2273 juris
372 2198 463 2256 etiarn
477 2201 506 2254 et
519 2194 652 2253 casalem
666 2194 697 2250 in
712 2193 862 2264 integrum
876 2206 969 2265 qnam
985 2187 1051 2248 Gal·

219 2292 319 2349 lorum
345 2305 399 2346 seu
423 2284 598 2344 Balneolum
621 2288 650 2341 et
677 2283 866 2351 Paccianum,
893 2280 955 2337 sire
985 2267 1062 2353 qui?

220 2380 280 2438 hus
310 2377 375 2436 aliis
402 2373 556 2433 vocabulis
592 2373 670 2430 sicut
703 2371 750 2428 rel
782 2370 821 2427 ab
849 2369 963 2441 origine
992 2367 1054 2424 iue-

222 2471 301 2536 runt,
316 2464 402 2522 sicuti
429 2463 501 2520 olim
521 2463 654 2520 loannes
681 2459 734 2533 qui
757 2457 913 2516 dicebatur
936 2455 1053 2514 Oudiuo

223 2553 496 2632 perdonationem
528 2548 647 2608 Cartala
670 2548 701 2604 in
729 2546 932 2620 suprascripto
957 2549 1054 2603 vestro

225 2641 332 2700 obtulit
345 2637 530 2698 monasterio
545 2653 615 2694 cum
631 2635 713 2692 terris
729 2633 1054 2707 sationabilibus,crip·

1103 1925 1186 1978 sexto
1207 1919 1283 1977 inter
1304 1919 1409 1976 affines
1432 1916 1471 1974 ab
1497 1930 1558 1971 uno
1578 1918 1668 1970 latere
1691 1916 1769 1967 terra
1789 1903 1933 1981 Stephani

1105 2009 1331 2068 usnimands...
1348 2007 1396 2064 del
1410 2004 1566 2064 Theodoro
1587 2001 1736 2077 praefecto,
1751 2003 1781 2056 et
1794 2013 1813 2054 a
1828 2009 1934 2052 seeun-

1105 2100 1145 2158 do
1159 2099 1250 2157 latere
1264 2104 1343 2155 terra
1357 2097 1395 2153 de
1409 2094 1527 2153 haerede
1544 2091 1699 2168 quondam
1716 2087 1880 2146 Theodoro
1897 2084 1934 2139 de

1105 2189 1260 2257 Aventino,
1275 2191 1303 2243 et
1317 2203 1336 2244 a
1350 2184 1434 2244 tertio
1447 2185 1538 2242 latere
1558 2187 1635 2240 tarra
1654 2193 1745 2254 quem
1761 2177 1893 2240 Moruni,
1908 2175 1935 2228 et

1107 2296 1126 2338 e
1144 2283 1253 2355 quarto
1276 2277 1367 2334 latere
1382 2291 1473 2351 supra
1495 2274 1606 2347 scripta
1620 2272 1717 2328 forma
1732 2265 1934 2342 aqueductio,

1107 2373 1136 2427 ct
1150 2367 1277 2427 fundum
1290 2382 1380 2441 quem
1395 2369 1507 2438 septem
1523 2363 1605 2419 bassi
1620 2376 1689 2418 cum
1705 2359 1766 2416 suis
1783 2356 1935 2431 pertinen-

1108 2459 1165 2528 tiis,
1180 2457 1256 2514 inter
1271 2472 1307 2514 ea
1332 2460 1361 2512 et
1381 2453 1440 2512 alia
1464 2457 1541 2510 terra
1556 2456 1586 2508 et
1609 2449 1675 2507 aliae
1696 2463 1770 2505 cese
1796 2441 1934 2501 sadonal.
2037 2495 2038 2506 ,

1108 2547 1194 2606 sicuti
1220 2545 1357 2604 detinetis
1382 2545 1413 2602 in
1447 2544 1548 2601 locum
1575 2555 1665 2615 quem
1693 2538 1748 2596 liii.
1778 2535 1841 2592 tiro
1867 2532 1936 2589 ioris

1108 2639 1208 2712 ipsam
1248 2633 1483 2710 suprascriptam
1522 2635 1639 2707 portam
1674 2627 1767 2684 sancti
1802 2623 1935 2681 loannis.

225 2732 263 2789 ns
278 2728 432 2800 arenariis,
449 2725 575 2800 campis,
590 2724 692 2799 pians,
708 2723 840 2798 pascuis,
855 2723 989 2781 edificiis
1005 2739 1056 2797 pa·
1109 2731 1253 2786 craterae
1267 2724 1482 2782 confirmamus
1498 2721 1580 2780 vobis
1593 2719 1721 2777 runoora
1732 2722 1790 2773 nes
1805 2715 1938 2783 integras

225 2819 338 2878 siclinis
362 2816 642 2890 adjacentibusque,
658 2813 780 2889 planilla
802 2817 831 2872 el
844 2813 942 2888 puteis
967 2813 1056 2871 ionii·
1110 2833 1206 2874 unum
1220 2831 1312 2891 quem
1324 2817 1446 2871 Pontem
1461 2813 1498 2869 de
1512 2816 1595 2869 Nono
1610 2810 1687 2867 inita
1697 2822 1798 2882 ipsum
1814 2807 1938 2878 pontem

225 2909 303 2980 bus;
319 2907 435 3006 cultum
456 2905 503 2964 rel
522 2905 680 2970 incultum,
696 2921 766 2962 cnm
780 2903 923 2961 omnibus
936 2919 1005 2978 quoa
1017 2902 1057 2960 ad
1111 2923 1181 2964 eum
1195 2905 1321 2962 dirersis
1337 2903 1420 2962 terris
1436 2901 1631 2960 sationalibus
1645 2902 1674 2956 et
1688 2895 1851 2955 arboribus
1868 2893 1938 2950 suis

226 3013 297 3098 eum
307 2995 482 3069 generaliter
493 2999 522 3052 et
533 2994 564 3052 iu
578 2994 727 3065 integrum
736 2993 954 3066 pertinentibus
966 2993 1056 3050 situm
1111 2998 1173 3054 sive
1197 2995 1298 3069 criptis
1322 2989 1475 3058 arenariis,
1500 2989 1652 3066 parietinis
1674 2987 1735 3044 suis
1758 2983 1897 3050 dirersis,
1914 2985 1942 3036 et

226 3086 299 3188 forts
321 3087 413 3184 ponte
438 3083 562 3155 Selene,
587 3083 696 3154 miliar,
719 3082 758 3138 ab
782 3082 850 3156 ipso
871 3086 964 3156 ponte
988 3081 1057 3156 plus
1111 3086 1237 3155 disertis,
1253 3089 1282 3143 et
1296 3085 1354 3141 sint
1374 3085 1404 3140 in
1427 3099 1517 3156 opere
1537 3083 1685 3155 cooperte,
1701 3076 1816 3134 cultum
1830 3071 1881 3128 vel
1901 3070 1942 3127 ln·

226 3189 328 3234 nimus
354 3189 454 3246 unius,
468 3173 546 3229 inter
571 3172 688 3246 affines,
704 3171 743 3229 ab
766 3187 828 3228 uno
853 3171 944 3230 latere
959 3171 1057 3228 casalo
1112 3175 1236 3244 cultum,
1252 3178 1280 3232 ot
1303 3189 1373 3232 eum
1387 3172 1530 3230 omnibus
1552 3169 1592 3228 ad
1607 3185 1657 3226 eus
1678 3163 1858 3238 generaliter
1870 3165 1899 3217 et
1911 3161 1942 3215 in

226 3264 311 3366 quod
322 3263 378 3321 fuit
393 3262 505 3362 iioserii
520 3262 595 3319 Petri
610 3265 723 3330 staute;
745 3264 772 3318 et
786 3277 806 3318 u
821 3260 1058 3318 secundolalero
1112 3265 1261 3337 integrum
1295 3263 1492 3336 pertinentem
1529 3259 1617 3334 posit.
1647 3257 1718 3314 foris
1746 3252 1943 3327 sepedictam

227 3358 341 3429 pariete
355 3356 481 3425 aunqua
502 3355 532 3408 et
555 3354 632 3410 terra
654 3367 723 3424 quie
746 3349 818 3407 olim
834 3349 889 3408 fuit
902 3349 1059 3424 quondam
1112 3357 1231 3430 portant
1256 3353 1349 3410 sancti
1370 3350 1492 3409 loannis
1506 3365 1574 3424 quae
1597 3347 1649 3404 Via
1663 3345 1766 3404 Latina
1780 3355 1943 3412 nuncupa·

228 3442 358 3502 iiaczoni
371 3441 432 3498 filio
459 3440 616 3510 sacellarii,
632 3455 723 3514 quem
738 3454 819 3496 nune
833 3438 945 3496 detinet
959 3439 1059 3514 Ylpizo
1113 3445 1171 3512 tur,
1186 3439 1314 3497 miliario
1338 3439 1377 3497 ab
1398 3439 1473 3496 urbe
1488 3441 1583 3496 Roma
1606 3435 1675 3510 plus
1693 3433 1795 3490 minus
1809 3445 1904 3496 nono,
1917 3430 1946 3482 et

228 3531 322 3588 nobil.
338 3530 402 3599 vir;
427 3535 457 3586 et
479 3547 498 3586 a
519 3528 603 3586 tertio
616 3528 708 3586 latere
722 3532 832 3586 terram
847 3528 1007 3602 Sataphaui
1021 3528 1059 3586 de
1113 3528 1190 3587 iuter
1200 3529 1306 3587 affines
1316 3528 1355 3587 ab
1363 3525 1730 3602 unolateresuprasoripia
1739 3521 1838 3579 forma
1850 3533 1946 3592 aqua·

229 3618 384 3718 Tbeodoro
413 3617 505 3691 (257)
538 3616 690 3692 prefecto,
719 3621 755 3674 ei
783 3633 802 3674 a
833 3621 941 3692 quarto
969 3617 1060 3675 latere
1114 3618 1216 3676 ductio
1229 3635 1298 3694 quae
1320 3617 1489 3694 appellatur
1503 3616 1637 3684 Claudia,
1654 3619 1682 3672 et
1695 3611 1842 3688 predicto
1855 3613 1947 3683 ponte

231 3711 332 3781 cripte
360 3721 453 3807 qnam
485 3705 674 3780 serpentaria
702 3710 731 3764 et
753 3704 846 3764 ubam
873 3710 984 3765 terram
1011 3723 1062 3765 ra·
1114 3723 1207 3782 quem
1226 3711 1320 3777 Nono,
1336 3713 1363 3765 et
1384 3706 1550 3765 aseenrtdo
1564 3699 1872 3777 latercjnmpraefaia
1887 3695 1946 3754 for-

231 3799 350 3896 eantcm
375 3799 461 3898 Juxta
493 3811 524 3852 se
558 3794 635 3867 juris
672 3794 852 3852 venerabilis
886 3796 1062 3854 monasterii
1115 3813 1167 3857 ma
1180 3813 1248 3872 quar
1263 3797 1370 3856 dicitur
1388 3795 1645 3866 abeberatorium,
1659 3799 1688 3851 et
1711 3809 1729 3850 e
1753 3791 1840 3849 tertio
1855 3789 1947 3846 latore

231 3889 327 3986 sancti
350 3887 414 3941 Vra.
440 3887 514 3986 nam
540 3889 569 3986 et
607 3884 681 3942 aiios
717 3890 810 3944 terras
839 3885 1061 3946 sementericias
1116 3887 1319 3964 suprascripta
1341 3889 1426 3948 Corte
1447 3887 1485 3944 de
1508 3885 1627 3959 lioreni,
1645 3887 1673 3941 et
1698 3885 1841 3956 aquario
1855 3879 1948 3936 latere

230 3978 327 4049 petras
351 3973 429 4032 duas
455 3977 578 4077 integris
616 3974 658 4032 ibi
684 3974 752 4051 ipso
780 3975 878 4050 posito
904 3977 991 4050 juxta
1018 3978 1062 4052 ip·
1114 3977 1239 4036 limitem
1254 3993 1346 4052 quem
1360 3973 1443 4036 ducit
1449 3971 1536 4050 juxis
1554 3975 1681 4049 criptam
1697 3987 1788 4048 quem
1804 3967 1948 4026 Ardenda

233 4079 303 4165 sum
337 4063 437 4122 casalo
468 4067 621 4165 'etpuxla
657 4065 897 4140 suprascriptam
935 4067 1061 4142 criptam
1112 4067 1188 4141 juris
1210 4072 1321 4126 sancire
1340 4071 1482 4126 Romana
1497 4065 1643 4125 Ecclesiae.
1661 4069 1794 4136 itemquo
1809 4065 1839 4116 et
1854 4057 1947 4114 anum

232 4153 271 4210 de
284 4156 448 4250 ipsaparte
466 4168 561 4226 rpsrus
579 4153 681 4228 cripta
695 4154 772 4212 inter
785 4153 892 4212 aflines
907 4171 926 4213 a
940 4155 1061 4214 duobus
1115 4155 1244 4214 fundum
1269 4156 1301 4214 in
1327 4156 1442 4228 integro
1470 4155 1553 4231 quod
1579 4146 1797 4228 dompnicaria,
1828 4147 1859 4204 tn
1887 4157 1950 4218 quo

232 4239 386 4340 latonbus,
400 4243 480 4298 terra
502 4257 571 4342 qua
592 4241 664 4300 olim
679 4241 735 4300 fuit
753 4243 963 4318 suprascripte
976 4247 1061 4303 Rosa
1115 4249 1160 4304 est
1186 4245 1312 4304 ecclesia
1337 4246 1543 4302 desertarum
1572 4242 1672 4318 criptis
1698 4236 1854 4316 parietinis
1875 4227 1949 4300 sois,

233 4333 445 4432 superinstant:
460 4333 484 4386 A
499 4333 583 4388 tertio
597 4329 688 4389 latere
702 4335 780 4390 terra
795 4332 833 4390 de
853 4332 972 4392 herede
987 4335 1060 4393 Leo·
1116 4353 1186 4396 eum
1202 4334 1285 4394 terris
1300 4335 1498 4394 sationalibus
1518 4339 1547 4392 et
1560 4332 1685 4391 dirersis
1707 4327 1869 4388 arboribus
1886 4317 1948 4380 suis

231 4417 560 4520 msucamburlrngo,'et
583 4435 601 4478 a
629 4425 737 4496 quarto
759 4420 851 4482 latare
874 4423 925 4482 ria
939 4399 1099 4500 punnee¹³
1116 4425 1269 4502 pomiferis
1296 4429 1325 4482 et
1351 4423 1508 4482 fructiferis
1534 4422 1642 4480 diversi
1676 4417 1804 4492 generis,
1832 4413 1946 4472 cultum

230 4521 308 4579 June
330 4512 525 4582 suprascripti
547 4510 721 4612 monasterii
741 4511 837 4570 sancti
850 4511 913 4570 Viti.
930 4517 1063 4590 Itemque
1116 4515 1165 4575 rel
1188 4515 1344 4584 incultum,
1357 4509 1559 4588 omnibusque
1581 4511 1620 4569 ad
1646 4527 1715 4568 erim
1736 4507 1948 4584 pertinentem,

235 4595 416 4657 (30Ῑωῦ8131
441 4598 528 4700 (258)
556 4615 705 4673 maiorem
733 4615 828 4658 unam
858 4601 890 4660 in
916 4602 1064 4676 integram
1117 4608 1207 4666 situm
1231 4605 1418 4682 supracripia
1444 4606 1494 4662 Via
1531 4602 1636 4661 Latina
1664 4597 1751 4675 juxta
1786 4593 1950 4672 proenonri·

234 4701 329 4760 quam
351 4691 511 4792 mrim.
526 4706 596 4748 cum
622 4690 697 4750 cella
720 4691 777 4750 sub
791 4707 823 4750 se
846 4697 875 4751 et
888 4697 999 4754 terram
1010 4708 1064 4752 ra·
1117 4702 1222 4758 natum
1237 4697 1366 4774 fundum
1379 4695 1463 4770 quod
1486 4711 1505 4753 a
1531 4697 1621 4752 Ponte
1641 4693 1679 4750 de
1693 4701 1775 4748 none
1791 4687 1869 4744 inter
1882 4682 1950 4740 affi-

234 4779 354 4878 08119911)
371 4793 403 4834 ln
422 4783 547 4882 cucula
572 4797 628 4840 suo
647 4781 733 4840 sicuti
755 4782 889 4858 undique
909 4799 929 4841 a
948 4784 997 4842 via
1011 4797 1066 4860 pu·
1116 4805 1171 4847 nes
1186 4787 1226 4846 ab
1241 4785 1402 4843 auolatere
1415 4787 1515 4860 ipsum
1531 4774 1953 4852 tundnmaseeundctatere

234 4863 314 4962 bhca
327 4874 559 4969 circumscriptas
573 4887 640 4929 esse
658 4871 808 4944 ridentur,
824 4873 881 4932 sita
894 4873 973 4932 intro
984 4873 1065 4932 hanc
1117 4877 1181 4937 rivo
1196 4876 1371 4934 decurrente
1384 4876 1436 4950 qui
1451 4875 1570 4948 Papati;
1592 4889 1610 4931 a
1625 4871 1710 4930 tertio
1724 4871 1816 4928 latera
1831 4867 1883 4925 ria
1898 4877 1955 4940 pu·

235 4955 369 5022 crrrtate3
390 4958 550 5028 parimodo
573 4964 601 5018 et
628 4959 700 5019 foris
723 4967 847 5036 pontem
874 4966 1064 5022 Numentuno
1116 4967 1197 5025 blica
1211 4981 1279 5022 cum
1295 4963 1376 5021 silice
1394 4963 1528 5039 antiqua,
1545 4967 1573 5020 et
1589 4978 1607 5020 a
1621 4963 1730 5036 quarto
1743 4957 1836 5016 latere
1851 4955 1951 5013 forma

270 5093 344 5169 (959)
356 5098 459 5156 Manca
472 5098 532 5158 alla
547 5101 623 5159 serie
639 5103 813 5177 Ughelliana
825 5105 999 5236 ilRpresente
1013 5123 1064 5164 re·
1154 5107 1229 5192 (258)
1243 5106 1326 5167 Circa
1346 5106 1377 5164 iu
1398 5105 1497 5172 dritto,
1514 5103 1638 5163 eh'obbe
1662 5118 1753 5178 sopra
1773 5101 1803 5158 la
1817 5099 1953 5157 eoionna

233 5181 335 5238 scoro,
349 5183 367 5224 ο
382 5168 448 5226 diro
460 5187 509 5227 me

233 5238 356 5321 gracche
377 5240 398 5296 il
419 5187 581 5301 Benesietto
599 5247 755 5328 nominato
770 5265 899 5332 vescovo
918 5249 948 5306 di
974 5249 1063 5306 elva·
1117 5251 1137 5308 il
1154 5249 1353 5310 crescimbeni
1368 5251 1400 5321 (l.
1413 5267 1438 5308 c.
1479 5292 1485 5306 .
1502 5253 1555 5318 19),
1571 5247 1592 5304 11
1608 5245 1726 5305 Carietti
1740 5245 1780 5318 (p.
1799 5245 1875 5312 181),
1891 5258 1908 5298 e
1923 5239 1953 5296 la

230 5307 415 5433 fandrdaall
429 5329 511 5371 anno
526 5317 1062 5410 88i,edbenedeitod1questaliol-
1116 5322 1196 5380 bella
1222 5321 1378 5380 iscriziono
1407 5266 1476 5377 delii
1499 5335 1548 5377 an.
1574 5319 1642 5376 iile
1671 5331 1775 5391 presso
1803 5313 1825 5370 il
1847 5311 1953 5370 Galleti

231 5383 323 5504 dtthrdre
337 5381 367 5464 la
382 5384 464 5442 Bolia
479 5385 534 5480 ebe
548 5387 559 5445 l
571 5387 683 5460 Ughellr
698 5396 765 5475 crta,
777 5396 793 5448 e
808 5392 840 5477 dr
853 5395 964 5450 Marino
977 5395 999 5460 1,
1010 5407 1063 5449 ma
1117 5395 1225 5464 (inser.
1239 5395 1334 5461 Rom,
1346 5397 1358 5449 t
1368 5393 1388 5458 1,
1397 5408 1428 5465 p.
1442 5393 1515 5464 506).
1525 5394 1563 5448 La
1575 5389 1705 5447 colonna
1717 5387 1848 5459 Trajaua
1858 5397 1954 5442 ancer

229 5517 250 5574 Ι
304 5465 389 5535 nano
403 5456 429 5540 11Ι
441 5456 501 5514 deii
523 5474 604 5518 auno
619 5464 671 5520 eis
684 5481 691 5533 ;
705 5479 730 5520 sr
742 5464 819 5546 reda
833 5463 852 5520 rl
867 5462 983 5545 fiattola
992 5461 1061 5519 ncll’
1117 5479 1186 5521 essa
1208 5469 1394 5540 appartcnne
1414 5478 1474 5520 una
1488 5463 1566 5520 rolin
1583 5461 1612 5518 ul
1626 5464 1800 5517 monastero
1814 5453 1846 5514 di
1861 5457 1890 5512 S.
1906 5454 1952 5512 tzi-

228 5522 497 5651 fflfflsswm
512 5531 581 5618 Ι(1.1
604 5549 635 5659 p.
650 5539 737 5607 99),ο
758 5533 779 5590 rl
803 5533 960 5592 flabellone
981 5531 1061 5604 negli
1116 5535 1215 5618 daeo:
1241 5534 1309 5592 redi
1324 5535 1345 5591 il
1364 5534 1444 5591 detto
1468 5531 1582 5590 Galletti
1609 5533 1742 5604 (Pluuio.
1763 5523 1954 5604 pinli-eil

264 5661 327 5732 (²57
353 5599 594 5722 Neardettmrii.
624 5605 649 5661 11
665 5622 695 5679 p.
712 5609 775 5675 435,
791 5608 865 5674 437).
906 5674 912 5688 ·
1042 5676 1048 5688 .
1115 5605 1269 5667 iiartrnelii
1286 5607 1398 5679 (Primo
1413 5607 1509 5675 troseo
1519 5605 1602 5662 della
1619 5605 1652 5660 ll
1665 5617 1750 5660 crore
1762 5616 1794 5674 p.
1811 5601 1885 5664 109).

329 5663 339 5737 )
366 5681 418 5750 ιοιι
440 5672 579 5732 conobbe
604 5683 713 5752 questo
733 5676 862 5764 prefatio
883 5675 914 5772 dt
932 5675 1062 5768 iteranti
1153 5679 1224 5752 (259)
1240 5677 1340 5736 Costui
1362 5693 1414 5736 cra
1428 5675 1543 5735 arcario
1558 5674 1608 5734 nel
1622 5678 1685 5742 919,
1701 5673 1832 5730 siccome
1845 5673 1954 5727 consta

229 5733 384 5845 “imm
1117 5749 1234 5810 asana
1247 5751 1330 5834 aaa
1344 5747 1633 5827 aerearoseao
1646 5741 1952 5822 saeternae.

531 5171 571 5230 lio
585 5187 647 5231 non
662 5176 690 5233 ri
705 5179 751 5236 sta
768 5177 826 5248 egli
891 5195 946 5236 suo
1006 5183 1061 5250 sto,
1117 5179 1482 5238 Antontnassmouastero
1493 5177 1523 5234 di
1536 5179 1564 5236 S.
1574 5175 1713 5233 silvestro
1725 5177 1757 5230 in
1770 5173 1872 5242 eapite
1882 5166 1952 5226 redi
