4120 6154
171 113 173 116 ’
258 144 311 200 iai
773 131 802 190 s.
823 128 952 189 ononis
970 119 1115 184 Accius
1137 116 1387 183 c-iuiitionrisis
1405 119 1440 179 ii.
1643 138 1646 144 ·
1727 125 1731 128 ·
1911 113 1963 170 ιιι

259 260 429 338 Aliquando
444 261 581 332 apostata
595 254 732 327 angelus,
746 253 887 312 utillud:
906 275 920 303 ιι
935 249 1086 309 Transmi·
1102 252 1126 306 A
1141 263 1302 323 percussus
1319 245 1424 317 lugiet,
1442 246 1471 300 et
1486 241 1526 300 ad
1538 239 1632 297 corda
1646 235 1846 312 reproborum
1863 233 1967 304 liigida

261 347 581 424 grainmontemsicut
591 361 698 420 passer
709 346 801 418 (Prot.
813 361 843 413 x,
859 343 893 415 1).
906 365 920 394 ιι
934 343 1087 400 cumvero
1141 336 1253 394 redeat.
1271 335 1426 410 Sequitur:
1442 333 1479 388 In
1494 334 1606 388 secreto
1622 327 1743 426 calami.
1761 329 1794 382 iii
1807 337 1896 424 sacro
1907 321 1967 378 elo-

260 445 378 498 montes
404 436 514 512 plurali
541 451 669 492 numero
696 434 901 505 nominantur,
925 429 1089 504 aliquando
1142 425 1213 500 quio
1227 423 1337 482 calami
1351 422 1398 480 vel
1412 417 1571 478 arundinis
1586 415 1788 492 appellatione
1798 410 1966 513 'aliquando

260 527 405 586 celsitudo
432 524 641 600 apostolorum
669 528 760 597 atque
774 522 992 598 prophetarum
1008 519 1090 577 desi·
1141 514 1268 571 verbum
1279 527 1407 570 manens
1423 507 1577 582 accipitur,
1589 509 1622 563 ut
1635 504 1710 562 illud
1722 521 1730 560 ι
1743 525 1758 553 ιι
1774 503 1890 601 Lingua
1903 513 1971 556 mea

260 621 380 691 gnatur,
397 613 512 672 utillud
536 631 543 670 :
570 635 584 665 ιι
599 613 715 670 Jusutia
743 617 796 669 tua
810 611 885 668 sicut
906 613 1024 667 montes
1039 607 1090 665 liei
1143 603 1279 662 calemus
1295 601 1412 665 scriba,
1428 621 1443 650 ιι
1469 602 1524 656 etc.
1550 596 1645 668 (Paul.
1660 609 1738 694 xiii,
1749 588 1970 690 2.)Aquuando

260 708 355 779 (Psoi.
371 721 460 772 xxxv,
475 705 515 778 i).
530 700 729 776 »Aliquando
742 717 814 759 vero
825 699 1014 757 secularium
1034 714 1090 772 pc·
1142 692 1300 750 doctorum
1325 689 1442 765 peritia,
1466 691 1499 744 ut
1525 684 1599 742 illud
1614 701 1649 741 ιιι
1664 685 1697 740 Et
1721 697 1754 738 in
1779 677 1931 782 cpbilibus
1941 691 1971 734 in

261 799 402 852 testatum
422 796 523 850 tumor
548 790 734 864 exprimitur,
762 789 799 846 de
823 789 935 862 quibus
956 784 1088 843 dicitur:
1143 783 1254 856 quibus
1281 781 1365 856 prius
1392 779 1539 836 dracones
1566 771 1756 873 babitabant,
1769 775 1881 828 orietur
1895 783 1974 824 viror

264 887 395 942 «Aonas
410 881 485 938 sicut
494 895 562 938 cera
577 879 728 937 fluxerunt
741 895 760 936 a
773 878 849 935 lecie
863 875 982 935 Domini
993 874 1089 948 (Psoi.
1144 871 1254 929 calami
1267 873 1296 927 et
1308 869 1391 943 junci
1405 869 1476 940 (isc.
1497 881 1585 936 xxxv,
1600 863 1638 936 7).
1655 883 1670 913 ιι
1686 861 1741 919 Ubi
1755 875 1809 932 pei
1821 857 1974 956 calamum

261 989 338 1044 xcvi,
345 977 404 1044 5).»
414 969 487 1028 Elati
494 985 627 1042 namque
638 967 739 1025 saeculi
750 966 918 1040 hujushuic
929 963 1092 1022 ltehemolb
1144 960 1280 1018 doctrina
1293 957 1498 1026 scribentium,
1512 970 1567 1029 per
1578 955 1707 1026 juncum
1716 949 1861 1050 'nuditas
1887 945 1974 1046 audi-

264 1061 372 1120 Ιιενιαι
385 1059 502 1130 tanet,
517 1059 589 1132 quia
608 1073 645 1114 ex
673 1073 709 1114 eo
724 1055 811 1113 illum
835 1055 982 1120 reficiunt,
1008 1051 1092 1127 quod
1143 1053 1243 1107 torum
1255 1047 1437 1119 intelligitur.
1450 1041 1620 1117 Aliquando
1639 1038 1792 1138 mobilitas
1807 1041 1928 1105 mentis,
1943 1037 1976 1090 ut

263 1148 399 1223 nequiter
408 1151 581 1221 operantur,
597 1145 670 1218 quia
682 1160 753 1202 suas
763 1144 805 1200 illi
817 1145 947 1200 olleiunt
954 1141 1053 1200 fluxas
1063 1143 1092 1198 et
1144 1137 1219 1196 illud
1239 1155 1246 1193 :
1263 1160 1277 1189 ιι
1294 1135 1371 1204 Quid
1392 1133 1493 1192 existis
1521 1130 1649 1188 rideret
1675 1126 1863 1225 Arundinem
1886 1127 1975 1222 rento

262 1237 394 1295 lubricas
413 1235 591 1293 voluntates.
618 1256 632 1286 ιι
650 1237 741 1291 Erunt
763 1233 854 1302 enim,
865 1232 906 1290 ait
920 1231 1090 1306 Apostolus,
1145 1227 1289 1298 agitabam
1300 1225 1314 1282 ι
1326 1248 1341 1277 ιι
1357 1223 1476 1296 (Metili,
1492 1237 1529 1289 iii,
1546 1219 1583 1293 7.)
1597 1215 1769 1317 Aliquando
1780 1219 1861 1272 nitor
1874 1212 1976 1284 gloria

263 1327 401 1385 homines
421 1325 536 1399 seipsos
562 1328 711 1391 amantes,
738 1323 928 1396 voluptatum
943 1326 1093 1380 amatores
1146 1314 1318 1390 temporalis
1329 1312 1482 1386 accipitur,
1499 1314 1531 1366 ut
1551 1307 1626 1407 illud
1640 1308 1797 1405 Sapientia
1816 1320 1854 1402 t«
1874 1301 1976 1400 Fulge-

262 1414 360 1486 magis
371 1430 465 1489 qnam
481 1413 532 1470 liei
548 1413 594 1481 (Il
607 1414 681 1469 Tim.
693 1429 736 1480 ιιι,
752 1417 780 1480 2,
792 1413 831 1484 4).
850 1434 864 1462 ιι
880 1413 951 1476 Quia
965 1414 1093 1480 eatergo
1146 1405 1223 1463 hunt
1234 1403 1308 1476 justi
1321 1407 1350 1460 et
1364 1406 1512 1474 tanquam
1526 1395 1659 1454 scintillae
1673 1410 1705 1494 in
1721 1391 1904 1490 arundineto
1917 1389 1976 1446 diu·

263 1505 359 1562 herba
372 1503 531 1569 montium,
549 1501 606 1557 nisi
620 1500 758 1574 voluptas
771 1499 854 1557 fluxa
868 1517 937 1574 que
952 1516 990 1557 ex
1003 1499 1094 1557 corde
1149 1498 1268 1552 currem
1280 1492 1363 1563 (Sap.
1379 1507 1421 1558 ιιι,
1437 1489 1475 1562 7).
1489 1507 1504 1542 ι
1517 1485 1572 1544 Ubi
1582 1483 1796 1542 arundinetum
1810 1485 1976 1580 vitainsie·

264 1592 395 1664 gignitur
408 1589 630 1664 superborum?
643 1589 757 1654 Quibus
771 1588 915 1646 nimirum
925 1589 1026 1646 herbis
1041 1591 1093 1644 Be·
1108 1602 1131 1658 B
1149 1582 1297 1641 cularium
1325 1578 1466 1654 appellat.
1492 1577 1554 1632 Hoc
1586 1589 1658 1646 ergo
1681 1572 1748 1629 loco
1776 1567 1976 1644 appellatione

264 1679 389 1738 hemoth
398 1679 454 1734 iste
465 1679 609 1751 pascitur,
625 1669 698 1750 quia
710 1676 742 1732 in
759 1677 801 1734 eis
826 1693 950 1751 poenam
976 1680 1094 1734 aeterna
1149 1671 1268 1743 calami,
1283 1674 1398 1728 mentes
1410 1665 1600 1724 saecularium
1614 1662 1830 1758 designantem
1846 1673 1977 1732 quorum

265 1767 370 1825 mortis
379 1766 524 1832 esuriens,
533 1781 638 1822 eorum
647 1765 770 1838 perditis
781 1765 916 1824 moribus
927 1765 1093 1824 satiabitur.
1149 1761 1242 1820 corda
1259 1759 1366 1818 tacitus
1380 1759 1468 1824 tenet,
1483 1755 1558 1812 dum
1569 1769 1621 1810 eos
1632 1751 1672 1809 ιιι
1684 1752 1853 1824 appetitum
1868 1751 1978 1844 tempo

267 1856 406 1930 Sequitur
421 1872 428 1912 :
446 1855 552 1912 Omnes
566 1855 663 1912 bestia
676 1857 746 1926 egri
759 1854 864 1912 trident
879 1856 930 1912 toi.
949 1855 1026 1922 Quid
1041 1870 1096 1927 per
1149 1850 1220 1908 ralis
1235 1847 1339 1905 nitoris
1353 1851 1443 1920 atque
1465 1839 1629 1900 altitudinis
1654 1841 1835 1900 commovet,
1850 1839 1880 1891 et
1891 1849 1978 1932 quasi

265 1945 377 2002 bestias
391 1943 456 2016 agri
470 1943 528 2002 nisi
551 1943 702 2000 immundi
728 1944 849 2018 spiritus
870 1944 1096 2016 designantur?
1149 1938 1191 1995 ibi
1214 1937 1279 2010 ipse
1297 1934 1417 2008 quietus
1439 1930 1550 1988 dormit
1575 1927 1628 1985 ubi
1656 1940 1808 2027 eosquos
1828 1921 1974 2024 possidet,

266 2033 350 2092 Unde
365 2037 394 2091 et
408 2032 446 2090 de
460 2032 527 2106 ipso
551 2032 754 2104 malignorum
781 2033 939 2107 spirituum
961 2033 1096 2106 principe
1149 2026 1302 2102 quiescere
1316 2039 1378 2080 non
1392 2021 1545 2096 permittit.
1561 2019 1595 2074 ln
1609 2019 1666 2074 hoc
1677 2031 1757 2074 enim
1768 2013 1852 2089 quod
1867 2027 1926 2087 ipsi
1938 2028 1978 2068 in·

266 2127 370 2181 contra
384 2121 514 2196 Ephrain
527 2121 635 2179 dicitur
647 2140 653 2178 :
666 2143 680 2173 ιι
696 2123 791 2179 Bestia
818 2121 883 2194 agri
907 2121 1023 2179 scindet
1043 2137 1095 2178 eos
1150 2116 1252 2173 teritus
1266 2127 1350 2169 more
1361 2110 1470 2168 calami
1483 2107 1571 2165 vacui
1586 2109 1753 2174 remanent,
1767 2103 1871 2161 locum
1891 2101 1978 2158 Belia

265 2212 342 2284 (Osa.
357 2227 422 2281 xiii,
436 2211 473 2282 a).
484 2231 499 2260 ιι
515 2213 549 2267 Et
562 2210 676 2268 lsaias:
694 2233 708 2261 ιι
722 2209 796 2268 llala
810 2209 907 2268 bestie
927 2227 990 2268 non
1014 2217 1095 2268 tran·
1150 2204 1236 2261 moth
1249 2201 1297 2259 isti
1307 2200 1360 2258 ubi
1370 2198 1454 2273 apud
1468 2214 1500 2255 se
1508 2196 1695 2270 requiescere
1703 2193 1822 2262 debeat,
1833 2190 1977 2266 prebent

265 2299 334 2356 sibit
346 2314 480 2372 peream
492 2299 563 2372 (lec,
580 2315 667 2369 xxxv,
684 2300 722 2372 9).
741 2322 755 2350 ιι
772 2302 805 2356 [ιι
819 2299 894 2372 quid
906 2315 960 2373 pei
976 2315 1095 2370 agium,
1152 2291 1291 2365 Sequitur
1306 2290 1360 2346 :Iit
1390 2289 1461 2345 locis
1477 2285 1676 2344 hummlibus·
1691 2313 1726 2323 -·
1748 2285 1979 2354 ¹1⁰⁰&ssqu

265 2388 322 2446 nisi
336 2403 469 2463 praesens
495 2387 640 2445 saeculum
663 2387 833 2461 accipitur?
854 2388 928 2444 Hinc
950 2389 1095 2445 Dominus
1150 2379 1307 2438 humentia
1322 2383 1393 2436 sunt
1403 2383 1590 2436 terrenorum
1600 2373 1759 2432 hominum
1767 2373 1979 2470 mentes,quas

266 2477 308 2536 ait
323 2493 330 2533 :
346 2496 362 2531 ι
376 2482 453 2546 Ager
466 2480 568 2532 autem
581 2480 626 2532 est
642 2474 776 2532 mundus
793 2475 913 2543 (Malia.
929 2493 993 2548 ιιιιι,
1008 2477 1064 2548 28).
1081 2499 1096 2527 »
1150 2470 1262 2528 humor
1276 2467 1405 2525 canalis
1420 2463 1689 2539 coucupiscentia,
1703 2461 1777 2537 quia
1788 2460 1894 2535 replet,
1914 2461 1979 2517 lliu-

266 2565 338 2636 Agii
348 2579 420 2635 ergo
432 2564 535 2621 bestia
550 2563 692 2620 inberbis
707 2565 856 2620 montium
879 2563 998 2634 ludunt,
1025 2565 1097 2638 quia
1150 2559 1207 2617 das
1220 2557 1299 2616 lacit.
1313 2560 1391 2614 Loca
1404 2557 1517 2630 quippe
1526 2553 1683 2611 humentia
1692 2556 1762 2608 sunt
1770 2566 1865 2624 opera
1874 2547 1979 2648 volup-

267 2653 401 2727 pioJ'ecta
411 2651 448 2708 de
463 2651 669 2724 superioribus
680 2651 710 2709 in
725 2651 807 2708 hunc
821 2653 971 2710 mundum
981 2652 1096 2710 demo·
1150 2651 1248 2705 tuosa.
1263 2647 1301 2703 Iri
1313 2647 1359 2704 lits
1373 2645 1475 2719 itaque
1488 2645 1560 2702 locis
1576 2641 1765 2700 humectibus
1775 2640 1900 2708 dormit,
1909 2655 1980 2713 quia

266 2741 318 2798 nia
329 2739 430 2814 pravis
444 2741 645 2815 superborum
657 2739 801 2814 operibus
811 2741 1006 2799 delectantur.
1018 2744 1097 2800 Bene
1151 2737 1183 2794 in
1206 2735 1405 2810 reproborum
1426 2733 1587 2792 hominum
1608 2731 1726 2788 lubrica
1743 2729 1921 2804 operatione
1935 2744 1979 2784 re-

266 2828 298 2885 in
322 2827 423 2886 herbis
451 2828 570 2896 liidunt,
590 2844 661 2886 cum
683 2828 804 2903 reprobi
820 2829 940 2902 spiritus
962 2830 1098 2887 bumana
1151 2823 1286 2900 quiescit.
1297 2823 1388 2880 Aliter
1403 2839 1410 2878 ι
1424 2825 1614 2895 Possuntper
1627 2819 1695 2877 loca
1705 2817 1874 2885 humentia,
1886 2833 1980 2874 mem·

266 2918 360 2976 corda
374 2917 414 2976 ad
429 2917 544 2974 illicitas
557 2917 752 2988 cogitationes
776 2919 963 2993 pertrahunt.
988 2923 1043 2976 Pro
1060 2935 1096 2976 eo
1112 2953 1132 3010 C
1150 2912 1207 2970 bra
1221 2912 1370 2984 genitalia,
1380 2911 1413 2968 id
1427 2915 1471 2968 est
1479 2909 1609 2980 luxuria,
1618 2907 1780 2981 designari,
1791 2913 1822 2964 ut
1832 2911 1925 2981 etper
1932 2922 1979 2964 ca-

266 3008 347 3064 cnim
373 3007 456 3082 quod
480 3006 602 3080 superbi
616 3005 730 3081 quique
743 3008 861 3065 nullum
884 3008 1001 3066 malum
1014 3008 1096 3079 cogi-
1151 2995 1979 3074 lamamgloriasuperbia,eiperloeahumeniia,luxu-

266 3096 359 3154 tando
374 3099 562 3170 praetereunt,
578 3095 662 3152 nulla
676 3099 721 3153 est
735 3096 800 3168 agri
813 3095 910 3153 bestia
939 3113 1006 3170 quis
1034 3112 1097 3154 non
1151 3091 1196 3148 ria
1205 3090 1340 3164 corporis
1349 3090 1545 3162 exprimatur.
1556 3085 1741 3162 tiuoquippe
1755 3085 1903 3142 haecsunt
1915 3085 1981 3142 vitia

265 3185 376 3242 horum
390 3185 540 3242 montium
555 3183 651 3240 herba
664 3183 795 3242 satietur.
811 3185 969 3258 Sequitur:
1152 3195 1220 3254 quae
1229 3181 1364 3236 humano
1372 3177 1474 3252 generi
1483 3176 1656 3234 immaniter
1662 3173 1859 3232 dominantur
1869 3191 1876 3230 :
1886 3190 1980 3231 unum

302 3273 392 3329 Veiis.
408 3277 450 3329 io.
467 3272 530 3330 Soli
545 3273 653 3329 umbro
666 3272 787 3328 dormit.
804 3303 838 3312 -
853 3273 1050 3330 Obumbratio
1065 3274 1096 3331 in
1151 3268 1288 3326 videlicet
1311 3266 1442 3340 spiritus,
1467 3270 1558 3339 atque
1586 3265 1668 3324 aliud
1692 3262 1802 3322 carnis.
1829 3263 1980 3337 Antiquos

267 3375 353 3418 sacro
370 3359 491 3433 eloquio
515 3359 681 3432 aliquando
701 3359 868 3418 incarnatio
880 3361 998 3418 Domini
1013 3362 1097 3436 poni·
1150 3355 1252 3432 itaque
1264 3355 1358 3414 hostis
1382 3355 1553 3412 humanum
1568 3369 1665 3426 genus
1685 3354 1729 3410 vel
1752 3367 1807 3426 pei·
1820 3349 1980 3410 elationem

266 3451 324 3514 tur,
347 3447 493 3505 utillud:
511 3448 635 3504 ivirtus
660 3447 804 3506 Altissimi
824 3449 1019 3508 obumbrabit
1043 3450 1097 3508 tibi
1150 3445 1326 3519 precipitat,
1356 3443 1404 3501 vel
1432 3459 1486 3516 per
1503 3441 1655 3500 luxuriam
1682 3440 1802 3516 premit,
1828 3439 1979 3516 quosdam

266 3538 350 3608 (Luc.
367 3552 386 3608 i,
404 3535 456 3608 ιιι).
473 3557 487 3585 ιι
504 3534 676 3608 Aliquando
689 3535 798 3592 mentis
808 3535 993 3610 relrigerium
1006 3554 1025 3595 a
1039 3538 1095 3596 fer·
1151 3549 1223 3591 vero
1235 3533 1324 3590 etiam
1334 3533 1366 3589 in
1380 3535 1506 3605 unoque
1520 3531 1664 3605 possidet.
1682 3530 1821 3605 Sequitur
1835 3546 1844 3586 i

265 3623 518 3682 vorecarnalium
532 3623 758 3694 cogitationum.
772 3623 911 3682 utillud:
926 3647 940 3678 ιι
955 3627 1016 3684 Sub
1030 3644 1098 3686 um·
1187 3621 1276 3678 Vens.
1308 3620 1350 3676 li.
1365 3621 1532 3692 Protegact
1561 3620 1676 3678 ambra
1693 3619 1832 3676 aratrum
1856 3620 1932 3689 ejiis.
1947 3647 1977 3658 -

265 3711 455 3772 braciorum
483 3718 604 3770 tuarum
629 3717 751 3788 protege
775 3729 824 3772 me
839 3715 933 3788 (Psoi.
948 3731 1009 3786 xvi,
1025 3717 1064 3790 8).
1080 3739 1096 3769 ιι
1152 3710 1270 3768 timbre
1284 3708 1397 3783 quippe
1422 3712 1494 3766 sunt
1517 3707 1631 3766 diaboli
1657 3723 1764 3766 omnes
1779 3706 1878 3782 iniqui
1896 3725 1904 3778 ;
1930 3705 1980 3780 qui

154 3865 158 3874 K
227 3797 317 3858 'Vel
338 3819 346 3858 ι
369 3800 463 3858 «sab
477 3801 588 3858 umbra
602 3801 681 3858 illius
695 3817 789 3876 quem
808 3801 1020 3861 desiderabam
1032 3805 1097 3863 sedi
1151 3799 1227 3856 dum
1252 3797 1410 3855 imitationi
1436 3797 1601 3871 iniquitatis
1622 3797 1687 3870 ejus
1706 3797 1882 3866 inserviunt,
1894 3795 1980 3870 quasi

266 3890 368 3960 (Cant.
379 3906 409 3960 ii,
423 3894 461 3960 3).
474 3913 488 3942 ιι
500 3889 671 3965 Aliquando
686 3891 808 3950 umbras
820 3892 1010 3950 recedentem
1024 3894 1096 3952 cha·
1152 3888 1192 3946 ab
1206 3887 1272 3960 ejus
1296 3903 1422 3962 corpore
1437 3886 1577 3957 imaginis
1593 3885 1726 3960 speciem
1750 3885 1883 3943 trahunt.
1916 3887 1980 3942 Um·

265 3979 505 4052 ritatemfrigidie
513 3979 622 4037 mentis
633 3979 809 4055 accipimus,
821 3979 897 4039 sicut
906 3981 944 4039 dc
952 3988 1096 4056 peccante
1150 3977 1214 4034 brae
1238 3976 1339 4051 itaque
1354 3975 1496 4034 umbram
1519 3979 1700 4049 protegunt,
1721 3975 1794 4050 quia
1808 3979 1980 4049 peccatores

265 4067 389 4126 homine
404 4068 586 4140 dictumest,
601 4069 675 4143 quia
687 4073 807 4127 secutus
821 4071 1098 4130 estuinbras.Non-
1150 4065 1265 4139 quique
1292 4065 1324 4121 in
1351 4081 1413 4139 quo
1442 4063 1499 4121 sibi
1526 4063 1606 4121 male
1635 4067 1705 4124 siint
1719 4063 1843 4133 conscii.
1856 4063 1890 4120 in
1902 4079 1939 4121 0⁰
1954 4066 1981 4118 01

265 4173 424 4230 nunquam
438 4173 510 4214 vero
524 4157 735 4232 per-umbram
747 4157 785 4230 (si
798 4161 981 4216 tamencum
995 4160 1095 4233 adjec·
1151 4153 1245 4212 alium
1255 4157 1431 4227 peccantem
1445 4152 1519 4210 duni
1532 4150 1981 4228 corripiunt,deieudunt·0u0d

265 4244 345 4302 tione
360 4244 464 4300 mortis
477 4245 619 4318 ponatur)
633 4243 682 4301 vel
696 4261 780 4301 mors
796 4245 895 4302 carnis
908 4248 1094 4321 exprimitur,
1152 4243 1261 4301 adhoc
1273 4243 1418 4300 nimirum
1433 4242 1532 4300 studio
1546 4242 1670 4314 faciunt,
1686 4259 1724 4301 ne
1748 4242 1822 4300 duni
1838 4241 1932 4317 culpa
1951 4243 1980 4298 in

266 4330 407 4388 utillud:
423 4351 438 4382 ιι
452 4335 486 4388 Et
513 4332 669 4406 cooperuit
682 4348 739 4390 nos
752 4333 862 4392 umbra
882 4335 986 4392 mortis
998 4335 1093 4407 (Psat.
1111 4303 1133 4358 ὓ
1152 4349 1214 4407 qua
1236 4337 1265 4389 et
1291 4333 1349 4406 ipsi
1374 4332 1499 4403 obligati
1514 4336 1594 4404 sunt,
1609 4331 1642 4389 in
1664 4332 1730 4390 aliis
1757 4333 1927 4406 corrigitur,
1943 4330 1981 4389 ed

266 4421 545 4492 xiiii,20).»1ti0rs
561 4421 675 4494 quippe
703 4423 803 4478 carnis
817 4423 920 4494 imago
935 4427 979 4480 est
992 4423 1096 4480 mortis
1150 4421 1233 4496 ipsos
1259 4421 1444 4496 quandoque
1468 4421 1613 4480 veniatur.
1641 4422 1714 4479 ilinc
1739 4423 1889 4497 propheta
1917 4421 1980 4478 ait:

266 4514 395 4567 aterne.
421 4508 471 4566 Vel
493 4513 572 4568 certe
585 4524 668 4567 mors
687 4510 839 4580 diabolus,
854 4511 975 4570 utillud
989 4529 996 4570 :
1010 4517 1096 4571 «No-
1151 4532 1166 4562 ιι
1182 4511 1322 4570 oriuntur
1335 4512 1366 4568 in
1380 4511 1523 4568 domibus
1537 4511 1643 4586 spinae,
1669 4517 1699 4570 et
1714 4511 1825 4581 urticae,
1841 4517 1872 4570 et
1882 4511 1981 4586 paliu-

266 4597 392 4656 menilli
416 4613 499 4656 mors
520 4600 626 4672 (apoc.
642 4615 681 4673 ιι,
697 4600 760 4674 8).»
781 4600 892 4658 [imbra
906 4603 1097 4672 ergomortis
1149 4599 1474 4659 rusinmunitionibus
1488 4601 1554 4674 ejus
1570 4601 1638 4675 (isc,
1652 4618 1747 4672 xxxiv,
1766 4603 1809 4676 14)
1835 4601 1982 4676 »bbiper

266 4691 336 4745 sunt
349 4702 456 4745 omnes
471 4687 602 4762 reprobi,
616 4689 670 4762 qui
683 4687 763 4746 illius
776 4690 943 4764 nequitiam
958 4689 1096 4750 elationis
1150 4691 1261 4748 uideas
1277 4689 1493 4762 cogitationum
1506 4691 1688 4764 prurigines,
1703 4705 1758 4764 per
1774 4691 1879 4766 spinas
1893 4691 1982 4748 vitio-

265 4777 430 4847 imitantur,
446 4778 573 4852 eiusque
596 4778 760 4850 imaginem
774 4779 866 4854 quasi
879 4779 1021 4838 umbram
1045 4797 1096 4838 ex·
1150 4795 1218 4837 rum
1232 4780 1421 4852 punctiones,
1437 4779 1624 4853 accipimus;
1650 4797 1704 4854 pei·
1718 4779 1874 4855 paliurum
1897 4795 1980 4846 vero,

267 4864 410 4938 primunt.
425 4867 486 4924 ιιοιι
499 4872 602 4924 autem
614 4866 682 4926 loco
706 4867 817 4926 umbra
838 4869 977 4943 nequitia
993 4874 1097 4944 torpor
1150 4883 1219 4942 qua
1235 4869 1324 4942 spina
1337 4872 1382 4926 est
1404 4867 1597 4942 densissima,
1612 4870 1871 4946 nequissimorum
1881 4871 1983 4929 tuitio-

267 4953 420 5028 accipitur,
434 4955 465 5012 in
480 4971 542 5029 qua
556 4955 621 5030 ipse
632 4957 795 5014 behemoth
809 4957 929 5031 dormit,
944 4959 1018 5032 quia
1028 4975 1098 5016 con·
1150 4972 1221 5014 nem
1232 4957 1437 5028 intelligimus.
1453 4959 1695 5018 circumdabunt
1707 4975 1772 5019 eom
1797 4961 1907 5020 salices
1923 4969 1983 5020 toi·-

267 5043 418 5102 tracorda
430 5041 562 5102 claritate
575 5043 701 5102 calentia
716 5044 860 5103 sollicitus
871 5046 984 5119 vigilat,
1000 5047 1031 5104 in
1043 5047 1095 5104 fri·
1150 5047 1253 5104 rantis.
1267 5077 1302 5088 -
1331 5051 1364 5104 ln
1390 5063 1477 5106 sacro
1500 5048 1620 5124 eloquio
1649 5049 1776 5108 salicum
1798 5065 1917 5109 nomen
1931 5051 1982 5110 ali·

267 5131 590 5206 gidisautemsecurus
599 5133 691 5206 jacet.
705 5133 837 5192 Dormire
852 5135 942 5192 etiam
961 5138 993 5193 in
1008 5151 1096 5194 senc·
1150 5135 1275 5210 quando
1290 5135 1503 5209 proriiiditate
1525 5137 1600 5196 boni
1624 5139 1756 5214 ponitur,
1775 5140 1899 5199 utillud
1914 5157 1984 5215 pro·

266 5227 367 5280 torum
381 5220 524 5280 cordibus
538 5237 601 5280 non
613 5226 721 5296 potest,
734 5223 808 5298 quia
821 5223 847 5281 si
874 5225 999 5298 quando
1019 5241 1050 5282 se
1063 5224 1095 5282 in
1149 5224 1264 5298 phetes:
1276 5246 1290 5276 ιι
1305 5225 1522 5284 Germlnabunt
1533 5226 1564 5284 in
1575 5227 1676 5286 herbis
1691 5228 1768 5286 sicut
1780 5229 1888 5288 salices
1895 5231 1985 5304 juxta

267 5309 561 5369 elsadmomentum
577 5309 714 5385 collocat,
730 5315 901 5370 laniacum
914 5313 1095 5372 vocesexci-
1149 5313 1276 5373 fluentes
1300 5329 1398 5391 aquas
1426 5317 1525 5390 (Jocri.
1550 5334 1627 5387 ιιιιι,
1642 5317 1706 5392 4).“ι
1734 5319 1912 5394 Aliquando
1928 5335 1984 5396 pro
2041 5307 2042 5318 ’

269 5401 342 5470 tant,
358 5402 480 5472 quanta
494 5413 532 5456 ex
544 5398 665 5458 illorum
681 5401 834 5459 mentibus
860 5405 972 5458 sancta
986 5401 1097 5472 cogita-
1149 5403 1299 5462 ιιιιιιιιιιιι
1313 5404 1434 5479 reprobi
1446 5405 1652 5478 designantur,
1661 5407 1779 5465 utillud
1796 5425 1831 5464 ιιι
1845 5407 1986 5468 insalici·

269 5485 363 5544 tiones
373 5487 414 5546 ad
423 5488 532 5546 ciuium
539 5487 679 5547 clamant.
694 5488 776 5546 Unde
788 5489 822 5545 fit
837 5493 869 5545 ut
882 5488 1034 5546 bonarum
1046 5506 1096 5548 ac·
1148 5491 1207 5550 bus
1221 5493 1253 5550 in
1267 5494 1367 5552 medio
1380 5495 1456 5567 rjus,
1474 5517 1488 5548 ιι
1515 5501 1544 5554 et
1565 5497 1681 5572 reliqua
1704 5499 1799 5571 (Pici.
1816 5515 1930 5572 cmvi,
1945 5499 1983 5571 a).

269 5575 386 5634 donum
415 5577 508 5636 armis
534 5579 723 5650 trutinatio
746 5577 945 5652 suspiriorum
973 5578 1097 5655 spiculis
1149 5584 1276 5642 torrens
1290 5583 1392 5658 utique
1413 5585 1547 5644 mortalis
1561 5585 1626 5645 rite
1644 5601 1769 5646 cursem
1783 5587 1938 5662 designat,
1951 5591 1985 5644 ιιι
