4106 6148
846 193 1117 253 constunonas.

625 516 963 640 SANC'I'I
1003 515 1342 637 0120le

664 825 666 830 ,
758 745 967 812 nacmmrsoort
994 767 1210 812 macularensis

306 940 504 1056 tulitin
541 942 582 1055 tt
618 941 750 1055 tttttt
785 937 994 1054 IIIIIIIIII
1030 937 1346 1052 nlntttstttt
1381 939 1660 1054 ttttltllttt

594 1139 692 1212 (Apud
707 1138 862 1202 Warthon,
878 1135 988 1208 buglis
998 1152 1091 1206 sacra,
1107 1140 1177 1194 tom.
1192 1135 1228 1204 11,
1240 1153 1307 1210 pag.
1324 1137 1370 1209 50)

165 1401 344 1460 orthodoxae
358 1401 429 1459 fidei
441 1401 588 1460 iamrrlitio
608 1400 765 1467 ancillatis,
780 1401 955 1475 eisdemque
973 1403 1081 1458 Arare
1097 1400 1234 1471 seminia,
1249 1400 1400 1459 neminem
1417 1401 1554 1476 ejusdem
1577 1404 1729 1477 prosapiei
1750 1404 1841 1479 phisi-

129 1492 329 1550 eoclesiastioo
354 1493 566 1550 antistantibus
590 1493 746 1566 proposito
769 1506 957 1566 quaquaver-
1010 1488 1111 1560 legam
1132 1490 1246 1547 nesoIre
1268 1489 1419 1564 profiteor.
1435 1491 1539 1564 [Igitur
1563 1491 1838 1550 venerabilissimas

69 1599 74 1606 ·
129 1597 197 1638 sum
212 1580 304 1648 orbis,
317 1585 378 1638 tam
392 1579 573 1637 instantibus
596 1595 751 1654 quamque
766 1579 882 1648 tuturis,
897 1581 956 1636 0no
1010 1578 1091 1636 beati
1106 1579 1285 1636 confessoris
1301 1579 1407 1638 Christi
1430 1579 1568 1638 wilfredi
1592 1581 1734 1655 reliquias
1759 1580 1842 1640 inde·

129 1669 402 1727 borobernicarum
416 1669 508 1742 opilio
523 1669 681 1726 ovillarum
694 1669 724 1726 in
738 1673 850 1726 sanctae
862 1666 958 1724 humi·
1011 1667 1089 1724 centi
1099 1667 1259 1725 sentinosae
1271 1667 1421 1739 voraginis
1432 1667 1491 1726 situ
1505 1669 1667 1741 marcidas,
1680 1669 1742 1728 imo
1756 1671 1841 1745 quod

128 1758 218 1816 litatis
231 1758 421 1816 connectione
436 1757 595 1832 collegium
610 1761 640 1815 et
650 1757 681 1816 in
702 1773 850 1820 concessu
876 1756 959 1814 mex·
1012 1755 1094 1814 dIctu
1108 1773 1230 1832 quoque
1244 1756 1457 1816 meticulosum
1468 1761 1524 1826 est,
1538 1757 1733 1831 prelatorum
1746 1760 1841 1817 horri-

129 1849 244 1906 haustee
259 1846 451 1904 beatitudinis
465 1845 640 1920 tripudium.
1012 1845 1154 1920 pilatione
1168 1845 1331 1918 neglectas,
1346 1863 1417 1904 eum
1432 1845 1503 1904 inde
1517 1846 1637 1906 lavante
1656 1851 1717 1906 Deo
1732 1849 1842 1908 scilieet

165 1938 263 2008 Sages
276 1935 419 1992 humanae
443 1934 622 1992 curiositatis
635 1934 784 1992 industria
795 1932 870 1991 dnm
882 1933 960 2006 iugi-
1012 1940 1041 1992 et
1054 1934 1122 1992 loco
1137 1935 1212 2008 (273)
1223 1934 1351 2010 sepulcri
1372 1936 1438 2008 ejus
1461 1935 1587 2010 quidam
1610 1937 1841 2012 transtulissent,

132 2029 177 2082 ter
187 2023 353 2098 aggeratim
370 2023 428 2081 sibi
440 2023 597 2098 provideat
610 2022 723 2092 labilia,
739 2023 816 2080 adeo
826 2021 958 2096 plerum-
1012 2027 1182 2080 reverenter
1196 2023 1310 2098 excepi,
1325 2027 1416 2098 atque
1430 2023 1508 2081 intra
1531 2024 1680 2084 ambitum
1693 2031 1842 2100 metropo-

131 2130 192 2188 que
205 2112 369 2188 protelatur
383 2112 617 2187 philanthropia,
640 2117 674 2169 ut
699 2110 960 2170 intransmeabiles
1012 2111 1123 2180 litante,
1133 2111 1183 2168 oui
1193 2113 1288 2184 gratia
1299 2113 1350 2170 liei
1361 2113 1519 2187 praesideo,
1530 2113 1666 2172 Ecclesiae
1676 2113 1841 2189 collocavi]

130 2206 245 2260 natura
270 2205 367 2258 metas
392 2200 553 2258 insolenter
567 2199 740 2274 praeteriens
757 2199 959 2273 undecunque
1013 2200 1178 2258 Proesertim
1189 2206 1314 2272 cogente
1322 2201 1371 2260 illo
1382 2201 1570 2274 evangeliste
1584 2202 1839 2272 testImonio‚meo

129 2291 236 2362 etjam
251 2289 414 2348 Inficiando
428 2287 668 2363 conquirendum
683 2287 746 2346 lore
764 2287 957 2362 preordinet.
1013 2287 1151 2346 videlieet
1175 2288 1371 2364 apologetico.
1390 2291 1464 2351 (luia
1487 2289 1657 2364 adhucque
1669 2292 1764 2363 suerit
1776 2307 1842 2349 cer·

129 2379 244 2436 Etenim
260 2395 297 2436 cx
311 2394 373 2452 quo
387 2377 520 2452 paradisi
542 2377 686 2434 terrestris
708 2375 866 2451 primicola
879 2375 960 2450 vipe-
1009 2393 1080 2448 pus,
1095 2379 1362 2450 congregabuntur
1382 2385 1410 2436 et
1430 2380 1542 2452 cpuiloe
1558 2379 1677 2452 (Metti.
1692 2395 1773 2446 xxiv,
1784 2381 1840 2454 28).

129 2468 196 2526 rina
220 2467 322 2524 minus
350 2465 509 2540 praesensit
535 2465 647 2532 eludia,
675 2465 829 2540 dilatoque
854 2464 960 2523 mortis
1014 2465 1116 2539 ltaque
1130 2470 1219 2523 natta
1234 2470 1357 2540 tamque
1374 2470 1432 2524 lieo
1460 2466 1560 2538 digne
1581 2466 1732 2526 affinitatis
1746 2467 1842 2526 deleo·

130 2557 312 2630 compeudio
326 2555 428 2613 dehita
442 2555 565 2613 moleste
577 2556 668 2630 ooepit
679 2553 815 2612 afflictari
829 2553 958 2624 solertia,
1014 2557 1093 2611 tatus
1105 2553 1265 2620 vicinitate,
1277 2560 1305 2611 ct
1325 2554 1449 2614 editiore
1471 2571 1522 2614 eas
1545 2555 1671 2613 entheca
1684 2555 1840 2627 decusare,

131 2646 282 2721 insopibili
297 2646 357 2703 lere
372 2645 536 2704 mundialis
546 2645 710 2704 enormitas
724 2648 879 2717 grassatur
892 2659 960 2718 par-
1014 2647 1043 2700 et
1056 2642 1203 2716 excerptis
1212 2641 1251 2699 de
1263 2641 1340 2700 libro
1354 2643 1419 2700 vite
1429 2637 1495 2714 ejus
1505 2643 1648 2714 flosculis,
1660 2659 1740 2702 novo
1750 2661 1842 2720 opero

132 2735 272 2797 elmonIa.
299 2735 379 2792 unde
403 2739 432 2792 et
458 2733 662 2792 obstinatioris
685 2733 838 2809 parcitatis
857 2733 959 2791 silves·
978 2730 1224 2806 gpretiumduxi
1240 2731 1374 2790 carterius
1387 2737 1558 2791 venustare.
1573 2732 1649 2791 Illud
1662 2749 1842 2808 quoquene-

131 2831 215 2884 cente
240 2825 418 2901 propagine,
431 2824 537 2900 fasque
560 2823 705 2899 nefasque
725 2823 876 2882 interdum
896 2839 959 2882 aon
1013 2820 1176 2878 truendum
1201 2820 1233 2878 in
1256 2820 1358 2888 calice.
1382 2837 1421 2880 ne
1443 2821 1496 2896 qui
1511 2838 1560 2880 uro
1574 2827 1715 2896 caperato
1737 2825 1842 2896 gangit

131 2915 298 2972 admodum
323 2913 450 2972 discrete
470 2913 673 2989 compaginat,
690 2914 847 2971 Enimvero
869 2912 959 2972 nobis
1013 2909 1197 2968 suscendum
1210 2910 1257 2982 ts..
1274 2909 1512 2984 suspriendum]
1528 2910 1688 2985 supercilio
1704 2911 1841 2987 lmpidis·

131 3001 333 3062 inenacuabili
348 3000 567 3074 [inenervabili]
582 3000 714 3058 veritatis
731 2999 878 3058 testudine
903 3017 957 3074 ga·
1012 3000 1089 3058 simo
1100 3000 1147 3072 [fi.
1162 2998 1386 3073 limpidissimo]
1397 2999 1448 3057 Dei
1463 2999 1549 3058 nutui
1572 2999 1704 3058 absurde
1729 3002 1841 3061 nitetur

129 3093 215 3151 lcafis
240 3091 378 3162 congruit
392 3089 579 3148 normalibus
595 3089 714 3161 agenda
729 3088 881 3148 rubricare
896 3106 958 3148 me·
1012 3089 1166 3161 retragsri,
1179 3087 1254 3146 dum
1266 3087 1299 3145 iit
1309 3087 1340 3146 in
1350 3093 1428 3146 terra
1435 3088 1509 3150 nihil
1519 3088 1583 3146 siue
1597 3104 1699 3150 causa.
1712 3091 1841 3158 Quando

130 3182 240 3246 thedis,
252 3186 376 3239 eatenus
389 3179 540 3255 precipue
556 3184 587 3236 ut
602 3178 762 3236 ooenutenti
785 3177 872 3238 flocci
886 3194 958 3253 pen·
1012 3178 1137 3253 quidem
1160 3177 1328 3251 imperitate
1339 3177 1414 3234 vitat
1425 3177 1500 3236 illud
1520 3179 1690 3237 comicum:
1706 3180 1839 3240 Auatha

129 3273 234 3329 tientes
257 3270 342 3326 lucra
365 3267 547 3336 commercii,
565 3267 747 3343 propheticis
762 3267 957 3326 concentibus
1012 3275 1095 3326 teneo
1110 3268 1225 3338 trapam.
1245 3268 1336 3324 Porro
1360 3266 1477 3324 acerbes
1496 3266 1702 3326 ternicositatis
1716 3268 1839 3341 injecta-

129 3360 304 3418 studeanrus
319 3357 426 3432 aptari.
442 3356 509 3415 nihi
522 3362 623 3414 autem
637 3356 780 3428 dieentes,
794 3357 958 3416 Autem
1011 3373 1071 3431 que
1080 3355 1282 3431 deperationis
1298 3354 1472 3426 angelogias
1487 3355 1586 3420 intrito
1608 3357 1838 3418 universalitatIs

128 3451 188 3508 Deo
200 3450 307 3506 beurim
324 3455 389 3507 est:
404 3448 509 3522 quatu
532 3463 563 3506 re
577 3463 614 3506 ex
633 3447 781 3505 diametro
796 3449 956 3505 connecta-
1011 3447 1191 3522 epithemate
1206 3449 1234 3502 et
1257 3444 1412 3502 ambrosio
1435 3444 1657 3504 dictionalitatis
1680 3446 1837 3506 collemate

129 3543 194 3607 tur;
210 3553 272 3594 non
287 3537 312 3594 ei
336 3537 475 3594 tumulari
496 3552 558 3594 non
580 3535 698 3594 bonum
722 3539 777 3594 ost.
802 3533 956 3610 Siquidem
1010 3533 1184 3601 indulcabo,
1195 3533 1316 3604 rirrgens
1331 3549 1400 3592 curn
1417 3533 1600 3604 giganticida
1614 3535 1837 3609 Dominozla’go

127 3643 274 3700 qrrorsuut
288 3627 334 3682 lrrc
350 3625 442 3683 velint
456 3625 583 3682 evadere
597 3624 741 3682 minutiae.
763 3621 956 3696 hujuscemi-
1010 3627 1042 3682 in
1069 3624 1196 3680 Doruino
1224 3623 1352 3692 speravi.
1382 3623 1483 3680 Ouinia
1506 3638 1631 3694 speruus
1653 3625 1684 3681 ia
1711 3626 1836 3684 Dornim

127 3713 202 3770 cello
219 3713 390 3770 brachilexii
398 3713 592 3784 contignabo.
604 3715 781 3770 Innumeras
790 3711 955 3784 anglorum
1010 3713 1172 3772 exsultabit
1187 3717 1214 3768 et
1231 3712 1385 3768 tutabitur
1396 3713 1428 3768 in
1449 3712 1656 3770 misericordia
1676 3717 1751 3784 ejus.
1770 3716 1837 3787 Ego

127 3803 288 3875 imperium
312 3802 490 3858 sustinuisse
512 3801 583 3859 olim
612 3800 787 3874 discordias)
802 3801 914 3874 quibus
927 3805 956 3859 et
1008 3804 1104 3874 igilur·
1128 3801 1286 3858 minitatio
1300 3805 1328 3856 et
1349 3800 1475 3858 laetabor
1488 3807 1520 3857 tu
1542 3801 1748 3860 misericordia
1771 3806 1836 3874 &aa
1938 3797 1940 3800 ’

127 3890 320 3964 antitpuorurn
340 3889 463 3946 vulnere
489 3889 643 3947 domicilia
660 3894 793 3964 patrum,
805 3893 834 3946 et
858 3889 955 3948 multa
1008 3889 1103 3962 (Paul.
1117 3903 1182 3960 axx,
1198 3887 1329 3961 taeqqh

126 3977 326 4050 religiositatis
341 3977 451 4034 unione
465 3977 593 4044 fuscata,
609 3977 732 4035 theorici
746 3977 843 4036 cultus
853 3977 954 4037 absol·

159 4076 286 4220 gilbus}
313 4077 376 4134 toro
402 4075 484 4150 apud
508 4074 656 4134 ltabillon.
683 4079 747 4133 ltct.
775 4075 954 4135 moedicia.
980 4091 1050 4134 aaa.
1073 4093 1102 4148 v,
1123 4090 1154 4150 p.
1179 4079 1243 4146 283,
1267 4073 1488 4149 unitateque
1511 4073 1597 4132 uncis
1622 4073 1740 4133 inclusa
1764 4080 1835 4134 sunt

125 4163 156 4204 re
181 4163 244 4203 erra
281 4163 325 4203 ur.

620 4437 957 4557 sanem
994 4435 1334 4557 ononis
1395 4619 1401 4624 .

755 4653 963 4696 tncntnrtscot’t
982 4652 1203 4696 mnrntutttttsts

486 4876 488 4884 ,
566 4779 1381 4906 CONSTITUTIONES

126 4995 154 5056 Τ.
171 5013 283 5078 terpora
302 4994 388 5080 rupis
409 4991 671 5070 &claritudines
690 5007 736 5061 est
756 5015 886 5062 (tritium
901 4994 1032 5063 circiter
1049 4997 1192 5062 Domini
1206 4995 1283 5080 stt,
1301 4994 1338 5064 in
1352 4999 1475 5082 quitus
1493 5001 1639 5066 cauetur
1654 4997 1697 5066 de
1711 4999 1826 5082 officio
1855 5027 1861 5036 ·

331 5101 436 5169 repra,
454 5084 727 5170 rrtcyistrutuum,
742 5097 773 5148 ct
786 5087 878 5166 cieri,
895 5104 924 5150 er
940 5082 1124 5173 dejerabis
1139 5083 1296 5151 noceria
1307 5083 1373 5152 rite
1389 5084 1615 5171 conscendis.

549 5223 645 5294 (Apud
659 5223 764 5287 blansi,
781 5224 889 5282 Concil.
903 5223 990 5298 ampl.
1004 5223 1090 5295 Coit,
1106 5229 1128 5279 t.
1140 5223 1241 5292 XVIII,
1256 5224 1311 5280 col.
1325 5225 1402 5300 39³.)

334 5431 452 5489 TITULI
478 5435 732 5494 castrutonntt.
1001 5441 1047 5496 Ill.
1067 5441 1111 5498 De
1124 5443 1223 5514 officio
1238 5444 1453 5515 episcoporum.

122 5503 143 5560 l.
163 5503 568 5562 neimmcnircrencrtests.
1000 5510 1045 5567 lv.
1065 5513 1110 5569 De
1121 5515 1222 5584 officio
1232 5515 1486 5586 presbyterorum.

122 5577 156 5630 tt.
175 5575 218 5630 De
231 5574 422 5630 secularium
441 5575 615 5647 panacem
627 5577 727 5649 officio
741 5581 769 5636 et
779 5577 947 5637 obedientia
1001 5584 1033 5638 V.
1053 5583 1097 5640 De
1112 5585 1213 5655 ospicio
1227 5587 1416 5642 clericorum.

156 5645 300 5718 episeopis
310 5647 496 5718 prastaam.
1002 5655 1047 5711 vt.
1066 5655 1110 5712 De
1121 5657 1221 5726 officio
1233 5655 1460 5716 monachorum.
