4104 6162
257 148 305 204 ιιι
792 135 820 192 s.
838 127 967 192 ooorus
982 125 1129 186 sensns
1144 128 1393 189 trnuuucnusrs
1408 129 1430 184 11
1547 98 1549 102 ’
1884 137 1923 190 „2

253 269 416 338 raptorem,
432 265 465 320 ut
488 260 519 318 in
539 261 719 316 Eramarum
737 254 854 322 dicitur,
875 253 953 312 bene
971 249 1079 308 silurus
1094 251 1117 304 Α
1138 257 1245 310 morat.
1259 251 1423 310 Dicendum
1433 257 1479 308 est
1495 249 1672 322 hujusmodi
1685 249 1755 308 illud
1762 251 1827 308 tob:
1838 254 1923 312 sace

254 353 303 414 ille
317 351 408 425 piscis
423 345 581 420 significat,
594 346 647 419 qui
668 361 738 404 oum
750 344 861 417 jugiter
883 340 958 398 alios
983 339 1081 413 pisces
1136 342 1354 411 essejudicium
1367 340 1433 413 (tol
1445 355 1506 407 xm,
1523 339 1584 412 te).
1600 342 1635 396 ut
1654 339 1740 396 ium:
1762 340 1853 398 Statio
1867 349 1924 400 etse

253 442 384 507 devoret,
404 440 468 510 ipse
487 441 589 493 tamen
605 433 722 507 capitur
743 438 771 490 et
789 436 918 490 roratm.
941 428 998 488 Sed
1012 443 1081 500 rap·
1137 431 1272 498 moverit,
1288 429 1421 488 turbabit
1432 443 1491 497 vos,
1513 433 1651 486 etterror
1662 429 1743 485 illisu
1762 430 1925 500 incompte

253 536 332 590 tores
345 528 596 599 utinamquoeoos
605 522 751 598 supplicia
760 525 913 589 maneant,
924 519 969 576 vol
979 523 1083 576 utcun·
1137 533 1186 576 oos
1208 517 1273 590 (lob
1291 533 1351 588 ιιιι,
1376 519 1429 590 ιι).
1448 520 1481 574 Et
1500 517 1589 574 ilem:
1616 515 1693 586 ocu
1710 519 1818 588 secuda
1837 533 1890 576 osso
1904 536 1925 578 ιι

253 632 312 690 quo
326 615 524 674 addiscerent.
533 613 631 670 Homo
643 611 691 670 ille
706 611 752 666 cu?
766 609 955 666 dictumest:
972 607 1082 674 Stulte,
1108 612 1110 617 “
1136 609 1261 691 moveret
1275 609 1316 666 od
1325 607 1528 680 judicandum
1540 607 1713 675 notities
1727 621 1801 678 xxxi,
1813 609 1858 678 tt).

253 710 339 764 coeto
350 709 485 776 repetant
503 701 634 758 ocimum
656 705 738 756 tuom
753 697 806 756 obs
817 703 863 755 te:
883 711 949 769 qua
965 709 1084 765 prapa-
1172 699 1259 756 xxix.
1276 697 1310 754 Hi
1327 713 1410 767 sane,
1425 711 1503 770 quos
1518 711 1651 769 praesens
1676 695 1767 766 gloria
1787 701 1814 753 et
1832 695 1883 754 rite
1896 699 1927 754 ni·

253 790 654 864 rusticitiosesaotilbuo.
668 786 1084 857 x11,eo)n0ncondemnatos
1139 785 1196 842 mis
1209 784 1345 854 delectat,
1368 801 1500 859 quorum
1518 800 1591 842 voce
1614 785 1757 858 propheto
1778 783 1928 842 dieittltus·

214 923 218 933 -
253 885 339 958 quod
352 882 451 942 ebena
465 880 608 954 rapuerit,
615 879 668 936 sed
676 877 760 952 quod
770 877 801 934 in
815 875 1004 934 multitudine
1014 872 1086 930 divi·
1139 873 1279 932 decenos
1290 883 1318 933 et
1335 877 1479 946 libamus,
1495 889 1562 932 mas
1576 875 1655 932 enim
1669 875 1822 931 merlonus
1835 876 1860 942 (ι
1876 875 1928 932 cor.

253 974 364 1032 tiarum
377 987 503 1028 suarum
516 969 660 1040 gloriatus
675 967 722 1024 sit.
736 966 794 1024 Sed
803 981 902 1038 neque
915 964 963 1022 ille
974 977 1085 1038 purpu·
1139 980 1188 1032 xv,
1209 967 1266 1032 ³2),
1282 964 1381 1022 dicere
1406 964 1519 1022 solent:
1547 966 1605 1022 Cur
1631 965 1708 1020 Deus
1733 963 1841 1019 divitias
1861 964 1930 1034 hujus

254 1067 338 1121 reuss
352 1064 472 1135 propter
485 1059 623 1132 rapinam
639 1056 758 1125 interiit,
773 1055 825 1113 sed
836 1055 908 1128 quia
922 1055 1086 1126 eleemosy-
1140 1053 1207 1109 vilre
1221 1054 1342 1116 creavit.
1359 1054 1385 1110 si
1409 1054 1452 1110 eis
1476 1053 1516 1110 ad
1530 1051 1647 1110 libitum
1662 1051 1705 1110 uti
1718 1067 1776 1108 non
1790 1051 1929 1108 debemnsi

254 1169 327 1210 nam
337 1166 398 1210 nou
407 1148 601 1216 iecitoualos
609 1162 681 1217 ergo
692 1151 763 1204 sunt
771 1145 929 1204 Christiani
939 1149 1084 1217 raptores,
1140 1141 1197 1198 Sed
1212 1142 1483 1200 sufficere'deberet
1504 1141 1555 1200 illa
1568 1143 1614 1198 vis
1631 1141 1740 1215 eloqui,
1754 1155 1812 1214 quo
1831 1141 1929 1196 dicitur:

254 1242 302 1299 vel
321 1239 395 1314 quid
416 1241 567 1298 merentur
585 1236 762 1310 qui—iratres
777 1251 848 1292 suos
867 1233 1016 1300 occidunt,
1031 1249 1086 1306 pro
1139 1231 1240 1289 Nolite
1251 1232 1377 1302 diligere
1390 1232 1547 1301 mandam,
1562 1246 1657 1304 nepos
1669 1245 1704 1288 eo
1722 1245 1785 1302 quse
1805 1229 1833 1284 ta
1846 1231 1932 1286 ιιιιιιιιιο

254 1329 365 1404 quibus
375 1323 1084 1400 enimasponereJ'ubenturlOccidentinquam,
1140 1324 1230 1376 suat:
1247 1321 1318 1392 quio
1332 1321 1436 1393 siquis
1450 1321 1552 1392 diligit
1564 1319 1720 1388 mondum,
1741 1333 1798 1375 oon
1808 1324 1845 1375 est
1857 1317 1932 1374 eled·

216 1437 219 1444 ·
253 1419 329 1476 dum
344 1417 491 1488 affligunt,
506 1415 652 1490 quoniam
675 1429 738 1470 non
754 1413 853 1470 solum
867 1413 920 1486 qui
930 1412 1017 1486 rapit,
1033 1411 1086 1468 sed
1140 1413 1187 1467 tos
1201 1411 1303 1468 Putris
1318 1411 1351 1466 ia
1361 1425 1394 1468 eo
1413 1410 1440 1480 (I
1449 1410 1539 1467 loca.
1559 1423 1592 1482 u,
1607 1409 1662 1481 itt),
1678 1414 1706 1466 et
1728 1409 1829 1479 siquis
1846 1409 1933 1463 amoos

253 1506 307 1580 qui
320 1504 543 1564 mercenarium
556 1501 725 1566 defraudat,
740 1516 796 1574 par
812 1499 972 1557 homicidas
986 1498 1085 1572 perbi-
1140 1500 1205 1568 ejice
1227 1500 1355 1556 svotocrtt
1374 1513 1436 1556 esse
1459 1499 1597 1554 inimicos
1614 1499 1671 1554 Dei
1684 1497 1862 1554 constituitur
1877 1495 1932 1566 (loc.

254 1594 352 1652 betur.
1105 1598 1126 1652 Β
1141 1604 1179 1654 ιν,
1191 1589 1229 1659 t).
1251 1590 1285 1643 Et
1298 1587 1387 1643 item:
1406 1587 1463 1655 Oui
1476 1587 1602 1657 festinat
1620 1587 1724 1656 ditari,
1743 1601 1800 1643 aon
1812 1587 1862 1642 erit
1873 1586 1934 1639 iaso

290 1679 683 1740 montemaureum
697 1679 829 1736 mundus
843 1679 874 1734 in
888 1677 1021 1748 maligno
1033 1693 1085 1749 po·
1140 1692 1208 1734 ceos
1221 1677 1323 1746 (Pr-oo.
1339 1693 1438 1744 xxviii,
1463 1677 1518 1748 22).
1534 1675 1621 1739 Quod
1642 1675 1674 1733 in
1694 1678 1770 1732 Esau
1790 1689 1933 1747 expressum

255 1771 338 1837 situs,
362 1785 544 1843 persuasum
567 1773 612 1826 est
646 1772 748 1826 mmen
778 1766 954 1824 horninibus
983 1765 1085 1822 timere
1140 1769 1194 1834 est,
1207 1766 1260 1838 qui
1279 1765 1368 1824 lentis
1383 1765 1518 1824 edulium
1530 1779 1743 1838 praeoccupare
1758 1763 1880 1835 gestiens,
1890 1761 1933 1834 pri-

255 1862 402 1927 iteum,et
415 1857 586 1916 noneolum
601 1873 663 1914 non
678 1857 801 1928 diligere
814 1857 975 1923 mundum,
992 1855 1086 1913 sedet
1139 1856 1292 1926 mogenila
1323 1871 1393 1929 qua
1423 1859 1488 1913 eret
1519 1871 1577 1912 suo
1609 1859 1745 1928 tempore
1774 1856 1932 1928 percepturus

254 1953 456 2020 contemnere,
472 1952 504 2004 ut
516 1963 572 2020 pro
586 1962 689 2004 amore
703 1945 855 2019 sequentis
868 1946 934 2004 vitae
950 1945 1087 2018 semetip
1139 1944 1249 2002 amisit.
1267 1947 1333 2001 llaec
1360 1959 1444 2014 ergo,
1464 1947 1493 2002 et
1517 1943 1615 2001 merita
1634 1941 1805 2016 hujusmodi
1828 1939 1932 1996 sulficere

255 2054 306 2095 sos
323 2038 365 2095 ed
383 2036 525 2110 quoslibet
539 2039 687 2092 tormenta
700 2034 896 2103 tradiderint;
920 2050 1000 2091 nunc
1014 2049 1085 2090 vero
1139 2032 1294 2107 deberent,
1309 2032 1453 2107 quianon
1467 2037 1565 2107 potest
1579 2031 1658 2091 solvi
1673 2033 1802 2108 sriptura
1811 2049 1817 2101 ;
1826 2030 1846 2086 ιι
1857 2034 1932 2086 unm
2000 2093 2001 2112 ,

254 2124 738 2185 eumuniversaaderuditionem
752 2123 989 2182 Christianorum
997 2123 1085 2197 perti-
1138 2122 1197 2180 boe
1221 2123 1355 2180 humano
1388 2123 1510 2180 metitur
1538 2122 1691 2196 exemplo,
1720 2119 1862 2178 sciendum
1881 2117 1933 2191 quis

254 2220 327 2273 nent
338 2219 368 2273 et
388 2213 487 2272 verbis
499 2218 528 2270 et
542 2213 687 2287 exemplis
709 2212 874 2270 dilucidata
889 2217 967 2280 sunl,
984 2217 1086 2269 tamen
1138 2216 1301 2286 postquam
1315 2229 1334 2270 a
1348 2211 1481 2286 peradisi
1492 2211 1611 2283 gaudiis
1636 2211 1816 2280 decidemus,
1828 2208 1932 2283 spiritun-

254 2305 312 2362 ista
340 2303 430 2361 simul
453 2303 556 2361 o'mnia
586 2306 828 2370 contemnuntur,
858 2306 890 2357 ut
913 2301 1085 2358 ludaeorum
1138 2301 1189 2372 lia,
1204 2306 1237 2358 ut
1250 2305 1330 2366 sunt,
1353 2301 1485 2372 cogitare
1498 2301 1582 2358 nullo
1605 2301 1701 2359 modo
1726 2298 1859 2357 ruamus.
1873 2295 1932 2352 Unde

254 2393 480 2468 perversitatem
495 2391 607 2450 nostris
623 2391 759 2448 moribus
783 2391 882 2446 inesse
898 2390 1084 2448 demonstre—
1139 2391 1252 2449 tectum
1267 2396 1320 2460 ost,
1334 2396 1367 2448 ut
1380 2392 1516 2450 carnales
1531 2391 1646 2466 quique
1658 2387 1932 2463 nuflajmnoserint

254 2499 337 2539 mus.
350 2483 428 2538 Nam
440 2496 512 2550 erga
521 2480 586 2538 illos
601 2479 678 2536 adeo
692 2479 799 2536 divina
810 2477 1086 2552 providentiecoura
1139 2480 1196 2538 nisi
1210 2496 1247 2537 ea
1261 2495 1330 2554 quse
1345 2480 1599 2554 corporeisooulis
1612 2479 1778 2554 palpando,
1788 2483 1818 2536 ut
1828 2479 1863 2534 its
1873 2475 1933 2532 dixe

255 2570 393 2639 intendit,
406 2574 440 2626 ut
452 2584 515 2642 prot
529 2567 642 2624 coeteds
657 2567 834 2624 mortalibus
850 2583 930 2624 nova
942 2567 1085 2641 quaedam
1139 2571 1206 2635 rim,
1235 2570 1376 2640 cognosci
1396 2570 1514 2628 salem:
1535 2586 1591 2628 neo
1605 2585 1640 2628 se
1665 2571 1730 2643 jam
1753 2568 1791 2627 ad
1813 2577 1933 2624 sommam

253 2662 285 2716 et
297 2657 462 2728 magnilica
482 2657 551 2713 vilae
570 2656 707 2714 instituta
721 2660 881 2729 procurata
897 2660 964 2713 sini.
980 2656 1084 2713 Omnis
1138 2675 1243 2717 curam
1255 2659 1377 2731 erigere,
1394 2659 1447 2717 sed
1461 2660 1493 2718 in
1504 2659 1617 2718 infimis
1640 2658 1825 2718 consentiunt
1835 2657 1933 2712 libenbr

255 2745 380 2820 quippe,
393 2749 425 2802 ut
439 2744 479 2802 ila
497 2743 609 2813 dicam,
625 2747 732 2800 natura
750 2743 791 2801 ed
806 2743 1004 2800 ministerium
1018 2759 1084 2800 eru-
1135 2749 1245 2820 jacere.
1259 2750 1393 2812 Quorum
1408 2750 1517 2808 mentis
1540 2751 1703 2808 excaecatio
1715 2749 1747 2806 in
1765 2753 1868 2805 tantum
1880 2742 1932 2799 den

254 2834 377 2892 ditionis
390 2849 496 2892 corum
512 2833 610 2900 servit,
623 2833 677 2906 qui
689 2832 826 2890 videlieet
841 2837 909 2906 post
923 2833 1026 2889 omnia
1041 2832 1084 2889 di·
1139 2843 1204 2894 sala
1217 2841 1273 2910 est,
1287 2841 1321 2894 ut
1334 2837 1437 2908 iidem,
1460 2854 1531 2896 cum
1552 2838 1604 2895 ille
1617 2838 1778 2896 invisibilia
1792 2835 1885 2892 senus
1895 2845 1933 2904 ptr

254 2923 334 2982 ιιιιιο
353 2923 469 2981 volutis
488 2922 628 2992 insignia,
648 2926 716 2995 post
738 2925 853 2980 tantem
878 2921 1004 2990 gloriam
1027 2922 1084 2979 sibl
1102 2927 1376 3000 cexperimentnm
1415 2927 1458 2984 rei
1498 2943 1561 2984 non
1598 2927 1710 2999 valent,
1740 2927 1802 2999 J'am
1828 2921 1933 2980 dubitent

254 3011 369 3085 datam,
385 3027 477 3085 quam
492 3012 650 3084 hueusque
674 3010 808 3067 mundus
826 3011 925 3068 omnis
948 3011 1083 3078 miratur,
1138 3019 1278 3072 utrumne
1292 3015 1330 3072 sit
1341 3016 1455 3090 aliquid
1469 3017 1552 3090 qnod
1566 3016 1665 3074 oculis
1683 3012 1827 3090 corporeis
1838 3025 1888 3068 non
1905 3005 1933 3061 vi

253 3105 346 3174 eaput
355 3100 439 3158 vituli
450 3100 663 3170 adoraverunt,
672 3099 1084 3174 posteababentestemplum
1138 3105 1235 3174 detur,
1249 3105 1308 3161 nisi
1322 3105 1509 3178 quibusdem
1520 3105 1692 3162 visibilibus
1705 3101 1842 3176 exemplis
1853 3095 1932 3156 eaden

253 3189 463 3264 etillaquibos
473 3189 650 3262 quotidiana
663 3188 810 3246 sacrificia
820 3189 1082 3259 consummabant,
1137 3191 1265 3249 visibilia
1289 3193 1519 3266 quodammodo
1535 3197 1782 3261 monstrarentur,
1795 3191 1870 3264 juxta
1880 3181 1933 3242 itlnd

253 3278 400 3336 babentes
421 3277 512 3336 etism
537 3277 702 3351 propbetas
730 3277 805 3334 ulios
821 3277 988 3347 defunctos,
1009 3279 1083 3336 alios
1139 3281 1311 3355 exemplum
1323 3281 1407 3356 quod
1419 3282 1695 3354 beatusGregorius
1709 3283 1739 3340 in
1754 3279 1864 3350 Dialogo
1872 3271 1933 3348 potii

254 3367 439 3441 superstites,
449 3367 502 3440 qui
516 3381 568 3424 eos
590 3370 620 3423 et
640 3365 678 3423 de
694 3366 812 3424 actibus
827 3367 1025 3440 presentibus
1037 3369 1082 3425 in-
1139 3369 1177 3427 de
1191 3375 1296 3440 matre,
1309 3387 1378 3444 quoe
1392 3370 1467 3429 forte
1481 3385 1645 3446 praegnans
1660 3388 1739 3430 osseo
1753 3363 1933 3428 smeeredsm·
2000 3415 2001 3438 ,

253 3455 428 3520 formarent,
442 3459 471 3512 et
485 3455 523 3512 dc
537 3454 670 3528 antiquis
684 3455 735 3512 Dei
748 3455 902 3512 beneficiis
912 3471 1083 3514 commone·
1138 3463 1211 3515 neta
1222 3459 1269 3530 sit,
1284 3463 1313 3516 et
1327 3459 1370 3517 ibi
1387 3461 1495 3532 pariat,
1509 3465 1537 3516 et
1550 3460 1679 3518 nutriat:
1696 3475 1764 3535 quse
1779 3458 1802 3515 si
1814 3452 1932 3524 tiliosjsm
2000 3461 2001 3472 ¹

254 3549 331 3616 rent,
346 3561 413 3619 ques
428 3543 459 3602 in
474 3547 603 3616 AEgypto
618 3543 729 3600 iecerat
752 3544 889 3612 cumeis,
905 3561 971 3617 quse
986 3545 1017 3602 in
1031 3547 1083 3603 de·
1141 3545 1316 3617 intelligenti
1347 3562 1448 3604 rerum
1472 3548 1666 3606 mundalium
1702 3547 1812 3622 species
1840 3551 1933 3600 numu

255 3637 345 3706 serto,
370 3649 438 3708 quite
463 3632 553 3690 etiam
579 3632 611 3689 in
639 3636 716 3690 terra
741 3633 991 3705 repromissionis,
1014 3651 1084 3692 cum
1137 3634 1274 3704 voluerit,
1302 3634 1350 3692 ille
1372 3636 1426 3708 qui
1453 3637 1529 3694 nibil
1552 3637 1610 3694 nisi
1639 3637 1778 3694 tenebras
1803 3632 1875 3698 vidit,
1898 3639 1933 3682 tit
2000 3679 2001 3682 ι

252 3723 383 3795 ingressi
392 3726 481 3780 sunt:
495 3727 597 3780 lamen
610 3723 642 3778 in
655 3720 701 3778 bis
716 3721 943 3779 omnibusnihil
958 3739 1021 3781 non
1036 3741 1082 3782 so·
1137 3723 1336 3796 direquidem
1355 3727 1534 3798 potestque
1560 3715 1660 3782 mater
1685 3725 1798 3794 dixerit,
1818 3717 1933 3790 sedipses

253 3811 319 3870 lum
332 3827 395 3869 non
417 3810 617 3884 proiecerunt,
637 3809 691 3867 sed
713 3809 803 3868 etiam
827 3809 858 3868 in
881 3811 947 3885 ipso
972 3812 1084 3886 templo
1137 3816 1171 3870 ul
1182 3816 1253 3870 sunl
1264 3813 1379 3887 species
1393 3813 1457 3871 sine
1472 3814 1678 3888 experimento
1686 3813 1840 3884 inelligant
1850 3813 1933 3878 nmo*

253 3899 336 3958 idola
348 3900 516 3973 coluerunt,
527 3903 556 3957 ot
569 3915 650 3957 nunc
660 3899 699 3956 de
715 3903 802 3970 gente
816 3899 846 3957 in
858 3905 988 3972 gentem,
1003 3919 1084 3960 nuno
1136 3915 1232 3974 quam
1258 3903 1368 3974 potest.
1395 3904 1436 3958 Ne
1461 3915 1534 3973 ergo
1563 3906 1669 3960 noetus
1701 3901 1815 3960 cacitas
1840 3887 1933 3954 nosti

253 3989 293 4048 de
306 3989 447 4061 regnoad
461 3989 610 4063 populum
619 3987 747 4046 alterum
759 3989 1009 4060 transmigrantes
1020 3991 1084 4048 sine
1137 3989 1286 4047 intellectu
1300 3989 1458 4064 principali
1483 3991 1670 4048 omnimodis
1696 3990 1838 4058 excludat,
1850 3977 1934 4059 placui

252 4079 329 4152 lege,
356 4079 421 4136 sinc
443 4081 514 4150 lieo,
536 4077 601 4134 sino
628 4077 774 4136 moriiicio
801 4077 895 4135 relicti
923 4085 1001 4137 sunt.
1026 4084 1084 4138 Nos
1138 4079 1248 4138 divine
1271 4079 1468 4154 providentia
1481 4081 1623 4154 quadam
1636 4082 1670 4139 in
1684 4083 1743 4139 hoe
1763 4077 1934 4138 mendosae

254 4184 376 4242 quoquc
391 4181 487 4238 genus
501 4166 639 4230 meatim,
658 4166 757 4238 regale
784 4168 997 4242 sacerdotium,
1010 4185 1085 4242 gens
1137 4185 1179 4240 re,
1192 4185 1261 4242 qua
1275 4169 1412 4244 quinque
1437 4169 1577 4228 sensibus
1604 4171 1758 4245 corporeis
1785 4163 1888 4243 ιιιιιοιιιιι
1908 4155 1934 4210 ti·

255 4256 503 4330 sanola,populns
517 4255 846 4330 acquisitionis,quibus
860 4258 1084 4316 manifestatum
1099 4297 1123 4352 D
1136 4258 1275 4316 deantur.
1288 4258 1429 4317 Videlicet
1456 4260 1598 4332 quiedam
1623 4261 1746 4334 placent
1768 4257 1866 4322 colore,
1878 4259 1935 4324 qu&

254 4350 300 4404 cst
311 4361 460 4418 magnum
473 4345 548 4402 illud
557 4345 1008 4421 pietatissacramentum,quod
1019 4365 1085 4407 ma·
1136 4347 1210 4404 dam
1224 4347 1477 4420 odorequaedsm
1492 4363 1610 4421 sapore,
1630 4349 1774 4422 quisdam
1787 4359 1864 4410 sono,
1875 4349 1935 4410 itit&

254 4432 1085 4512 nitestatumestineamejusufieetuminspirituappa-
1137 4435 1210 4493 dam
1224 4435 1283 4493 levi
1307 4440 1403 4494 motu:
1432 4441 1465 4494 ut
1484 4437 1561 4494 sieut
1583 4442 1744 4496 venatores
1767 4421 1934 4494 natatui

254 4523 315 4580 ruit
329 4522 454 4596 angeds,
466 4521 663 4596 praedicatum
670 4526 715 4579 est
722 4522 872 4596 gentibus,
881 4524 1027 4581 creditum
1040 4529 1086 4582 est
1136 4525 1237 4584 bestia
1249 4526 1315 4599 jam
1328 4525 1426 4600 qualis
1442 4525 1492 4584 illa
1507 4525 1603 4584 bestia
1626 4527 1664 4584 sit
1687 4524 1934 4602 experimentum

254 4613 382 4683 mundo,
396 4612 758 4687 assumptuminglorie:
771 4613 824 4686 qui
838 4613 1037 4684 gustavimus,
1052 4618 1086 4672 ut
1137 4614 1200 4686 ligii
1223 4619 1419 4687 cognoscunt,
1435 4615 1478 4673 ita
1500 4631 1556 4672 nos
1570 4617 1682 4690 quaein
1709 4617 1767 4673 boo
1790 4601 1933 4670 mundodi·

254 4703 389 4761 aitidem
410 4702 579 4778 Apostolus,
594 4701 713 4760 sceleste
735 4701 862 4770 donum,
884 4707 917 4760 et
926 4702 1085 4762 illuminati
1136 4702 1247 4761 lectam
1260 4703 1403 4775 videntes,
1416 4689 1933 4778 maneamusquentesintooetesio

254 4792 778 4866 sumus,habentosquoquetantam
788 4791 961 4866 impositam
970 4792 1084 4850 nubem
1138 4793 1163 4850 si
1175 4791 1249 4850 tanti
1270 4793 1416 4850 momenti
1435 4793 1574 4851 videntur
1597 4809 1662 4852 esso
1686 4789 1840 4860 terrestris,
1857 4789 1881 4842 ol
1897 4776 1934 4836 ills

254 4879 384 4944 usuum.
402 4881 541 4938 videlicet
554 4880 693 4938 universe
706 4880 818 4937 Veteris
842 4897 878 4938 ae
892 4880 966 4938 Novi
990 4885 1085 4940 Teste·
1137 4881 1219 4940 velut
1230 4882 1295 4954 J'am
1307 4885 1380 4940 nola
1391 4883 1805 4962 concupiscentesiste‘retro
1815 4875 1934 4935 iaciant!

254 4969 348 5026 menti
365 4969 511 5038 instituta,
531 4985 603 5026 cum
625 4968 804 5026 deberemus
828 4969 979 5044 deponam
994 4986 1084 5028 omne
1137 4971 1215 5028 sicut
1226 4975 1385 5029 venatores
1408 4972 1568 5044 vestigium
1586 4977 1656 5048 post
1674 4972 1801 5031 bestiam
1821 4963 1934 5024 esman-

254 5061 375 5132 pondus
389 5061 419 5116 et
439 5059 635 5116 droumstens
649 5073 705 5116 nos
725 5063 893 5133 peccatum,
909 5064 938 5118 et
957 5075 1011 5134 per
1033 5077 1085 5134 ps·
1138 5063 1191 5117 tes.
1207 5059 1347 5133 alioquin
1362 5061 1439 5119 siout
1463 5067 1615 5120 senatores
1641 5061 1825 5126 frustrantur,
1839 5041 1934 5110 dicti·

254 5148 444 5206 dentiamad
464 5148 653 5222 propositum
669 5163 787 5206 omrero
805 5153 967 5220 certamen,
980 5165 1084 5206 rursus
1137 5148 1221 5220 gium
1245 5153 1364 5207 tantum
1390 5150 1585 5222 admirantes,
1606 5151 1736 5210 besuam
1761 5161 1819 5207 non
1836 5133 1933 5217 quasit

254 5239 295 5296 ed
308 5253 406 5311 egena
429 5237 578 5296 elementa
590 5238 788 5308 devolvimur,
803 5241 833 5296 et
858 5242 973 5306 ventos,
989 5242 1022 5295 ut
1044 5238 1085 5296 ait
1137 5239 1217 5296 rint:
1234 5239 1276 5296 sio
1289 5239 1455 5314 officiperdi
1468 5257 1524 5298 nos
1539 5243 1662 5315 erimus,
1673 5241 1698 5298 ei
1705 5237 1823 5298 caducis
1831 5227 1933 5290 nimium

254 5329 413 5401 propheta,
421 5327 512 5402 quasi
519 5327 667 5385 maeones
678 5327 978 5397 attreuimus,rursus
989 5328 1085 5386 Chris·
1137 5327 1355 5384 inhaeserimus.
1370 5331 1436 5384 fleo
1450 5345 1522 5400 ergo
1536 5329 1640 5388 omnia
1658 5345 1725 5404 quse
1740 5327 1770 5384 in
1784 5318 1887 5382 mundo
1897 5311 1933 5367 di*

254 5417 321 5471 tum
333 5417 539 5489 crucifigentes
553 5421 583 5475 et
592 5415 721 5474 ostentui
740 5414 1085 5489 habentestiuapropter
1137 5415 1537 5490 leotantrestigiaquaedam
1548 5413 1932 5476 sunteoelesttumbenorum·

254 5504 438 5562 omnimodis
459 5506 696 5579 timendumest,
716 5519 755 5562 ne
777 5503 830 5561 fiat
851 5505 882 5562 in
897 5504 985 5562 nobis
1010 5504 1085 5562 illud
1138 5507 1203 5562 Non
1215 5521 1287 5578 ergo
1300 5507 1364 5564 istis
1377 5505 1540 5579 inhiemus,
1556 5505 1822 5582 sodoxporimento
1838 5495 1933 5586 morou
2000 5567 2001 5586 χ

253 5593 338 5666 quen
360 5592 527 5652 seruum
541 5593 703 5668 Apcetdus
724 5593 764 5652 es
777 5591 887 5652 cusu·
900 5592 941 5651 ιιι
954 5608 1085 5654 somne-
1137 5593 1299 5666 oonorum,
1313 5595 1426 5670 quens
1438 5597 1546 5656 mesto
1557 5597 1736 5656 duacum
1753 5595 1805 5650 eu.
1819 5571 1933 5653 sonui
2000 5591 2001 5604 ¹
