4156 6182
190 151 224 203 ⁹7
291 139 293 143 ’
661 147 931 205 PROLEGOMENA.
942 175 978 188 -
994 147 1021 202 S.
1033 146 1164 204 OOONlS
1178 148 1258 205 Vl'l'A
1272 151 1424 208 ALTERA.
1863 164 1899 220 ⁹8

190 268 310 336 adultae,
335 269 405 340 iura
430 267 607 324 matrimonii
635 283 697 324 non
711 273 867 338 negentur.
885 268 1014 324 Probant
1027 273 1050 324 A
1068 259 1165 341 us'que
1180 267 1220 326 ad
1235 286 1301 340 nos,
1316 286 1389 328 voce
1402 273 1498 330 libera
1513 273 1622 332 referre
1637 275 1719 346 solat,
1734 278 1784 334 vix
1796 284 1897 338 autem

190 339 300 410 singuli
312 338 521 421 quoddiotum
535 343 607 408 erat,
636 341 865 421 taventomnes,
881 339 950 396 etin
966 356 1013 396 sa·
1067 355 1227 412 nunquam
1254 341 1396 470 deinceps
1423 345 1620 425 pertransisse
1636 347 1683 404 sui
1697 355 1897 422 procuratoris

188 410 289 537 piente
302 427 365 468 vrro
384 415 538 466 veritatem
561 409 679 466 consdu
699 411 895 476 admirantur.
913 413 1012 468 Sacer·
1068 415 1216 476 octavam,
1246 413 1320 486 quin
1344 413 1458 488 a'qmd
1481 415 1697 475 benedictionis
1724 420 1755 476 in
1781 437 1845 480 eos,
1859 438 1896 478 ex

211 487 275 538 oles
289 481 340 554 qui
359 481 483 538 aderant
510 481 694 552 auctmitate,
723 481 774 537 filii
799 482 1014 555 supplicatione
1068 481 1181 538 ltartini
1209 483 1355 540 beneficio
1380 485 1587 544 redundasset.
1618 489 1661 546 tta
1685 491 1896 563 perducentes

189 553 383 623 contendunt,
397 557 430 608 ut
442 552 506 624 ipse
520 551 677 608 adnutum
693 569 782 608 suurn
797 569 874 626 quos
888 552 1014 609 idoneos
1068 552 1127 608 lere
1155 569 1251 610 annos
1276 555 1408 628 optimus
1436 556 1575 630 provisor
1601 566 1705 616 noster
1731 567 1760 618 et
1780 563 1810 620 in
1829 563 1896 620 Olu-

189 622 297 680 vtderit
310 623 406 694 eliget,
421 627 450 679 et
464 623 620 692 geminum
644 624 732 680 matri
759 640 795 680 ac
818 623 887 680 filiae
908 624 1015 680 consti·
1069 623 1239 682 niacensem
1267 627 1423 684 ecclesiam
1450 627 1581 684 ostendit
1605 631 1709 698 gratiae
1737 649 1799 691 suaa
1820 635 1896 690 veri-

189 694 461 768 tuatprovisorem.
479 695 609 768 ipsequi
625 695 731 750 melius
746 695 928 768 probaverat
942 695 1013 750 sub·
1069 698 1171 766 tatem,
1197 701 1225 752 et
1239 697 1318 754 circa
1339 715 1429 754 suum
1454 698 1612 756 alumnum
1638 701 1784 774 Odorem,
1810 706 1897 777 cuius

188 764 315 820 ditorum
331 765 451 846 spiritus
468 781 508 821 an
535 768 583 822 Ooi
597 772 707 835 essent,
728 767 825 822 verius
841 771 957 838 potarat
971 765 1014 820 in·
1069 765 1180 822 meritis
1196 767 1333 840 vivimus,
1363 769 1475 826 amoris
1487 770 1533 826 sui
1558 769 1776 844 plenitudinem
1799 775 1896 834 decla·

187 834 285 892 dicare
297 851 365 908 quis
380 841 463 893 tanto
473 835 572 892 ofilcio
584 837 695 906 dignus
706 842 791 892 esset.
801 839 918 893 Certum
934 835 1013 892 enim
1068 836 1152 892 ravit.

185 905 282 965 fiterat
295 906 379 980 apud
393 923 457 976 eos,
473 923 543 963 eum
567 907 614 963 cui
629 912 712 964 tanta
725 908 816 964 virtus
840 913 903 964 erat
921 907 1015 964 cousi·
1104 907 1444 967 Oluniacensisscelesia
1464 911 1528 982 J'am
1545 912 1684 985 perlecta,
1693 913 1816 987 suisque
1852 933 1897 975 ar-

183 975 257 1058 lium
273 977 474 1049 ministrandi,
489 977 714 1034 adfaciendum
728 979 813 1051 quod
827 979 966 1035 dixerats
990 978 1013 1033 i·
1067 978 1147 1034 tibus
1162 979 1311 1049 absoluta,
1327 983 1556 1038 consecrationis
1571 985 1697 1054 gratiam
1712 986 1812 1066 postul
1855 993 1895 1044 at.

183 1053 242 1105 rrtu
257 1049 412 1122 sapientia
424 1065 488 1106 non
501 1063 610 1105 carere.
640 1049 743 1105 Victus
755 1049 854 1106 senior
878 995 1014 1106 sacculo
1067 1050 1115 1105 Vir
1131 1051 1247 1107 Oomini
1262 1053 1448 1110 sacerdotem
1463 1053 1648 1128 episcopum,
1670 1071 1722 1136 qur
1737 1057 1896 1114 ecclesiam

184 1123 252 1175 tum
266 1120 433 1176 reverentia
447 1125 476 1175 et
490 1120 629 1193 precibus
641 1119 949 1186 filiorum,tluidonem
966 1135 1014 1176 ve·
1066 1120 1205 1178 dedicare
1217 1121 1349 1191 deberet,
1364 1123 1477 1181 invitat.
1496 1127 1625 1195 Rogatus
1639 1142 1810 1200 episcopus,
1820 1129 1897 1185 siout

186 1189 353 1246 nerabilem
366 1205 403 1246 ne
427 1195 507 1247 otem
522 1207 611 1246 suum
627 1191 788 1247 balmensis
801 1191 932 1247 ecclesiae
946 1190 1015 1247 iecit
1067 1191 1159 1248 moris
1172 1193 1313 1250 divitibus
1326 1210 1389 1250 esse
1402 1195 1486 1262 solet,
1507 1201 1539 1251 ut
1553 1196 1667 1268 stipatis
1679 1196 1821 1255 lateribus
1835 1199 1895 1269 glu

187 1260 349 1342 abbatem3
381 1205 568 1318 Oiirniacensi
593 1267 704 1342 autam·
720 1261 857 1343 coenobio
876 1267 1013 1318 sanctum
1067 1263 1177 1318 riosius
1207 1279 1326 1345 semper
1354 1265 1592 1323 incedantsuam
1620 1283 1721 1325 secum
1741 1270 1894 1342 copiosam

185 1331 1012 1460 tttttlt'dtttblttttttfittriturantis
1066 1333 1896 1476 itttitiitlttltfifittttfittlttttttttttt·

182 1417 391 1532 dilatandain
406 1473 505 1547 primo
517 1446 706 1546 pastore'suo
725 1420 932 1530 sanctiinoniae
948 1475 1013 1530 lun·
1066 1481 1109 1532 tes
1122 1481 1151 1532 et
1163 1476 1373 1549 splendidosa
1395 1483 1529 1550 paratus.
1547 1425 1659 1534 Reeeul
1674 1479 1779 1550 abbas,
1796 1487 1822 1538 et
1836 1483 1896 1538 val-

182 1542 360 1600 damentum
374 1549 403 1600 et
414 1543 566 1615 religionis
580 1545 728 1618 exciperet
744 1544 925 1602 firmitatem.
1065 1545 1101 1602 lis
1116 1547 1206 1603 aridae
1229 1547 1358 1604 minusc
1393 1555 1422 1604 ta
1436 1549 1602 1616 barbaries,
1615 1550 1737 1607 delicies
1751 1569 1828 1625 quas
1844 1554 1896 1609 bo

301 1631 411 1688 Odonss
421 1634 570 1703 promotio
584 1635 739 1704 profectus
755 1636 891 1691 mmm
1026 1617 1047 1672 B
1066 1617 1534 1746 minibusdelicatisapponerent
1544 1621 1784 1690 nonhabebant;
1798 1625 1897 1680 anxie

194 1791 199 1802 Ι
217 1724 261 1778 28.
274 1723 454 1802 Assumptus
470 1721 534 1780 Odo
548 1723 579 1778 in
590 1722 732 1804 habetem
745 1722 814 1779 tecit
825 1722 881 1779 sibi
893 1739 1013 1796 promo
1065 1689 1893 1835 ffgsgrttffiffin‘ffiehgffissipffisffimagisggffiffi'

181 1793 555 1936 ffigffefflfflfflseffi
564 1793 1013 1938 fflffiffllfflonsfflgffilgssssg
1066 1833 1152 1902 ouJ'us
1165 1832 1370 1889 munificentia
1393 1832 1486 1889 servis
1501 1833 1562 1888 suis
1577 1833 1691 1906 aliquid
1712 1833 1817 1892 deesse
1831 1811 1894 1893 non'

180 1935 310 2004 minenS,
324 1935 377 1991 sed
392 1935 488 2017 gratia
499 1935 675 1992 humilitatis
690 1935 1012 2009 inferior,proelationis
1065 1908 1185 1975 pamm·
1203 1903 1234 1958 ¹¹¹
1263 1903 1474 1976 ⁰P⁰p¹¹⁸⁰¹¹¹um
1499 1903 1563 1960 ‘1¹³⁵
1581 1910 1814 1963 ⁰⁰⁰⁸⁶⁰r³t¹⁰¹¹¹⁵
1828 1923 1893 1964 Μ’

181 2003 315 2061 officium
330 2013 436 2061 merito
464 2006 564 2078 potius
580 2011 609 2062 et
632 2007 747 2072 virtute,
774 2023 867 2078 quam
890 2009 1011 2064 nomine

182 2075 244 2130 sive
259 2076 392 2147 potentia
407 2078 467 2131 Deo
491 2075 686 2132 charissimus
713 2077 878 2134 exercebat.
896 2081 958 2134 Non
973 2078 1013 2134 ad

182 2143 331 2202 honorem
356 2143 546 2202 sublimiores
571 2147 682 2217 gradus
706 2147 865 2214 attingens,
896 2148 949 2204 sed
976 2165 1012 2205 cx

183 2215 290 2272 vertice
304 2215 484 2288 praelationis
499 2233 560 2272 suae
575 2217 614 2274 ad
629 2217 769 2275 infimaet
782 2218 951 2276 humillima
966 2237 1011 2276 se-

183 2303 214 2342 se
240 2287 392 2354 deiciens,
417 2287 600 2344 cherismeta
629 2288 752 2344 meliora
766 2290 803 2345 de
823 2289 870 2345 dic
885 2289 915 2346 in
931 2290 1011 2348 diem

181 2305 406 2431 apprelrendere
436 2357 594 2415 nitebatur.
616 2360 761 2415 Dominus
787 2365 888 2418 autem
913 2361 1011 2434 quiin

180 2433 345 2502 conspectu
360 2445 415 2486 suo
428 2429 575 2486 direxerat
603 2430 684 2488 viam
704 2431 778 2502 ejus,
796 2432 868 2488 utin
884 2447 1010 2505 conspe·

180 2503 230 2556 ctu
251 2516 372 2628 puoque
386 2500 546 2557 hominum
569 2501 748 2568 mirificaret,
764 2507 792 2556 et
806 2502 921 2560 clarum
933 2519 1009 2576 quo-

179 2587 239 2652 que
266 2576 363 2628 aceret
376 2585 497 2628 servum
507 2587 606 2642 suum,
618 2572 777 2654 dignanter
787 2575 929 2647 apposuit
941 2591 1010 2648 ope-

179 2658 238 2698 ram
254 2641 599 2765 iniiabssaetpmliffl
615 2659 669 2717 per
683 2659 793 2716 ΨΜ·
843 2735 848 2745 ,
968 2737 973 2749 ,
1063 2682 1100 2762 ad
1114 2687 1232 2755 portem
1248 2682 1379 2740 ecclesiae
1392 2699 1501 2756 aprum
1513 2684 1646 2766 incurrit.
1663 2685 1824 2758 insurgunt
1837 2703 1891 2760 pa-

180 2733 481 2817 AEdlllfflwmfilss,
503 2735 671 2817 opitulante
693 2734 723 2788 S·
752 2735 895 2799 Marivm·
922 2751 1008 2818 ΜΨ
1062 2757 1141 2823 riter,
1151 2754 1320 2810 acclamant
1334 2759 1486 2821 omnes,et
1496 2755 1599 2811 vrcrnis
1609 2755 1751 2812 domibus
1764 2757 1890 2813 fustibus

216 2811 417 2888 WCOOOWU*
437 2805 479 2860 ²1²²
494 2811 588 2887 vapor
613 2821 668 2875 Per
683 2821 778 2862 ammi
793 2805 855 2862 ‘2⁰0-
866 2807 1009 2864 Eccleilae
1062 2824 1219 2897 copulatis,
1235 2824 1312 2880 ultro
1328 2842 1360 2880 se
1372 2825 1546 2882 offerentem
1560 2827 1693 2883 belluam
1709 2829 1797 2884 morti
1809 2829 1892 2884 eddi-

215 2875 397 2932 dedtffllwm
410 2891 578 2932 memma
592 2882 623 2931 αἱ
639 2878 788 2946 supplem·
1063 2899 1142 2952 cunt.
1155 2896 1247 2966 cujus
1257 2911 1362 2952 cernes
1383 2895 1535 2952 artificioc
1578 2913 1687 2953 uorum
1706 2905 1889 2971 preparatae.

214 2967 258 3021 29.
271 2965 348 3020 Cum
359 2965 390 3020 in
406 2964 593 3020 exstruendis
606 2964 793 3036 regularibus
808 2964 935 3022 officinis
945 2965 1045 3024 dili-C
1063 2970 1092 3022 et
1105 2965 1218 3022 deliciis
1245 2965 1466 3038 episcopalibus
1495 2912 1710 3038 safiileeerunt,
1727 2975 1754 3025 et
1773 2969 1892 3025 abbatis

180 3035 311 3106 gentiam
327 3051 414 3092 suam
428 3035 592 3092 insumeret
601 3035 708 3093 beatus
720 3035 795 3100 Odo,
807 3035 913 3092 solatia
928 3053 1007 3094 sum-
1062 3035 1248 3092 verecundie
1262 3035 1436 3092 mirabiliter
1448 3036 1661 3093 subvenerunt.

179 3111 265 3164 tuum
292 3107 473 3164 deiecerunt.
503 3107 694 3164 Exinanitum
719 3107 844 3163 omnino
868 3108 1008 3164 erarium
1219 3107 1251 3163 S·
1265 3107 1373 3162 Moris
1386 3106 1520 3164 chorites
1534 3109 1566 3163 in
1576 3121 1734 3178 pauperes.

220 3195 240 3234 u
263 3178 374 3244 ertatis,
422 3177 473 3234 uid
485 3193 515 3234 rn
530 3194 639 3236 manus
657 3177 818 3250 largissimi
833 3178 947 3234 datoris
961 3195 1007 3236 re·
1098 3179 1143 3258 ³⁰:
1159 3177 1233 3242 Ouia
1249 3179 1343 3259 Oeum
1357 3177 1529 3234 timentibus
1542 3177 1617 3234 nibil
1637 3177 1721 3234 deest
1734 3193 1893 3250 nunquam

191 3265 232 3305 un
256 3253 317 3306 eret
329 3265 390 3305 non
427 3248 831 3306 abebatAEstuabatanimus
847 3249 926 3306 beati
942 3251 1006 3318 viri,
1062 3246 1155 3304 dclurt
1167 3247 1257 3306 beato
1271 3249 1429 3316 v1r0,unde
1442 3253 1471 3305 at
1482 3248 1608 3306 fratrum
1622 3263 1727 3306 curam
1738 3254 1894 3321 gereret,et

179 3326 209 3376 et
223 3319 368 3377 anxietate
384 3319 425 3375 du
448 3319 496 3376 lici
507 3321 710 3393 torquebatur,
722 3320 797 3377 dum
813 3325 841 3378 et
854 3322 1008 3394 operarios
1062 3318 1239 3376 miserorum
1256 3319 1392 3394 inopiam
1413 3320 1593 3377 sublevaret.
1622 3319 1807 3378 Afflictorum
1820 3337 1894 3395 pau·

179 3391 410 3448 irremuneratos
421 3337 619 3458 [limitteretet
631 3396 764 3474 creptum
775 3407 853 3474 opus
865 3391 1008 3450 intermit-
1062 3391 1159 3472 peries
1174 3393 1264 3464 quasi
1286 3391 1413 3474 quidam
1429 3391 1565 3448 caminus
1577 3397 1642 3474 erat
1664 3391 1715 3460 ilfi,
1731 3392 1763 3448 in
1778 3409 1839 3518 spuo
1853 3393 1892 3449 ad

181 3467 241 3519 tere
253 3463 418 3519 verebatur.
439 3466 497 3519 Nec
520 3467 621 3519 tamen
634 3477 665 3518 m
679 3461 877 3520 diffidentiam
892 3464 1007 3522 estela·
1059 3466 1201 3534 pietatem
1232 3467 1261 3520 et
1289 3473 1441 3520 misenam
1467 3463 1545 3520 illius
1580 3479 1695 3520 viscera
1724 3479 1781 3519 con
1805 3479 1891 3520 aren-

203 3551 263 3600 sus,
276 3533 329 3590 sed
344 3533 383 3590 ad
399 3537 470 3591 note
484 3549 640 3590 recurrens
673 3534 799 3598 residia.
817 3551 853 3591 ex
866 3535 1006 3593 thesauro
1060 3537 1117 3590 tur.
1157 3533 1237 3592 Sicut
1264 3539 1401 3608 expetere
1440 3534 1600 3592 videbatur
1629 3534 1676 3590 vel
1710 3537 1826 3606 egestas
1860 3534 1892 3590 in

180 3549 319 3662 lonitetis
333 3605 440 3662 divina
456 3605 638 3680 stipendium
651 3550 872 3662 lenedictionis
888 3623 1008 3681 exspec·
1059 3605 1180 3672 misero,
1204 3605 1251 3661 vel
1278 3605 1458 3679 possibilitas
1474 3605 1503 3662 ia
1518 3611 1641 3680 sumptu
1655 3622 1721 3676 suo,
1747 3604 1891 3676 largitatis
1950 3629 1954 3642 ·

1066 1979 1243 2046 paratuum
1266 1975 1408 2031 immanis
1424 1990 1496 2046 aper
1510 1976 1648 2048 proxima
1674 1975 1780 2034 silvam
1795 1994 1894 2050 egres-

1066 2061 1128 2112 sus,
1143 2045 1183 2101 ad
1206 2046 1423 2102 monasterium
1438 2061 1528 2102 cursu
1554 2047 1670 2118 integro
1684 2049 1890 2120 pertendebat.

1067 2117 1171 2171 Custos
1180 2116 1311 2172 ecolesiae
1323 2117 1426 2172 bestie
1440 2116 1518 2173 ilfius
1533 2117 1646 2174 leritate
1659 2119 1806 2186 turbatus,
1815 2119 1894 2177 intre

1067 2185 1177 2240 ostium
1190 2203 1222 2266 se
1238 2187 1357 2259 recepit,
1371 2187 1458 2268 'quod
1470 2193 1540 2260 post
1562 2205 1594 2244 se
1609 2189 1748 2272 clausum
1762 2191 1892 2272 marotia

1065 2256 1893 2410 ttttttltfitttttt‘·,ttttttltstttttttritta

1064 2403 1166 2470 portas
1182 2397 1443 2470 obsedit,Januam
1455 2399 1532 2472 pede
1541 2399 1651 2474 pulsat,
1665 2405 1693 2457 et
1707 2400 1820 2458 toribus
1829 2419 1894 2476 per-

1064 2473 1233 2526 severanter
1257 2469 1409 2538 assistens,
1437 2486 1492 2527 suo
1518 2487 1601 2527 mure
1620 2471 1762 2597 loquendi
1777 2473 1893 2530 aditum

1062 2539 1251 2665 precabatur.
1265 2541 1384 2596 Interim
1398 2556 1414 2598 e
1437 2541 1576 2614 iscopalis
1589 2542 1662 2600 lami
1672 2543 1703 2599 ie
1715 2542 1797 2600 lectis
1809 2560 1893 2602 exos

1084 2627 1147 2681 ens,
1164 2612 1238 2668 dum
1249 2611 1289 2668 ad
1301 2611 1400 2668 officia
1433 2612 1512 2669 'vina
1526 2613 1727 2684 contenderet,
1740 2616 1891 2687 jacentem

178 3681 230 3733 tet.
245 3677 371 3734 Octavus
384 3675 448 3732 dies
461 3693 479 3734 a
494 3677 620 3734 transitu
631 3675 711 3734 beati
725 3677 839 3735 llartini
853 3693 938 3734 more
959 3695 1005 3735 eo·
1060 3691 1122 3732 sure
1137 3675 1238 3733 sinum
1265 3677 1435 3749 petentibus
1450 3677 1632 3735 exsolvebat.
1662 3681 1755 3734 Nemo
1778 3693 1891 3733 vacuus

178 3747 342 3805 clesiastico
361 3747 524 3818 colebatur,
550 3753 713 3804 nocturnes
739 3749 854 3805 Laudes
876 3748 1007 3806 fraterna
1059 3763 1191 3804 vacuum
1204 3747 1290 3804 ifium
1304 3748 1418 3806 invenit
1429 3749 1557 3822 :quippe
1572 3748 1620 3805 oui
1634 3749 1785 3822 praecipue
1798 3748 1891 3804 luitin

177 3819 297 3876 devotio
308 3818 501 3891 persolverat,
528 3835 598 3876 cunr
620 3819 701 3876 idem
716 3818 812 3900 abbas
828 3819 867 3876 ad
895 3823 1006 3876 statum
1061 3817 1160 3876 studio
1171 3819 1310 3901 supplere
1324 3825 1469 3901 vacuam
1480 3820 1583 3878 inania
1597 3819 1762 3877 cumulare.
1774 3817 1891 3876 Privata

176 3890 308 3958 rediens,
323 3889 430 3946 lectulo
445 3906 477 3946 se
491 3891 611 3963 recepit,
623 3890 745 3946 evanuit
758 3907 789 3947 rn
804 3890 1008 3963 soporemvi·
1059 3903 1165 3946 eorum
1191 3906 1326 3946 susurria
1340 3907 1392 3963 qm
1407 3891 1473 3962 ejus
1488 3891 1708 3964 amplissimam
1721 3890 1891 3960 largitatem

177 3961 272 4018 datin
286 3959 401 4016 somnis
422 3961 522 4016 virum
544 3961 745 4042 personalem,
766 3965 886 4018 matura
900 3961 1007 4018 canitie
1059 3959 1251 4016 indiscretam
1263 3960 1441 4017 effusionem
1454 3962 1615 4028 vocabant,
1623 3961 1776 4018 modestia
1790 3961 1890 4016 verbis

177 4032 397 4094 florescentem,
425 4030 604 4086 stolaetram
626 4031 745 4101 puriore
768 4031 927 4086 vestitum:
955 4031 1008 4104 qui
1061 4034 1089 4085 et
1102 4030 1246 4102 exemplis
1271 4035 1406 4086 veterum
1421 4031 1498 4086 datis
1512 4031 1542 4086 in
1568 4031 1702 4086 medium
1721 4047 1892 4101 compesce-

178 4101 298 4171 virgam
313 4099 444 4173 episcopi
457 4115 550 4155 manu
563 4105 693 4170 gestans,
708 4099 829 4182 pluviali
843 4100 934 4172 pallio
947 4105 1008 4158 ute
1061 4099 1123 4154 bat.
1132 4099 1348 4154 inaestimabilis
1358 4097 1525 4170 amplitudo
1538 4099 1636 4154 cordis
1649 4100 1727 4154 ilfius
1742 4099 1892 4156 formabat

177 4173 277 4230 batur.
293 4170 453 4244 inquisitus
481 4186 550 4226 cum
576 4175 740 4226 reverentia
763 4169 904 4242 quisnam
919 4174 1005 4239 esset,
1063 4169 1120 4226 sibi
1144 4169 1317 4225 occasiones
1345 4173 1373 4225 et
1397 4167 1537 4226 materias
1561 4169 1718 4241 largiendi.
1744 4169 1890 4226 Omnibus

177 4244 357 4372 eptiscoppam
367 4241 451 4298 illum
468 4258 500 4298 se
513 4242 688 4370 espehcujps
702 4240 867 4369 gestivitpetis
879 4240 1008 4369 oglebra-
1019 4317 1043 4370 D
1055 4239 1339 4369 ·⁰,{¹1¹¹¹i³„{ssf,²¹¹{'muss
1343 4239 1487 4369 pffipfius
1510 4240 1634 4299 omnino
1648 4239 1804 4315 prodesset
1814 4241 1890 4298 votis

177 4329 308 4372 reuroo
341 4329 568 4380 vum,asseru1.
601 4329 628 4370 oe
651 4329 660 4368 1
685 4328 700 4368 e
724 4328 807 4369 amer
844 4329 895 4369 um
920 4329 1006 4370 ucere
1062 4328 1156 4369 sem
1233 4328 1246 4366 s
1331 4329 1341 4367 1
1415 4351 1422 4364 .

177 4385 283 4443 oculos
293 4385 324 4442 in
334 4387 561 4452 structuram,et
572 4328 672 4460 pesile
680 4383 806 4440 edificia
838 4399 877 4442 ua
890 4384 1005 4442 ratione
1173 4385 1297 4441 Romam
1307 4389 1409 4454 petens
1423 4384 1636 4443 demoniorum
1653 4385 1770 4443 liberat.

177 4457 315 4514 sederent
340 4455 466 4512 vicinius
491 4455 609 4512 intueri.
639 4455 820 4536 Conversus·
845 4471 948 4513 emum
965 4456 1004 4513 ad
1096 4459 1141 4511 3t.
1171 4457 1326 4514 eonsuete
1341 4453 1484 4512 orationis
1512 4457 1637 4514 obtentu
1665 4455 1830 4531 aliquando
1844 4455 1888 4512 vir

177 4545 248 4586 eum
262 4527 315 4602 qui
330 4543 395 4584 sese
410 4526 530 4584 eminus
549 4525 770 4600 prospectabat,
792 4527 951 4584 videbatur
962 4527 1005 4584 in-
1058 4525 1165 4584 beatus
1181 4529 1308 4584 Romam
1329 4525 1369 4584 ad
1392 4527 1598 4602 apostolorum
1611 4528 1716 4586 limina
1738 4527 1889 4584 visitanda
1972 4535 1976 4544 ’

175 4600 312 4672 jungere,
329 4603 362 4656 ut
373 4615 410 4656 ex
429 4603 579 4671 praecepto
597 4597 692 4670 ipsius
707 4597 747 4654 ad
761 4599 1005 4655 consummanda
1023 4603 1026 4608 '
1058 4597 1209 4672 proiectus
1223 4603 1277 4654 est.
1292 4597 1412 4670 Alpium
1425 4599 1500 4670 juga
1514 4599 1749 4668 transcenderat,
1760 4615 1831 4656 cum
1845 4599 1888 4654 in-

177 4669 303 4728 tedifieia
314 4687 383 4743 quae
397 4673 495 4744 coepta
511 4673 596 4726 erant
616 4669 741 4742 fratrum
757 4686 880 4726 suorum
904 4669 1005 4726 indus·
1058 4673 1102 4725 ter
1113 4669 1165 4727 illa
1178 4673 1331 4743 praerupta
1356 4669 1467 4741 quibus
1482 4669 1512 4726 in
1529 4669 1644 4726 ltaliam
1655 4671 1690 4726 fit
1713 4669 1886 4736 descensus,

178 4743 265 4799 triam
279 4741 435 4800 excitaret:
452 4757 507 4797 nec
529 4739 585 4796 sibi
599 4743 736 4812 sumptus
751 4741 905 4796 crederent
918 4740 1004 4796 defu·
1057 4740 1213 4796 mulierem
1223 4757 1292 4812 que
1306 4755 1326 4796 a
1339 4739 1481 4796 demonio
1492 4739 1699 4796 miserabiliter
1711 4739 1886 4808 vexabatur,

179 4817 272 4884 turos,
287 4813 360 4888 quia
386 4815 449 4885 ipse
464 4812 506 4868 eis
522 4811 561 4868 ad
589 4811 809 4868 conficiendum
832 4826 910 4884 opus
925 4810 1005 4866 suffl-
1058 4809 1191 4866 offendit.
1221 4810 1399 4883 impleverat
1425 4811 1549 4868 nocivus
1561 4811 1672 4892 hospes
1693 4810 1808 4866 viscera
1821 4826 1887 4868 mu-

179 4885 287 4942 cientes
298 4883 743 4956 ministraretexpensas.Roma
754 4881 867 4964 quippe
876 4881 1004 4953 rediens,
1056 4879 1136 4937 lieris
1150 4880 1276 4950 insanas,
1291 4885 1320 4937 et
1332 4881 1421 4955 quasi
1439 4899 1476 4937 ex
1489 4881 1629 4939 tribunab
1643 4881 1725 4952 regio
1749 4881 1888 4938 membra

179 4971 233 5028 per
255 4955 391 5014 Gothiam
418 4959 447 5011 et
472 4958 495 5011 A
519 4953 662 5010 uitamam
689 4957 846 5010 transitum
872 4951 1004 5010 tacturus
1057 4951 1483 5025 interioradisponens,prout
1496 4952 1760 5022 libebat,sub'eoto
1774 4952 1887 5010 manci-

179 5041 230 5083 era
266 5027 346 5083 unde
359 5025 415 5082 iltis
428 5025 505 5082 bene
529 5025 668 5082 lotionem
678 5025 824 5082 remittere
848 5024 1004 5098 copiosam
1057 5023 1107 5097 pio
1120 5021 1277 5080 crudeliter
1288 5023 1437 5105 utebatur.
1448 5023 1607 5081 condoluit
1619 5025 1664 5081 vir
1676 4971 1781 5083 leatus
1796 5029 1885 5081 tantae

179 5099 218 5153 Ex
260 5097 407 5168 rgelactus
428 5097 525 5154 abbas
539 5097 684 5152 visionem
705 5111 798 5169 quam
811 5095 927 5152 viderat
944 5095 1004 5152 lra-
1058 5095 1184 5152 miserita
1199 5099 1227 5151 et
1240 5111 1397 5168 praemrsse
1422 5095 1563 5152 orationis
1577 5095 1731 5167 suffragio,
1757 5094 1887 5176 captiva-

178 5113 273 5224 oriris
287 5169 471 5238 retulit,.n0n
483 5169 596 5224 omissa
609 5184 703 5240 quam
724 5171 921 5224 consueverat
934 5182 1003 5224 cau·
1057 5171 1152 5223 torem
1168 5166 1308 5248 excussit,
1318 5170 1350 5247 et,
1358 5166 1506 5239 captivam
1515 5166 1671 5225 mulierem
1684 5167 1723 5224 ab
1730 5168 1884 5222 invasione

177 5239 235 5296 tela
250 5240 380 5298 nominis
395 5239 613 5314 supprimendi.
631 5237 698 5296 Laeti
713 5239 817 5295 iratres
827 5237 864 5294 de
876 5238 1002 5312 promis·
1058 5242 1216 5310 tyrannica
1229 5237 1374 5294 liberavit.

178 5311 263 5368 sione
277 5311 400 5378 Martini,
426 5328 516 5385 super
536 5309 712 5368 visitationis
726 5309 804 5366 iltius
822 5309 1003 5366 benevolen-
1200 5311 1330 5380 Legatos
1341 5325 1429 5380 popa
1441 5311 1539 5383 egenis
1550 5317 1585 5368 ut
1596 5307 1741 5367 subvenit.

177 5382 309 5441 tiaoirca
323 5399 376 5440 cos
391 5382 498 5451 maiori
519 5381 617 5438 loefitia
635 5380 872 5462 triumphabant.
888 5383 945 5437 Nec
958 5379 1003 5436 di·
1093 5380 1282 5437 32.Peridem
1300 5385 1418 5464 tempus
1429 5385 1486 5440 Leo
1543 5381 1635 5438 ntitex
1649 5381 1791 5432 Romane
1805 5375 1884 5433 sedis

176 5454 258 5512 stulit
267 5455 367 5512 bonus
381 5452 555 5526 promissor,
565 5453 618 5508 sed
628 5452 783 5580 sponsioni
799 5467 861 5507 suae
874 5451 1003 5508 vicinam
1057 5451 1228 5525 apostolicas
1236 5451 1393 5522 lagatioms
1399 5453 1495 5510 vicem
1502 5449 1673 5521 injunxerat
1679 5447 1767 5504 beato
1775 5447 1886 5514 virori

177 5526 334 5582 subintulit
357 5523 519 5580 veritatem.
544 5525 622 5578 Intra
664 5539 732 5580 reve
761 5521 910 5596 siquidem
938 5538 1004 5595 spa·
1056 5519 1882 5596 interHugonemLangobardorumregemetatbertum

176 5597 253 5654 tium
267 5595 423 5670 temporis,
436 5591 528 5650 allata
541 5597 611 5648 sunt
624 5593 762 5652 tratribus
777 5594 815 5652 de
830 5593 935 5652 Gothia
947 5593 1003 5650 oir-
1057 5596 1200 5652 nomene
1214 5596 1256 5652 rei
1267 5589 1647 5676 principembpuumpacis
1657 5584 1884 5672 componerela·

176 5669 318 5727 citertria
330 5667 423 5726 millia
447 5663 622 5721 solidorum.
639 5665 838 5741 Ipsaquoque
854 5665 1001 5724 successio
1055 5658 1792 5741 notaret.aenam(stennetavrtatemdeveniendo
1815 5658 1882 5710 ⁸²⁰⁸

177 5742 331 5799 seniorum
354 5740 487 5798 virorum
507 5733 747 5793 Cluniacenslum
774 5753 842 5810 qua
867 5736 1003 5812 pervenit
1055 5738 1148 5810 pacis,
1160 5737 1348 5796 multitudine
1358 5745 1526 5808 pauperum
1540 5734 1593 5806 qui
1604 5747 1692 5805 panis
1704 5741 1806 5800 preme
1829 5739 1882 5782 an-
