4104 6162
214 199 264 250 535
740 183 768 238 S.
789 178 917 238 uacuis
936 173 1081 232 arbaris
1101 173 1351 234 cluniaconsis
1368 179 1400 232 ll.
1868 176 1923 233 530

214 315 286 389 quia
304 310 437 386 plerique
452 307 545 364 Deum
562 306 665 364 timore
680 304 826 375 nesciunt,
841 301 898 358 nisi
913 314 983 358 cum
995 293 1043 352 vel
1058 297 1082 350 Α
1099 297 1136 353 tis
1163 298 1287 356 scienter
1315 299 1443 357 sociasti.
1460 299 1573 358 Idcirco
1587 297 1644 358 ista
1657 300 1802 358 sententia
1823 303 1865 356 est
1884 299 1925 354 de

214 406 246 461 in
261 419 303 472 sc,
315 398 364 456 vel
378 399 409 453 in
424 395 490 452 aliis
504 399 627 468 experta
640 394 819 452 adversitate
835 393 989 448 terrentur.
1099 388 1126 442 te
1139 403 1145 454 ;
1159 385 1310 444 bocauna
1326 388 1403 444 mori
1414 388 1508 446 babes
1520 387 1552 444 in
1566 387 1659 446 domo
1677 387 1744 460 ipsa
1756 387 1788 443 in
1801 402 1863 459 qua
1872 402 1926 442 ex-

251 491 338 547 lixlll.
355 483 540 544 Theodosius
555 483 720 558 imperator
740 483 787 540 ille
807 481 952 548 famosus,
970 477 1046 533 sicut
1099 475 1402 534 communicationem
1420 476 1642 555 contempsisti.
1658 475 1746 544 Quod
1771 479 1800 533 et
1814 474 1927 532 iactum

214 576 369 652 tripertita
377 572 501 632 historia
513 571 610 636 refert,
627 571 763 646 quadam
774 571 839 627 vico
855 585 874 626 a
888 564 1044 642 quondam
1100 568 1143 622 est
1155 565 1231 623 sicut
1244 565 1285 623 ibi
1297 566 1413 640 legitur.
1429 571 1502 624 Ecce
1516 583 1568 624 rex
1584 582 1647 624 non
1658 565 1754 640 potuit
1768 565 1849 622 hunc
1862 581 1928 622 rea-

215 666 377 734 monacho,
393 663 455 738 qui.
472 667 505 719 ut
521 661 621 733 credo,
643 677 705 718 non
719 662 796 718 benc
821 674 945 733 compos
961 669 1046 712 men·
1100 657 1164 709 tum
1188 654 1244 710 uisi
1268 655 1424 714 moriendo
1450 655 1589 730 expiare:
1616 669 1684 712 ecce
1699 655 1859 728 episcopus
1873 669 1929 710 nec

216 758 254 814 tis
281 771 344 812 sure
371 758 443 822 erat,
475 767 530 824 pro
563 751 697 825 quadam
723 751 788 823 ejus
821 748 953 823 querela,
982 747 1047 818 jam
1101 747 1249 816 prostrato
1262 744 1325 817 regi
1339 745 1370 802 in
1384 743 1507 819 pulvere
1526 745 1622 818 potuit
1635 744 1800 815 ignoscere.
1817 745 1859 799 Ex
1882 742 1931 798 bis

216 861 280 904 non
305 844 406 902 subm
429 840 611 915 expedierat,
636 840 914 898 excommunicatus
937 840 990 893 ast.
1016 837 1048 890 Et
1102 845 1174 900 ergo
1190 831 1539 906 colligendumest,quia
1554 831 1684 904 necipse
1697 830 1933 904 episcopus,cu·

218 934 387 992 monachus
401 930 525 1006 quidem
550 929 860 988 excommunicatione
881 927 911 984 in
927 923 1047 1000 pictatio
1100 918 1149 989 jus
1164 921 1434 978 excommunicatio
1448 920 1657 988 contemnitur,
1673 919 1737 977 sine
1751 918 1932 992 gravissime

220 1022 380 1095 descripta,
396 1024 424 1078 et
445 1036 507 1093 quo
526 1019 565 1077 ab
593 1019 772 1093 imperatore
798 1017 925 1075 inveniri
948 1016 1049 1088 posset
1102 1008 1276 1080 poenitentia
1290 1009 1466 1083 hujusmodi
1485 1009 1601 1069 facinus
1615 1010 1770 1080 ignoscere
1786 1012 1894 1084 potest.

218 1113 353 1188 projecta
367 1109 514 1166 discessit.
535 1113 570 1164 nt
585 1108 748 1181 imperator
774 1123 836 1164 uon
860 1106 944 1162 illum
960 1118 1048 1176 gyro·
1137 1100 1212 1154 xxv.
1240 1101 1278 1156 lie
1293 1100 1384 1171 signis
1397 1117 1469 1159 vero
1482 1099 1556 1158 illud
1578 1098 1745 1171 sciendum,
1760 1099 1833 1173 quia
1845 1100 1934 1170 juxta

219 1216 334 1272 vagum
349 1199 428 1270 (66⁶),
446 1197 498 1254 sed
527 1197 678 1254 celestem
704 1197 802 1270 potius
826 1211 937 1267 regem.
963 1193 1049 1265 cujus
1105 1187 1303 1262 Scripturam:
1325 1191 1546 1263 Ursicuiqaerei
1567 1197 1680 1261 tempas
1700 1205 1787 1247 saum
1811 1194 1853 1247 est
1877 1187 1934 1244 snb

220 1288 394 1348 auctoritato
414 1285 488 1343 solet
511 1285 781 1342 excommunicatio
806 1285 880 1354 fieri,
905 1285 936 1340 in
957 1297 1049 1340 causa
1105 1279 1177 1335 coeio
1200 1279 1365 1349 (Eretum,
1384 1279 1533 1351 li).Unde
1559 1283 1663 1337 sancta
1687 1277 1817 1336 Ecclesia
1838 1276 1935 1348 signis

220 1376 426 1445 considerans,
440 1375 588 1449 prandere
603 1373 860 1440 nullatenus‚cnm
875 1371 998 1446 quidem
1006 1370 1050 1426 in·
1105 1366 1145 1424 ad
1159 1368 1416 1427 corroborandum
1442 1385 1565 1427 suorum
1591 1368 1683 1426 fidem
1706 1369 1737 1426 in
1761 1365 1937 1442 primordiis

221 1465 375 1523 camberei
397 1463 483 1535 hora,
506 1463 707 1537 praesumpsit.
724 1462 878 1535 Multisque
900 1459 1051 1535 episcopis
1106 1457 1166 1512 suis
1178 1457 1314 1528 indiguit.
1330 1462 1413 1516 Nunc
1423 1475 1495 1518 vero
1505 1463 1659 1516 constante
1667 1457 1851 1532 jamdudum
1862 1454 1937 1511 fidei

221 1571 323 1612 coram
339 1552 515 1619 astantibus,
530 1557 559 1608 ct
574 1567 644 1607 cum
670 1551 720 1608 illo
734 1552 888 1625 episcopo,
905 1549 944 1606 ad
958 1549 1051 1619 ‘cujus
1106 1549 1183 1602 statu
1199 1546 1286 1618 signa
1309 1547 1475 1606 admodum
1490 1563 1552 1606 non
1567 1547 1699 1622 requirit.
1714 1549 1822 1603 Verum
1837 1549 1872 1601 ut
1885 1545 1935 1600 in·

221 1642 374 1700 dioecesim
391 1629 553 1714 predictus
576 1639 744 1696 monachus
769 1639 946 1712 pertinebat,
961 1637 1051 1694 licen·
1068 1647 1088 1703 Β
1108 1639 1209 1690 ternus
1226 1634 1335 1692 arbiter
1349 1635 1542 1708 cogitationes
1563 1653 1600 1694 ex
1615 1635 1716 1694 multis
1728 1633 1872 1692 cordibus
1896 1648 1939 1689 re·

222 1732 295 1788 tiam
319 1729 470 1797 dantibus,
487 1727 553 1799 cogi
568 1744 630 1785 nou
646 1729 742 1802 potuit
767 1733 800 1785 ut
820 1728 933 1803 aliquid
952 1732 1051 1800 gusta·
1109 1721 1193 1794 velet,
1206 1723 1326 1780 terribili
1339 1723 1533 1798 dispositione
1546 1724 1725 1798 priusquam
1740 1721 1938 1780 Antichristus

220 1824 276 1888 ret,
292 1819 388 1876 donec
401 1818 570 1875 monachus
584 1817 637 1874 diu
650 1817 841 1892 inultumque
855 1819 1009 1892 quaesitus,
1025 1820 1054 1874 et
1108 1817 1261 1887 appareat,
1276 1814 1419 1872 virtutum
1435 1813 1521 1886 signa
1544 1814 1584 1872 ab
1599 1814 1706 1872 eadem
1720 1811 1852 1870 Ecclesia
1866 1809 1938 1867 sub-

222 1907 386 1983 oliquando
406 1911 541 1980 repertus
556 1911 609 1978 est,
626 1911 655 1964 et
675 1910 798 1980 rogatus
827 1911 859 1964 ut
880 1906 1053 1981 imperatori
1108 1901 1355 1960 trahuntur.Nam
1367 1902 1525 1977 prophetia
1537 1900 1937 1974 &sconditurcuratiouum

221 1997 374 2055 licentiam
384 1996 479 2054 daret.
496 1995 585 2054 Velim
600 2000 633 2054 ut
647 1997 710 2054 istis
725 1999 863 2070 personis
878 2012 914 2055 ax
930 1996 1053 2070 obliquo
1108 1989 1202 2062 gratia
1223 1989 1365 2060 aufertur,
1380 1990 1548 2065 prolixioris
1572 1990 1759 2049 abstinentia
1774 1987 1867 2046 virtus
1882 1988 1938 2044 mi·

222 2101 369 2162 personas
384 2090 580 2158 componant,
595 2090 744 2159 quatenus
759 2102 883 2144 causam
902 2089 1053 2144 econtra·
1107 2079 1218 2149 uultur,
1233 2079 1376 2138 doetrinae
1388 2079 1482 2138 verba
1495 2081 1709 2148 conticescunt,
1721 2077 1937 2136 miraculorum

221 2176 267 2234 rio
278 2174 377 2232 verius
391 2174 572 2231 discernant.
590 2177 663 2232 Ecce
689 2175 852 2248 imperator
866 2191 928 2233 non
943 2174 1052 2248 qualis-
1108 2168 1245 2241 prodigia
1259 2168 1422 2226 tolluntur:
1442 2169 1501 2228 hoc
1522 2169 1554 2226 in
1567 2168 1644 2228 libro
1666 2185 1753 2226 xxxiv
1769 2165 1936 2226 Moralium.

223 2279 352 2338 cunque,
370 2262 423 2320 sed
437 2262 623 2321 Theodosius
637 2264 721 2321 omni
741 2263 851 2321 saeculo
871 2267 941 2339 post
954 2279 986 2321 se
1000 2264 1054 2320 mi·

222 2353 349 2419 raudus,
366 2351 536 2410 observavit
560 2353 903 2410 excommunicationem
929 2368 991 2410 non
1005 2367 1052 2410 ra-

222 2439 411 2510 tionabiliter,
428 2439 482 2496 sed
497 2440 595 2514 inepte
605 2441 764 2514 prolatam,
773 2457 871 2514 neque
882 2457 900 2500 a
910 2440 1053 2514 quolibet,
1109 2435 1299 2494 manifestum
1315 2436 1368 2495 fiat
1379 2437 1431 2512 qui
1447 2437 1529 2494 illam
1540 2441 1661 2512 propter
1673 2452 1760 2512 spem
1773 2435 1938 2493 coelestium

222 2530 277 2604 qai
289 2527 337 2584 vel
359 2531 479 2585 manem
501 2527 785 2586 excommunicandi
800 2531 978 2602 potestatem
1000 2528 1053 2586 ha·
1109 2527 1313 2600 premiorum,
1329 2530 1357 2584 at
1378 2541 1440 2584 non
1465 2533 1586 2602 propter
1607 2526 1768 2601 prasentia
1784 2523 1872 2596 signa
1887 2539 1937 2579 ve-

223 2616 330 2686 buerit,
341 2615 394 2672 sed
409 2631 427 2672 a
441 2615 530 2672 stulto
542 2616 692 2674 monacho
708 2615 1054 2689 fortuituinjrrctam.1sti
1109 2619 1228 2684 uantur,
1242 2619 1271 2673 et
1292 2616 1345 2690 qui
1365 2620 1434 2674 sunt
1460 2615 1500 2674 illi
1526 2618 1578 2690 qui
1602 2615 1770 2686 invisibilia,
1786 2630 1855 2688 quae
1868 2628 1937 2687 pro-

225 2719 296 2761 vero
320 2704 482 2775 degeneres
510 2703 739 2776 homunciones,
755 2704 933 2780 nullumque
948 2705 1053 2764 saliem
1109 2703 1204 2773 mittii,
1221 2705 1305 2778 sequi
1327 2703 1492 2777 negligunt,
1508 2705 1582 2763 dum
1596 2705 1690 2778 signis
1714 2702 1884 2762 visibilibus
1899 2703 1938 2759 ad

225 2792 308 2867 apud
329 2791 469 2864 vulgares
485 2792 605 2863 signum
629 2793 792 2852 honestatis
811 2793 965 2866 babentes,
982 2810 1053 2852 con·
1110 2793 1174 2866 ejus
1202 2793 1399 2852 reverentiam
1426 2810 1488 2852 non
1516 2794 1687 2864 incitantur,
1710 2809 1779 2850 eum
1806 2791 1898 2850 etiam
1921 2809 1939 2848 a

225 2884 364 2939 temnunt
385 2881 809 2940 excommunicationem-non
822 2881 985 2953 fortuitam,
1002 2883 1055 2940 sed
1109 2881 1248 2940 fidelibus
1271 2882 1485 2942 miraculorum
1503 2884 1614 2942 diutiss
1640 2883 1866 2941 subtrahuntur.
1884 2883 1939 2940 Un-

225 2969 425 3028 ecclesiastica
436 2985 565 3028 censura
576 2986 629 3044 per
639 2972 796 3045 pontifices
804 2971 1090 3053 decretamcertec
1110 2971 1147 3028 de
1162 2970 1305 3044 scriptum
1330 2975 1375 3029 est
1397 2971 1434 3028 de
1460 2970 1567 3030 eodem
1589 2971 1785 3030 audchristo:
1811 2971 1886 3044 quia
1898 2969 1936 3027 lav

226 3060 298 3133 quia
320 3059 384 3116 dies
402 3059 474 3117 meli
498 3060 621 3132 suntin
637 3061 757 3134 quibus,
774 3065 805 3118 ut
824 3061 864 3119 ait
884 3055 1054 3135 apostolus,
1110 3061 1187 3118 ciem
1215 3060 1282 3132 ejus
1308 3060 1457 3135 praecedet
1482 3065 1607 3133 egestas.
1632 3059 1776 3119 satellites
1803 3059 1937 3132 eiusdem

229 3151 359 3206 existunt
373 3149 511 3206 homines
528 3149 643 3223 seipsos
658 3153 803 3217 amantes,
819 3149 872 3224 qui
886 3149 1023 3209 auditum
1039 3165 1057 3206 a
1112 3147 1281 3206 Antichristi
1305 3150 1381 3208 mira
1404 3147 1509 3207 lactari
1534 3153 1612 3218 sunt,
1627 3163 1691 3223 qua
1704 3147 1842 3206 videlicet
1855 3163 1937 3205 occa·

228 3238 1055 3312 veritateavertentessanamdoctrinamncnrecipiunt.
1112 3235 1195 3294 sione
1220 3235 1279 3308 liet,
1296 3240 1329 3294 ut
1350 3237 1402 3312 qui
1428 3236 1590 3296 Ecclesiam
1614 3253 1670 3311 pro
1694 3236 1765 3294 solis
1789 3235 1937 3294 miraculis

1109 2258 1194 2325 Quod
1216 2257 1327 2316 idcirco
1349 2259 1412 2316 fieri
1436 2258 1624 2334 permittitur,
1639 2263 1673 2316 ut
1686 2258 1760 2316 dum
1774 2256 1936 2314 subtractis

1108 2345 1264 2404 iirtutibus
1291 2346 1398 2404 eadem
1425 2347 1555 2406 Ecclesia
1582 2347 1726 2421 abjectior
1753 2345 1936 2422 apparuerit,

227 3325 299 3381 inde
322 3324 464 3398 estquod
483 3325 604 3398 pondus
629 3325 737 3382 divinis
763 3326 946 3384 auctoritatis
961 3327 1058 3400 parvi-

227 3413 374 3487 pendunt,
389 3417 418 3470 et
431 3429 493 3471 non
518 3413 616 3472 solum
641 3413 691 3472 Dei
713 3415 874 3487 ministros,
891 3415 944 3472 sed
958 3417 1058 3490 ipsum

229 3503 319 3560 etiam
341 3517 395 3575 per
416 3518 468 3560 eos
483 3503 697 3562 admonentem
711 3519 795 3562 more
811 3503 883 3562 Cain
901 3509 1056 3578 spernunt.

230 3591 305 3657 Quia
318 3605 391 3648 vcro
412 3590 451 3648 de
473 3607 535 3649 uno
560 3607 639 3664 rege,
653 3592 706 3666 qui
728 3593 804 3651 mira
826 3592 992 3651 humilitate
1008 3597 1058 3651 otr-

229 3679 546 3752 communioationem‚
569 3680 636 3738 licet
650 3681 793 3756 ineptam,
810 3681 992 3754 observavit,
1009 3699 1060 3740 au·

1112 3331 1302 3397 venerantur,
1317 3326 1395 3384 illius
1409 3329 1601 3386 veneratione
1624 3331 1806 3402 contempta,
1824 3325 1865 3383 ad
1879 3325 1938 3383 illo

1112 3431 1181 3472 rum
1195 3415 1248 3490 qui
1271 3416 1357 3488 signa
1379 3415 1502 3474 iecerint
1516 3417 1699 3474 consortium
1714 3415 1937 3474 transferantur.

1114 3504 1200 3562 Bonis
1224 3509 1323 3563 amen
1343 3506 1429 3578 signa
1455 3505 1638 3565 omnimodis
1663 3505 1774 3580 [modis
1788 3504 1937 3574 omnibus}

1113 3609 1174 3652 non
1199 3594 1349 3665 deserunt,
1372 3595 1426 3652 sed
1449 3595 1479 3652 in
1507 3595 1733 3670 comparatione
1759 3610 1866 3652 eorum
1892 3598 1940 3650 aut

1114 3698 1221 3757 pauca,
1239 3685 1289 3740 aut
1312 3681 1394 3740 nulla
1415 3682 1606 3741 videbuntur.
1624 3683 1695 3741 lnde
1719 3688 1767 3740 est
1787 3683 1873 3757 quod
1887 3697 1938 3739 nee

230 3767 370 3841 divimus,
386 3783 467 3825 nunc
482 3768 520 3826 de
535 3769 593 3828 alio
609 3769 683 3843 quid
697 3771 819 3842 contigit
834 3771 1003 3830 audiamus.
1114 3774 1180 3847 ipsa
1205 3772 1351 3846 perjuria,
1380 3787 1448 3846 qua
1475 3777 1536 3829 tam
1565 3773 1623 3830 cito
1658 3775 1736 3830 Deus
1761 3772 1870 3847 punire
1898 3787 1939 3826 so

265 3858 352 3914 xxiv,
385 3857 502 3928 Legitur
533 3859 565 3914 in
596 3857 718 3916 historia
751 3861 846 3931 gentis
876 3857 1059 3934 Angloium,
1114 3861 1204 3933 lebat,
1221 3862 1284 3933 jam
1310 3860 1470 3919 manifesta
1498 3859 1609 3918 ultione
1635 3861 1779 3935 vindicat,
1795 3861 1939 3918 imovero

230 3947 314 4019 quod
328 3946 455 4021 quidam
468 3948 630 4022 episcopus
645 3947 723 4006 duos
737 3949 843 4007 iratres
859 3950 1007 4008 Palatinos
1021 3951 1061 4006 vi·
1115 3967 1160 4020 ea,
1174 3951 1262 4025 quasi
1276 3965 1337 4008 non
1345 3949 1500 4024 punienda
1508 3949 1576 4022 sint,
1587 3947 1778 4023 multiplicari
1789 3948 1937 4023 permittit.

229 4051 279 4093 ros
290 4052 347 4111 pro
358 4037 484 4111 repudio
497 4055 626 4098 uxorum
641 4041 921 4098 excommunicavit.
934 4040 1063 4112 Contigit
1115 4039 1255 4114 Nunquid
1278 4038 1389 4112 perjuri
1413 4037 1510 4096 dicere
1537 4042 1673 4111 possunt,
1690 4037 1773 4112 quod
1794 4036 1840 4094 vel
1866 4039 1940 4095 [teus

230 4129 331 4184 autem
357 4131 390 4185 ut
412 4143 464 4186 rex
492 4127 587 4202 ipsius
611 4130 706 4200 gentis
727 4131 814 4202 juxta
838 4129 964 4188 domurn
982 4131 1061 4204 ipso
1116 4129 1207 4186 modo
1231 4144 1291 4186 non
1314 4128 1419 4202 puniat
1440 4126 1523 4201 quod
1551 4129 1620 4185 ante
1646 4125 1771 4196 solebat,
1788 4125 1834 4182 rel
1849 4125 1939 4182 sancti

229 4231 299 4272 rum
313 4217 459 4274 transiret.
476 4217 532 4282 Qui
546 4217 647 4276 multis
669 4218 882 4276 blandimentis
908 4217 1059 4290 delinitus,
1115 4234 1177 4277 non
1192 4217 1327 4290 ejusdem
1342 4216 1409 4283 [sint
1430 4215 1593 4290 potestatis,
1609 4219 1642 4272 ut
1655 4215 1787 4290 perJuria
1807 4229 1940 4288 superse

231 4307 264 4360 ut
277 4302 360 4376 apud
381 4320 433 4360 eos
458 4303 498 4362 ad
521 4305 734 4378 prandendum
757 4307 922 4378 diverteret,
937 4305 1096 4402 tandemD
1116 4307 1194 4366 lacta
1214 4307 1289 4364 siout
1314 4305 1385 4363 olim
1411 4303 1643 4379 puniebantur
1667 4320 1747 4362 nunc
1772 4304 1880 4378 punire
1893 4319 1940 4360 ne·

231 4391 392 4448 consensit.
409 4392 531 4466 Expleta
552 4399 652 4452 autem
677 4396 824 4466 convivio,
841 4411 910 4452 cum
932 4395 996 4469 jam
1018 4411 1060 4452 re·
1115 4395 1253 4469 queant?
1275 4397 1405 4452 Possunt
1418 4393 1531 4468 utique,
1547 4392 1601 4450 sed
1621 4394 1688 4466 jam
1716 4397 1835 4468 tempus
1854 4396 1942 4449 estut

231 4479 317 4550 diret,
332 4479 465 4539 obviavit
478 4482 630 4558 episcopo,
647 4483 699 4559 qui
721 4483 826 4542 fratres
850 4483 916 4542 illos
939 4501 1059 4542 excom·
1116 4483 1204 4555 signa
1217 4486 1341 4541 cessent.
1359 4485 1421 4540 Non
1438 4482 1540 4555 utiquc
1555 4481 1664 4538 mirum
1691 4481 1715 4538 si
1737 4485 1939 4554 contemptum

231 4567 416 4626 municavit:
448 4585 541 4643 quem
577 4587 647 4628 cum
681 4571 805 4630 vidisset
844 4573 1004 4646 intremuit,
1032 4579 1061 4631 et
1116 4575 1193 4631 licus
1212 4571 1404 4648 prelatorum
1430 4569 1579 4628 vindicare
1604 4569 1785 4635 dissimulat,
1807 4568 1941 4643 quando

230 4655 371 4714 exsiliens
393 4657 431 4716 de
457 4674 536 4734 equo
559 4659 591 4718 in
618 4660 730 4736 media,
754 4666 787 4719 ut
809 4665 883 4730 erat,
911 4662 957 4720 via
977 4677 1060 4738 pros·
1114 4663 1238 4738 quidem
1252 4665 1425 4720 sanctorum
1439 4658 1565 4730 injurias
1579 4664 1641 4718 tam
1659 4658 1872 4731 longanimiter
1884 4657 1942 4714 sui-

230 4745 318 4804 bavit
342 4763 374 4804 se
398 4763 501 4806 coram
525 4749 677 4825 episcopo.
694 4754 730 4808 At
743 4749 791 4808 ille
811 4750 1061 4827 appropinquans
1114 4749 1179 4809 tert.
1195 4749 1252 4808 Sed
1266 4748 1338 4824 quia
1352 4749 1389 4805 de
1400 4748 1571 4820 iuramento
1585 4762 1652 4804 sese
1663 4746 1783 4804 occasio
1803 4745 1942 4819 praebuit,

230 4834 271 4892 ad
285 4851 366 4905 eum,
378 4837 483 4908 lerula,
499 4855 594 4912 quam
618 4855 713 4898 manu
736 4840 866 4914 tenebat,
883 4839 977 4912 tetigit
990 4857 1061 4899 eum
1114 4839 1188 4916 quid
1201 4839 1238 4896 de
1248 4839 1306 4898 hoc
1321 4837 1520 4911 Hieronymus
1534 4835 1566 4892 in
1581 4834 1739 4894 Ezechielis
1749 4834 1827 4892 libro
1837 4851 1855 4890 v
1865 4833 1945 4890 dieat

230 4923 344 4982 dicens.
361 4928 459 4998 Orex,
473 4943 536 4985 non
551 4932 595 4987 est
608 4944 711 4988 meum
734 4945 897 5003 agnoscere
910 4930 973 5000 tibi,
988 4931 1061 5006 quia
1114 4943 1400 4987 commemoremus.
1409 4923 1547 4983 sedecias
1556 4941 1609 4982 rex
1616 4927 1739 4998 pactum
1750 4921 1945 4996 subjectionis

229 5017 334 5072 contra
358 5017 452 5074 Deum
479 5015 588 5087 fecisti,
609 5019 733 5094 quando
761 5025 788 5077 te
816 5021 1059 5079 excommunica·
1115 5033 1184 5076 cum
1194 5031 1263 5088 rege
1276 5014 1556 5074 Nabuchodonosor
1565 5011 1740 5080 inierat,sed
1752 5011 1944 5069 mentitusest

265 5125 336 5197 (66⁶)
350 5124 395 5182 Im
418 5131 520 5184 erutor
533 5141 593 5184 aaa
608 5128 696 5186 iliam
717 5145 914 5202 gyrovagum.
932 5129 987 5196 Qui
1000 5128 1060 5186 siut
1115 5142 1187 5184 saue
1199 5125 1314 5196 ordino,
1328 5139 1405 5199 quos
1419 5123 1449 5180 in
1463 5119 1671 5204 claustr-‚iasub
1685 5119 1806 5178 abbatis
1819 5108 1947 5192 imperio

271 5195 376 5268 rovagi
412 5201 478 5254 ocet
497 5198 526 5255 S.
543 5197 717 5257 Benedictus
731 5217 797 5275 cap.
817 5208 826 5258 t
850 5200 968 5273 Regula
984 5216 1046 5258 sure
1112 5197 1286 5270 regulariter
1313 5209 1434 5252 inanere
1473 5207 1696 5266 consummas,
1726 5194 1943 5264 consequenter

252 5267 375 5351 umUait:
393 5290 407 5317 κ
417 5269 562 5336 Quanam
573 5285 669 5342 genus
679 5272 963 5342 esemonacnorum,
975 5242 1058 5345 quod
1114 5271 1215 5343 utique
1230 5267 1436 5349 monachosa
1454 5263 1624 5348 pellemus:
1652 5278 1729 5344 quos
1752 5267 1863 5344 autem¹
1876 5275 1941 5333 pro-

228 5343 402 5396 nominatur
417 5353 616 5414 gyrovagum,
632 5343 684 5417 qui
707 5347 767 5401 tota
786 5345 845 5401 rita
867 5359 923 5402 sua
942 5359 996 5416 per
1010 5343 1057 5400 di·
1112 5341 1213 5414 prium
1227 5339 1429 5468 qossiderenn
1463 5333 1671 5392 tierentarhuc
1685 5333 1817 5407 illucque
1833 5331 1943 5388 discur-

227 5423 329 5490 rersas
349 5412 519 5483 provincias
542 5413 700 5496 temisaut
711 5417 864 5489 quaternis
880 5413 991 5495 diebus
1003 5429 1058 5486 per
1111 5427 1187 5495 rere,
1203 5415 1316 5493 sentos
1339 5408 1456 5480 legibus
1472 5411 1562 5488 Juxta
1576 5405 1704 5480 propriae
1719 5403 1880 5462 voluntatis
1899 5416 1941 5457 ar-

228 5476 417 5538 drversorum
445 5481 535 5540 cellas
559 5483 757 5558 hospitantur,
783 5501 903 5558 semper
923 5499 1003 5555 vagi,
1027 5489 1056 5541 ct
1111 5483 1234 5541 brtrrum
1249 5479 1384 5538 diffluere
1399 5493 1560 5547 cermmus,
1572 5491 1634 5532 uon
1649 5475 1880 5540 monachorum,
1892 5469 1941 5527 sed

227 5563 386 5676 ffilnqsslcm
400 5553 530 5634 stabiles,
539 5559 568 5612 et
581 5557 710 5629 propriis
722 5555 926 5628 voluptatibus
936 5555 1055 5637 cingula
1111 5567 1334 5637 gyrovagorum
1342 5549 1441 5626 potius
1453 5549 1562 5620 dignos
1576 5547 1726 5676 vocabulg
1736 5545 1937 5673 judicarpusq

228 5626 1055 5766 aittarasrraaarctatriturari
1111 5621 1687 5780 litteratissimi
1723 5621 1831 5700 Μ
1866 5627 1927 5700 a

344 5941 461 5983 22⁵«,
