4106 6148
119 182 182 236 tots
383 156 385 160 ’
729 177 909 235 avrsroan
928 171 974 230 av
992 173 1200 233 rnrvrnsovr.
1759 187 1828 242 ress

114 307 148 360 ut
162 301 277 360 dictum
292 304 347 370 est,
373 317 410 360 ex
436 302 514 374 ejus,
540 301 585 358 vel
601 300 744 358 omnibus
770 297 944 358 monasterii
958 301 983 355 A
997 297 1203 368 constituatur,
1215 300 1246 357 in
1262 302 1328 360 loco
1340 304 1448 364 eodem
1463 309 1655 364 consecretur
1678 307 1719 380 [et
1733 307 1828 382 gregi]

113 391 308 468 pertinentiis,
333 391 476 466 cuiquam
497 390 651 448 molestias
678 389 796 459 interra,
822 388 870 446 vel
886 387 944 445 sibi
997 386 1152 444 Dominico
1161 387 1352 461 praeficiatur.
1360 393 1462 452 Nullus
1472 393 1514 450 ibi
1522 395 1684 470 praesulum
1694 395 1829 470 aliquam

114 481 227 538 donata
241 479 358 538 auferre
373 479 540 554 apraetato,
568 481 652 547 iuxta
675 479 706 536 id
721 480 804 553 quod
828 477 945 549 subjec-
997 475 1053 531 sibi
1067 477 1274 535 auctoritatem
1289 486 1423 554 usurpet,
1435 483 1489 540 sed
1502 499 1558 540 nec
1572 483 1625 556 ibi,
1647 485 1706 542 nisi
1720 485 1760 542 ab
1775 485 1829 544 ab·

114 573 178 626 tum
193 569 306 626 eisdem
315 568 537 626 venerabilibus
548 568 622 624 locis
633 567 806 642 apostolicis
827 566 943 622 institu-
996 563 1065 621 bate
1079 564 1231 634 invitatus,
1254 566 1374 624 illorum
1396 570 1521 629 missam
1547 572 1827 647 celebrarepraesu·

113 657 161 730 tis,
177 661 268 731 atque
280 657 430 732 privilegis
441 658 625 716 inconcussa
638 659 845 732 permaneant.
863 657 897 711 ut
908 654 942 710 li·
996 657 1078 722 mat;
1093 669 1147 728 per
1169 655 1273 713 omnia
1294 655 1372 712 sicut
1383 657 1620 730 predecessores
1635 662 1729 720 nostri
1750 662 1828 735 jm'is

113 751 179 804 caat
192 746 315 803 eosdem
333 747 501 803 monachos
515 746 552 803 de
566 763 622 803 sua
642 744 877 817 congregatione
891 743 943 801 ab·
997 742 1152 816 apostolici
1169 745 1289 818 lleoque
1308 745 1393 817 digni
1415 745 1448 802 in
1462 747 1523 803 suis
1544 750 1704 824 privilegiis
1728 751 1827 810 eidem

113 835 216 894 batem
242 851 361 909 semper
386 835 504 907 eligere.
539 839 574 894 Et
598 835 684 894 liceat
719 836 819 908 ipsum
850 833 943 890 abba-
997 829 1186 888 contulerunt
1200 833 1348 890 Ecclesia.
1365 833 1479 900 Quibus
1498 850 1537 891 ne
1560 837 1723 912 quisquam
1738 843 1828 898 leme-

115 929 172 980 tem
199 941 271 982 suos
301 923 355 998 qui
384 924 494 981 tuerint
512 924 648 996 judicare
675 924 853 995 monachos,
880 937 943 980 non
996 920 1072 976 ratio
1087 937 1164 977 ausu
1176 921 1320 995 refragari
1335 924 1455 995 audeat,
1471 923 1562 982 etiam
1576 930 1826 1002 nostrseparvita-

114 1013 212 1070 solum
224 1012 308 1070 virile
323 1013 613 1082 monasterium,sed
626 1013 716 1072 etiarn
729 1011 874 1070 muliebre
887 1011 943 1068 sibi
996 1007 1034 1065 tis
1052 1008 1162 1082 scripta
1184 1025 1221 1066 ex
1247 1011 1422 1068 auctoritate
1445 1011 1610 1086 apostoliea
1625 1016 1828 1087 superaddere

113 1101 294 1174 subjectum.
307 1102 336 1160 Si
349 1103 417 1176 quis
432 1106 543 1172 autam,
559 1101 642 1175 quod
654 1118 717 1160 non
731 1105 883 1175 optumus,
894 1115 944 1156 ne·
997 1096 1176 1156 curavimus.
1194 1099 1315 1156 Constat
1329 1099 1418 1170 igitur
1431 1100 1590 1174 praelatum
1610 1101 1827 1162 monasterium

113 1188 189 1246 tario
204 1205 281 1246 ausu
306 1191 534 1264 praesumpserit
547 1191 623 1262 haec,
651 1207 720 1266 quse
746 1206 764 1248 a
787 1190 876 1246 nobis
902 1187 943 1246 ad
996 1186 1129 1260 primum
1144 1201 1208 1243 esse
1223 1187 1307 1244 omni
1322 1187 1459 1245 abinitio
1482 1194 1587 1246 vestrm
1610 1190 1762 1247 nascentis
1776 1193 1828 1247 Ec-

113 1277 236 1335 laudem
251 1279 301 1336 Dei
324 1295 379 1352 pro
407 1279 566 1336 stabilitate
588 1280 653 1352 jam
673 1279 743 1336 dicti
763 1277 942 1335 venerabilis
996 1273 1094 1332 clesiae
1111 1279 1284 1332 sanctorum
1308 1278 1530 1334 monachorum
1544 1277 1687 1350 religione
1702 1278 1826 1338 decora·

112 1368 287 1425 monasterii
297 1371 406 1426 statuta
415 1371 494 1437 sunt,
506 1369 665 1441 refragare,
678 1373 730 1425 aut
744 1367 774 1424 in
785 1383 942 1442 quoquam
997 1367 1078 1430 tum3
1100 1363 1184 1437 quod
1198 1364 1406 1432 AEthelbertus,
1433 1383 1485 1424 rex
1499 1367 1781 1440 christianissimus,
1808 1384 1828 1427 a

112 1456 260 1514 transilire
276 1456 434 1528 voluerint,
457 1457 656 1514 anathematis
683 1455 803 1513 vinculo
817 1455 943 1512 innoda—
996 1451 1085 1508 beato
1096 1453 1273 1526 Augustino,
1290 1455 1387 1511 beatae
1414 1455 1568 1512 memoriae
1594 1456 1725 1528 Gregorii
1739 1456 1828 1514 disei-

112 1549 169 1611 tus,
184 1550 295 1602 etcum
313 1544 434 1602 diabolo
449 1549 478 1602 et
492 1546 557 1618 ejus
572 1545 776 1614 atrocissimis,
792 1549 882 1618 atque
894 1547 942 1600 tu·
996 1540 1079 1613 pulo,
1093 1539 1133 1597 ad
1146 1541 1252 1598 Christi
1267 1541 1358 1598 fidem
1374 1543 1547 1616 perductus,
1560 1543 1680 1600 hortatu
1690 1543 1828 1616 ejusdem

111 1633 151 1689 da
166 1634 307 1690 traditore
329 1633 447 1690 bomini
461 1635 555 1690 nostri
569 1637 638 1692 tesu
653 1635 760 1691 christi
774 1639 884 1690 esterno
898 1633 977 1707 ing
997 1629 1099 1696 Patris,
1115 1630 1243 1703 apostoli
1270 1631 1358 1687 vestri
1381 1631 1549 1701 Augustini,
1575 1648 1594 1690 a
1622 1631 1827 1690 fundamentis

111 1721 219 1778 cendio
233 1722 474 1778 concremandus
494 1722 662 1795 deputetur.
676 1727 713 1779 At
727 1739 808 1792 vero,
824 1722 875 1795 qui
890 1721 941 1794 pio
995 1717 1169 1788 construxit,
1177 1717 1277 1791 ibique
1286 1722 1404 1776 Petrum
1417 1720 1612 1786 monachum,
1621 1720 1661 1778 ab
1671 1721 1729 1777 hac
1739 1736 1828 1794 apos·

110 1809 218 1866 intuitu
245 1809 421 1866 observator
444 1809 476 1866 in
502 1810 645 1867 omnibus
665 1811 817 1872 exstiterit,
841 1814 940 1865 custo·
994 1804 1165 1862 tolicasede
1180 1807 1337 1876 directum,
1354 1808 1515 1866 monachis
1534 1809 1695 1866 Dominum
1721 1809 1827 1866 timcn-

110 1897 195 1952 diens
210 1897 304 1952 nostri
317 1896 474 1970 apostolici
491 1897 685 1954 constitutum
700 1897 740 1953 ad
760 1897 874 1954 cultum
890 1896 941 1952 Dei
994 1893 1075 1948 tibus
1090 1893 1234 1950 abbatem
1248 1895 1413 1967 praeposuit
1427 1913 1434 1962 ;
1450 1895 1502 1951 ubi
1516 1897 1608 1954 etiam
1622 1913 1660 1954 ex
1674 1902 1825 1971 precepto

109 1983 329 2056 respicientem,
344 1983 563 2041 benedictionis
579 1986 707 2055 gratiam
729 2001 747 2040 a
772 1984 940 2040 misericor·
993 1981 1131 2052 ejusdem
1145 1982 1275 2051 Gregorii
1287 1982 1447 2054 praedictus
1466 1985 1553 2040 Pater
1567 1986 1751 2055 Augustinus
1767 1985 1826 2058 ipsi

110 2072 234 2128 dissimo
253 2072 381 2128 Domino
406 2074 467 2128 Deo
490 2076 594 2129 nostro
618 2071 821 2146 multipliciter
835 2087 939 2128 conse·
993 2071 1056 2139 regi
1083 2067 1199 2141 sibique
1224 2073 1253 2124 et
1272 2069 1496 2126 successoribus
1511 2071 1573 2126 suis
1586 2070 1719 2141 regibus,
1734 2075 1825 2144 atque

110 2165 232 2233 quatur,
247 2165 276 2216 et
291 2160 358 2218 vitae
372 2164 490 2218 eterne
512 2161 664 2235 particeps
682 2159 759 2219 effici
778 2165 937 2218 mereatur.
993 2155 1227 2231 archiepiscopis
1243 2155 1294 2214 ubi
1306 2157 1476 2232 corporales
1491 2173 1597 2214 eorum
1612 2159 1727 2216 exuvie
1741 2158 1823 2217 diem

110 2250 186 2305 Bene
201 2248 304 2306 valete.
992 2246 1217 2304 resurrectionis
1231 2251 1438 2320 exspectarent
1462 2246 1563 2304 locum
1588 2247 1685 2319 elegit.
1712 2247 1824 2322 siquis

146 2337 293 2410 Scriptum
309 2352 363 2411 per
377 2353 487 2394 manus
500 2337 657 2408 Benedicti,
671 2337 815 2395 scriniarii
828 2341 938 2394 sanctae
991 2351 1061 2392 vero
1075 2335 1133 2392 hoc
1160 2339 1270 2392 sanctoe
1285 2335 1437 2408 religionis
1463 2336 1653 2410 propositum
1676 2336 1824 2394 conmmi·

109 2427 253 2482 Romana
268 2425 406 2482 Ecclesiae
418 2425 451 2482 in
464 2440 569 2484 mense
582 2429 596 2484 J
600 2425 669 2494 ulio,
687 2425 849 2483 indictione
863 2431 890 2498 ὅ,
907 2425 938 2481 in
991 2441 1064 2482 nare
1076 2424 1123 2481 vel
1135 2423 1233 2481 delere
1249 2425 1409 2494 conaverit,
1420 2425 1536 2482 sciatse
1547 2425 1722 2483 auctoritate
1734 2441 1824 2499 apos·

108 2513 311 2571 sacratissima
325 2514 395 2571 sede
406 2514 485 2572 beati
496 2515 571 2572 Petri
584 2515 724 2590 apostoli,
738 2518 846 2572 Sanno
860 2531 937 2589 pon·
991 2514 1079 2572 tolica
1091 2512 1290 2571 anathematis
1304 2512 1423 2570 vinculo
1434 2513 1623 2582 innodatum,
1639 2518 1668 2572 et
1682 2530 1751 2572 cum
1774 2516 1823 2571 tu·

109 2600 237 2658 titicetus
252 2601 369 2660 domini
382 2601 514 2660 loannis.
990 2601 1031 2660 da
1046 2602 1186 2660 traditore
1199 2602 1317 2659 Domini
1328 2603 1430 2660 aeterni
1442 2602 1573 2660 incendii
1587 2603 1735 2678 supplicio
1748 2617 1824 2660 con·

497 2712 562 2766 xpp,
654 2747 658 2754 ,
830 2747 835 2756 ,
990 2692 1198 2749 cremandum.
1214 2691 1296 2748 Unde
1311 2691 1463 2749 canonici
1473 2692 1511 2748 de
1522 2693 1705 2750 monasterio
1721 2694 1749 2750 S.
1759 2691 1822 2751 Sal·

156 2811 270 2852 voaurus
287 2811 368 2852 raris
387 2811 524 2854 arrsrons
539 2813 575 2853 an
589 2813 723 2854 somnus
738 2813 888 2856 arenosus
989 2781 1099 2839 V⁸t⁰¹⁸is
1126 2781 1165 2838 iffi
1193 2781 1261 2838 ¹⁰⁰⁰
1284 2781 1493 2852 insidentibus,
1513 2783 1706 2856 0000οῙ00000
1726 2781 1823 2840 010οῙ-

470 2900 573 2943 um,
989 2870 1089 2928 modis
1107 2885 1146 2926 ne
1165 2873 1279 2926 sanctae
1289 2869 1381 2941 hujus
1391 2869 1560 2926 devotionis
1579 2869 1694 2927 cultum
1708 2870 1823 2944 inquie-

402 2991 500 3065 (ΜΟ
515 2995 636 3066 95563).
950 3000 971 3057 c
989 2963 1051 3016 tare
1064 2963 1259 3032 presumant.
1277 2957 1363 3025 Quod
1376 2957 1400 3014 si
1419 2956 1552 3026 iecerint,
1573 2957 1681 3015 eodem
1700 2958 1820 3016 anatho

176 3097 274 3172 [Apud
288 3098 389 3166 nansi,
407 3097 496 3156 eone.
509 3101 582 3155 tom.
595 3099 689 3172 xvtu,
705 3099 761 3158 001.
786 3101 863 3173 saep
988 3051 1070 3193 ἓξὲξ
1082 3051 1260 3193 ξζᾚζ
1274 3047 1307 3102 ¹¹¹
1318 3045 1435 3104 ΜΟ
1448 3061 1518 3103 ⁰⁸¹⁹
1529 3044 1671 3103 ⁰m¹¹¹b¹¹⁵
1686 3049 1754 3116 ‘¹¹¹⁸'
1769 3044 1822 3104 ὼ

102 3207 203 3263 Monet
218 3211 252 3263 ut
268 3207 419 3265 cetmmi
438 3207 559 3279 Augila
582 3195 759 3266 monasterii
772 3210 828 3266 SS.
848 3210 935 3267 Petri
1024 3179 1226 3283 pamd'ecqmo
1236 3225 1285 3282 gje
1297 3225 1507 3298 galendffli,
1518 3223 1821 3300 imperffloedomino

175 3301 202 3352 et
216 3298 312 3354 Pauli
322 3297 538 3354 Cuatuorensis
551 3297 714 3368 privilegia
729 3301 860 3356 tucatur.
988 3314 1124 3388 piissimo
1138 3319 1272 3384 Augusto
1296 3315 1412 3384 ogone,
1442 3329 1523 3372 anno
1548 3314 1709 3372 undecimo
1734 3313 1820 3384 regni

138 3405 261 3460 tosuuas
277 3401 446 3476 episcopus,
456 3417 560 3459 servus
573 3418 729 3460 servorum
744 3405 933 3476 liei,AEnasno
988 3405 1064 3476 ejus,
1079 3402 1243 3460 indictione
1258 3403 1430 3460 undecima.

102 3495 166 3563 regi
180 3490 435 3562 excellentissimo,
449 3497 539 3566 atque
553 3491 696 3550 omnibus
706 3493 865 3566 episcopis,
876 3494 933 3550 du·
1377 3513 1431 3567 gg,

103 3581 384 3650 cibus‚00miilbtl8,
399 3581 572 3652 abbatibus,
593 3585 623 3640 et
646 3585 755 3640 (iuncto
775 3583 855 3640 fideli
880 3600 934 3658 PO-
1166 3615 1202 3654 Ap
1213 3613 1326 3656 mum
1340 3613 1374 3654 fl
1396 3613 1505 3656 fimum
1520 3614 1639 3656 meum,

101 3670 173 3742 pulo
195 3669 326 3740 Anglieoe
360 3670 466 3742 gentis,
493 3669 702 3728 charissimam
738 3671 878 3741 salutem,
903 3673 932 3730 et
1283 3705 1372 3774 (Anu.
1398 3708 1522 3774 ebe-63).

100 3758 298 3831 apostolicam
310 3758 562 3814 benedictionem.
1291 3809 1300 3834 Γ
1387 3809 1393 3820 ,
1423 3810 1428 3822 ,
1454 3811 1459 3822 ,

137 3845 240 3902 Studio
255 3844 349 3900 divini
365 3842 463 3900 cultus
475 3857 692 3916 promovemus
706 3857 763 3915 pro
777 3843 933 3900 venerabi·
1290 3811 1405 3879 imm*
1416 3809 1513 3880 ’Μ’Ῑ·

99 3934 173 3992 lium
187 3933 325 3991 locorum
338 3948 457 4005 semper
470 3931 657 4005 percogitare
669 3929 839 4002 stabilitate,
855 3947 931 4005 qua·
985 3913 1153 3984 Pt'i'vt'leffl'ss
1168 3912 1299 3983 Attidem
1311 3915 1487 3970 mmmm
1505 3915 1561 3973 SS·
1575 3917 1662 3973 Pelii
1673 3923 1702 3974 ei
1725 3918 1820 3977 Pauli

100 4027 186 4080 tenus
202 4021 396 4097 proveniente
410 4021 461 4094 pio
485 4019 589 4077 labore
614 4019 723 4076 anianae
745 4020 862 4076 Christo
885 4021 931 4078 di·
1317 4003 1486 4072 millitia!-

100 4117 184 4180 cetae,
200 4127 267 4185 quse
280 4127 310 4166 se
325 4109 384 4166 illic
398 4109 505 4166 diebus
515 4109 694 4166 vitaeeorum
708 4109 819 4166 servire
833 4109 931 4170 decre.
1020 4112 1145 4166 scisses
1160 4108 1332 4183 episcopus,
1349 4125 1453 4166 servus
1468 4125 1624 4168 servorum
1635 4111 1697 4184 Dei,
1712 4113 1817 4170 AEnas·

99 4203 206 4270 verint,
223 4201 280 4258 sub
295 4199 426 4271 regulari
450 4199 634 4256 institutione
655 4206 849 4272 perseverent
873 4200 931 4258 im·
985 4198 1103 4270 oo,regi
1113 4198 1278 4269 Anglorum
1291 4197 1552 4272 excellentissimo,
1562 4199 1817 4276 dilectissimoque

101 4289 301 4365 perturbatae3
317 4303 448 4345 necnon
475 4287 526 4344 illa
541 4291 685 4345 maneant
709 4287 859 4346 fidetenus
882 4290 929 4346 in·
985 4287 1047 4344 tilio
1061 4292 1165 4345 nostro
1179 4290 1267 4346 Oooar
1295 4288 1527 4344 borovernensis
1551 4287 1689 4346 Ecclesiae
1720 4291 1816 4350 arehi-

99 4378 253 4448 convulsa,
269 4394 338 4452 quse
357 4378 398 4436 oh
410 4377 563 4448 religionis
578 4377 690 4434 cultum
718 4378 750 4434 in
774 4380 825 4436 Dei
838 4347 966 4437 lauden
985 4377 1106 4452 presuli
1120 4394 1191 4434 cum
1206 4376 1347 4434 omnibns
1369 4376 1527 4451 episcopis,
1543 4377 1682 4448 ducibus,
1700 4381 1816 4440 comiti·

98 4473 272 4527 constructa
294 4471 373 4524 sunt.
398 4468 586 4540 Quapropter
603 4466 716 4524 mando
732 4467 794 4536 libi,
811 4483 863 4524 rex
887 4469 930 4525 in·
984 4464 1054 4536 bus,
1069 4464 1231 4523 abbatibus
1255 4469 1283 4522 et
1307 4471 1415 4522 cuncto
1442 4464 1522 4522 lideli
1542 4465 1657 4540 populo
1684 4469 1816 4538 Anglicoe

99 4559 175 4632 clyte
189 4573 224 4614 ac
238 4556 282 4614 tili
303 4556 488 4622 charissime,
510 4559 539 4612 et
563 4554 676 4612 catenis
692 4555 833 4611 omnibus
851 4571 929 4629 prae·
984 4555 1092 4626 gentis,
1109 4553 1235 4611 salutent
1247 4559 1276 4612 et
1289 4554 1488 4629 apostolicam
1500 4554 1751 4613 benedictionem.

98 4647 186 4704 dictis
202 4651 299 4717 gente
315 4645 383 4701 liliis
398 4645 508 4702 nostris
520 4643 734 4719 spiritualibus,
758 4647 790 4700 ut
806 4661 929 4701 monas·
1020 4645 1097 4701 lnter
1116 4643 1277 4718 praeclaras
1292 4661 1385 4702 sacrae
1409 4643 1479 4700 tidei
1499 4647 1589 4701 vestas
1603 4643 1736 4718 virtutes,
1750 4647 1816 4722 qui-

99 4735 203 4792 terium
219 4749 375 4808 penesvos
392 4733 548 4791 inhonore
559 4733 929 4806 beatorumapostolorum
982 4734 1041 4791 bus
1051 4739 1081 4791 et
1091 4751 1157 4803 vos,
1169 4733 1441 4807 praecellentissime
1455 4733 1507 4802 tili,
1523 4737 1553 4790 et
1563 4733 1714 4806 subjectos
1727 4735 1815 4792 vobis

97 4825 242 4898 principis
260 4823 343 4897 Retri,
360 4827 389 4879 et
402 4822 533 4880 doctoris
549 4822 684 4894 gentium
699 4821 781 4880 Pauli
800 4822 928 4879 instruc·
982 4839 1068 4896 reges
1081 4840 1151 4880 cum
1170 4822 1365 4896 optimatibus
1379 4822 1497 4888 vestris,
1519 4827 1549 4880 et
1570 4823 1691 4897 populis
1715 4824 1814 4882 Chris-

97 4917 173 4984 turn,
190 4911 246 4968 suh
260 4926 332 4967 cura
354 4915 456 4966 nostra
479 4909 592 4966 habere
607 4911 783 4983 dignemini,
810 4927 848 4967 ne
874 4910 927 4968 ali-
982 4915 1070 4972 tianae
1084 4913 1220 4986 religioni
1232 4913 1410 4985 subjecistis,
1431 4911 1511 4969 hanc
1534 4913 1686 4972 charitatis
1706 4921 1813 4973 vestra

97 5001 143 5073 cuj
150 5019 183 5059 us
195 5015 314 5072 magnas
333 5013 496 5072 parvaeque
509 5013 645 5072 personae
658 5000 868 5072 perturbentur·
879 4999 925 5056 in·
981 5003 1173 5074 flagrantiam
1185 5001 1359 5058 familiarius
1373 5001 1592 5075 amplectimur,
1612 5003 1696 5076 quod
1712 5003 1812 5078 primi-

96 5089 280 5163 quietudine,
295 5088 348 5144 sed
362 5087 460 5145 abbas
472 5091 502 5144 et
524 5087 666 5144 monachi
690 5088 765 5144 inibi
787 5093 846 5146 lieo
869 5105 928 5145 ser
981 5091 1074 5148 tivum
1084 5091 1168 5162 regni
1179 5090 1267 5147 vestri
1279 5091 1496 5147 monasterium
1511 5091 1542 5148 in
1554 5091 1700 5150 suburbio
1721 5094 1812 5148 Dorc-

96 5178 208 5235 vicutes
224 5181 323 5234 vestro
339 5175 381 5232 uti
401 5174 556 5232 communi
578 5173 723 5242 subsidio,
751 5181 779 5231 et
797 5193 927 5250 quinqua
983 5177 1092 5233 herniae
1113 5177 1203 5234 situm
1216 5177 1258 5247 (iu
1272 5177 1385 5233 honore
1408 5178 1580 5251 principum
1601 5175 1810 5248 apostolorum

93 5269 153 5340 juri
166 5283 271 5324 corum
283 5265 431 5338 pertinere
450 5263 598 5334 videntur,
621 5261 712 5320 libere
727 5263 925 5336 possidentes,
981 5267 1056 5322 Petri
1080 5271 1108 5322 et
1133 5265 1217 5322 Pauli
1240 5271 1448 5324 consecratum
1471 5283 1490 5322 a
1514 5266 1614 5336 primo
1637 5263 1759 5320 doctore
1782 5268 1811 5322 et

95 5354 301 5422 eilicacius,in
326 5357 430 5411 sancta
452 5351 678 5410 conversatione
702 5367 790 5408 suam
814 5355 928 5425 queant
981 5354 1117 5427 apostolo
1132 5361 1285 5425 Angorum
1314 5353 1489 5424 Augustino,
1510 5355 1537 5406 et
1556 5351 1687 5424 aprime
1702 5367 1808 5424 regum

95 5446 206 5502 ducere
227 5443 329 5500 vitam.
343 5446 417 5500 Cum
432 5457 503 5498 vero
526 5440 668 5498 abbatem
692 5441 791 5514 ipsum
816 5441 926 5499 obiisse
978 5444 1144 5515 Anglorum
1167 5445 1342 5510 Christiano,
1367 5443 1426 5496 Deo
1447 5437 1570 5496 amabili
1597 5453 1668 5509 rege
1695 5440 1809 5499 tllthel-

96 5532 262 5603 contigevit,
288 5547 350 5588 non
365 5531 488 5587 abunde
503 5545 598 5603 quam
613 5547 650 5587 cx
664 5529 772 5586 eadem
799 5545 924 5599 congre·
978 5533 1063 5590 berto
1078 5532 1254 5600 tundalum
1271 5535 1303 5586 ut
1317 5528 1427 5584 scilicet
1446 5528 1477 5582 in
1491 5531 1670 5600 perpetuum
1685 5533 1809 5602 aposto·

97 5623 227 5695 galiena,
255 5637 346 5695 quem
362 5621 418 5695 ipsi
442 5619 595 5679 communi
620 5619 744 5677 consilio
770 5619 922 5692 elegerint,
977 5621 1220 5680 liceanctoritate
1236 5617 1418 5690 sepeliantur
1432 5631 1558 5690 corpora
1582 5631 1687 5689 regum
1712 5621 1741 5674 et
1764 5633 1809 5680 ar·
