4104 6162
100 156 151 212 bii
616 154 862 218 COLLATlONUU
881 155 972 218 nibal
996 158 1093 220 tuas.
1113 187 1147 198 -
1167 156 1233 216 lta.
1253 160 1298 214 lll.
1671 153 1675 162 '
1762 157 1815 214 598

99 273 175 334 nihil
194 273 311 346 toleres,
339 277 393 334 ant
415 275 539 336 tolerare
558 293 629 336 cnm
648 277 755 338 dooere
774 293 836 338 non
850 279 927 338 indi·
943 283 968 335 Α
982 281 1078 340 selues
1104 282 1324 354 Euaueeliuru,
1353 281 1407 338 sed
1430 283 1519 340 amns
1548 282 1665 342 animas
1694 285 1815 340 nostras

100 379 180 432 geas.
197 361 253 418 Sed
268 376 390 418 necesse
404 367 448 422 est
463 364 557 423 sancti
575 365 630 422 viri
654 382 718 426 sese
742 365 781 426 ad
802 371 928 442 utraque
983 371 1061 442 (ibid
1075 415 1082 441 ‚
1098 377 1124 441 7,
1141 375 1180 438 8).
1192 372 1303 430 Verum
1316 385 1379 426 non
1393 369 1457 428 sine
1476 369 1611 444 quadam
1631 368 1815 430 verecundia

100 451 223 512 solerter
250 450 422 520 extendant,
452 451 493 510 sic
516 453 660 512 nimirum
686 455 845 530 utrobique
875 455 928 516 cir·
983 459 1157 531 hujusmodi
1170 459 1261 516 verita
1275 457 1546 532 proterimus,quae
1561 459 1678 532 prolata
1691 463 1814 530 tangere

99 538 275 613 cumspecti,
294 543 444 618 quaterms
458 545 486 600 et
500 543 631 602 auderes
643 549 711 602 ante
725 561 757 602 se
766 545 929 604 uerborum
982 549 1131 610 uidentur.
1148 548 1207 610 Sed
1223 546 1333 622 siquid
1347 547 1445 608 autin
1459 546 1558 607 relatis
1569 547 1706 622 superius
1715 563 1814 604 exem-

97 631 207 704 jaeulis
219 629 403 704 confodiant,
417 637 445 688 et
456 631 570 692 debiles
584 635 672 708 quasi
686 636 798 709 positos
810 640 878 710 post
897 651 929 692 se
982 637 1051 712 plis,
1066 643 1119 698 aut
1132 638 1163 700 iu
1176 636 1312 712 qualibet
1327 635 1474 698 sanusne
1493 634 1605 694 durum
1629 637 1669 695 ad
1693 637 1812 696 imitan-

100 725 185 780 souto
214 720 425 780 consolationis
446 721 491 782 uel
513 723 553 780 ah
575 723 695 784 illorum
719 725 834 799 impetu
850 725 930 782 vala
982 727 1056 786 dum
1071 727 1120 788 vel
1131 727 1310 788 mordaciter
1323 740 1431 788 sonare
1445 723 1572 794 videtur,
1596 724 1663 785 illos
1681 729 1812 784 tantum·

100 809 348 870 murmurationis
361 809 482 871 vulnere
493 811 666 872 defendant.
687 815 767 874 Sient
781 814 866 872 miles
880 823 945 870 ca-·
983 816 1075 874 modo
1090 815 1239 888 suggillat,
1255 815 1308 889 qni
1321 815 1397 874 ferre
1406 814 1517 886 jugum
1534 812 1639 872 Christi
1662 817 1811 872 recusant.

101 904 232 956 strorum
243 897 293 956 hei
303 898 423 972 Paulus,
437 901 490 976 qui
502 918 572 962 cnm
584 905 667 964 tanta
680 919 715 961 ac
728 903 798 964 talia
814 908 930 977 patere·
984 907 1024 962 lte
1036 905 1124 962 nobis
1137 905 1219 962 anim
1233 903 1425 972 eonfldimus,
1439 902 1586 976 quianon
1601 900 1691 958 vultis
1704 901 1814 958 imitari

100 992 160 1058 tur,
175 1003 243 1062 quea
258 1002 313 1046 uec
323 986 387 1062 ipse
401 987 520 1060 reterre,
535 1006 591 1048 nec
603 1007 659 1050 nos
678 1007 855 1050 enumerare
868 991 929 1048 sui·
984 993 1088 1064 Nabal,
1103 993 1163 1065 oui,
1180 998 1212 1052 ut
1227 993 1371 1067 scriptum
1394 995 1449 1064 est,
1471 1007 1561 1051 nemo
1584 989 1702 1048 valebat
1718 988 1813 1062 loqui,

100 1075 231 1148 ficimus,
246 1074 420 1150 disputabat
434 1081 535 1138 tamen
550 1095 620 1138 cnm
640 1080 757 1150 Graecis,
785 1085 813 1138 et
831 1080 929 1138 rerin-
984 1083 1036 1144 sed
1066 1082 1237 1156 apostolum
1265 1085 1393 1154 Petram,
1420 1081 1474 1154 qui
1492 1096 1562 1138 cum
1581 1083 1660 1138 esset
1674 1078 1814 1152 princeps

100 1163 326 1224 eebatludeeos.
344 1169 418 1224 Nam
430 1172 552 1244 propter
566 1168 693 1228 alterurn
711 1171 821 1230 horum
835 1169 906 1228 dicit
921 1187 928 1228 ι
984 1172 1200 1245 apostolorum,
1217 1175 1278 1230 eta
1301 1170 1390 1228 beato
1414 1170 1504 1228 Paulo
1529 1168 1734 1244 condiscipulo
1758 1183 1814 1224 sno

100 1253 221 1314 Grarati
244 1270 350 1314 sumus
375 1271 469 1332 supra
490 1257 629 1330 modum,
643 1263 675 1316 nt
688 1259 806 1318 taederet
819 1275 876 1318 nos
889 1259 931 1316 vi·
984 1277 1016 1318 se
1039 1260 1305 1335 reprehensibilem
1330 1259 1480 1320 nominari
1505 1257 1625 1333 publice
1650 1257 1813 1325 didicisset,

100 1359 180 1402 vere.
196 1343 320 1416 Propter
335 1341 460 1402 alterurn
475 1361 557 1412 vcro,
578 1347 614 1416 si,
636 1346 743 1422 inquit,
765 1348 805 1406 ab
824 1347 930 1408 balias
984 1366 1045 1410 non
1059 1350 1276 1421 indignaretur,
1291 1343 1343 1406 sed
1356 1348 1498 1406 eumdem
1516 1347 1643 1408 Paulum
1664 1346 1815 1406 nihilomi-

99 1431 237 1503 pupuoui
249 1431 403 1504 Ephesii!
412 1433 481 1494 Cor.
498 1451 545 1504 su,
558 1436 614 1508 ³2).
625 1435 679 1500 Qui
692 1439 794 1496 umen
809 1436 877 1509 plus
892 1436 930 1494 de
983 1453 1041 1496 nus
1053 1439 1091 1496 de
1106 1438 1162 1496 sibi
1176 1438 1248 1496 data
1261 1437 1380 1511 publice
1395 1437 1542 1512 sapientia
1555 1435 1718 1496 laudasset.
1730 1435 1814 1494 llice-

100 1518 290 1578 inlirmorum
305 1520 558 1594 pusillanimitate,
583 1541 675 1598 quam
690 1524 728 1582 de
738 1525 929 1598 proprio'do·
984 1543 1052 1585 snus
1064 1527 1154 1599 igitur
1167 1531 1197 1584 et
1209 1527 1267 1584 hoc
1280 1525 1364 1598 quod
1378 1525 1493 1584 intortis
1512 1525 1648 1584 moribus
1668 1541 1814 1600 qucrim-

100 1606 163 1666 lore
178 1607 329 1676 sollicitus,
346 1609 445 1674 aiebat
458 1628 465 1672 ι
480 1613 573 1672 Nemo
586 1620 741 1672 moueatur
756 1615 787 1672 in
801 1615 967 1684 uinculisss
984 1617 1057 1676 dam
1085 1616 1209 1676 minimo
1234 1614 1407 1683 coneordat,
1431 1619 1460 1674 et
1483 1614 1567 1687 quod
1589 1613 1666 1686 illos,
1686 1613 1740 1686 qni
1758 1613 1816 1670 sibi

100 1697 165 1752 istis
175 1697 205 1770 (1
221 1698 321 1756 Thess.
333 1699 370 1770 3).
388 1699 501 1760 Etilem
516 1718 522 1757 :
537 1701 662 1760 Obsecro
675 1719 724 1762 uos
734 1719 772 1762 ue
785 1703 931 1772 deficiatis
985 1705 1102 1765 solliciti
1115 1709 1195 1776 sunt,
1209 1704 1357 1764 annueres
1370 1702 1486 1762 reddat.
1504 1701 1571 1760 Scio
1589 1702 1670 1760 enim
1682 1717 1738 1760 neo
1752 1717 1815 1760 eor·

101 1787 133 1842 ia
145 1786 390 1848 tribulationibus
402 1791 473 1850 eceb
498 1789 617 1862 (debes.
630 1807 672 1858 ιιι,
690 1792 743 1864 13).
767 1794 931 1866 Utrumque
985 1795 1067 1868 poris
1080 1794 1204 1868 quidem
1217 1792 1351 1852 maculas
1374 1791 1405 1848 in
1424 1790 1631 1850 sacerdotibus
1648 1805 1702 1864 per
1716 1789 1815 1859 legem

100 1875 156 1934 iob
168 1881 281 1948 egerat,
295 1878 348 1950 qai
361 1877 459 1938 dicere
470 1885 588 1956 poteret
603 1897 609 1940 :
625 1881 718 1940 duris
730 1881 931 1942 audiembeo·
984 1883 1179 1956 prater-mitti,
1195 1882 1249 1942 sed
1263 1880 1443 1955 perscrutari
1457 1883 1486 1938 et
1504 1879 1615 1953 requiri
1638 1878 1752 1948 omnis,
1777 1893 1816 1938 ne

102 1965 237 2036 sificabai
250 1979 297 2021 mc
311 1965 376 2038 (lob
390 1982 474 2036 xxix,
490 1967 544 2033 11),
559 1967 642 2042 quod
657 1967 760 2042 utique
775 1968 814 2024 ad
827 1969 931 2042 pnsdi-
986 1971 1109 2045 aliquod
1122 1972 1227 2032 vitium
1241 1970 1384 2030 sacerdos
1394 1969 1515 2042 haheat,
1534 1968 1584 2030 cni
1597 1973 1628 2025 et
1640 1983 1723 2028 mors
1735 1983 1816 2026 eom·

101 2049 254 2110 rationem
272 2050 407 2128 pertinet,
436 2067 473 2110 eo
495 2054 578 2128 quod
601 2053 740 2112 liberaret
767 2070 931 2130 pauperem
985 2061 1117 2118 minatur
1129 2062 1153 2118 si
1166 2060 1282 2133 absque
1300 2057 1519 2124 tintinnabulis,
1545 2056 1630 2132 quod
1653 2060 1699 2118 est
1721 2071 1817 2115 sonus

100 2137 326 2200 vociferantem.
347 2140 433 2208 Quod
446 2141 572 2215 pertinet
592 2142 633 2204 ad
656 2143 821 2204 tuitionem.
845 2144 931 2216 Quod
985 2149 1214 2222 praedicationis,
1228 2147 1390 2206 incesserit.
1408 2145 1466 2206 Sed
1479 2145 1618 2220 quisquis
1632 2144 1680 2202 ille
1692 2149 1747 2216 est,
1762 2145 1814 2218 qui

100 2231 203 2284 autem
215 2227 393 2300 Piaeffiffliffl
406 2229 523 2292 eutimii
535 2231 599 2303 ilise
614 2247 632 2288 a
646 2231 734 2291 malis
756 2247 820 2290 non
837 2233 931 2308 impe·
984 2253 1034 2296 me
1049 2241 1195 2311 tanquam
1216 2241 1466 2310 presumptorem
1487 2233 1564 2292 torte
1591 2231 1817 2292 succedentium

100 2313 210 2385 diatur,
224 2319 325 2376 amen
337 2333 393 2391 pro
408 2317 536 2380 aliorum
555 2335 648 2380 causa
666 2319 756 2380 debet
778 2321 822 2380 eis
847 2321 930 2380 ohsi-
984 2325 1193 2395 nominaverit,
1209 2324 1463 2386 reminiscendum
1483 2324 1510 2384 ei
1531 2323 1678 2398 estquod
1699 2325 1815 2396 lioyses

101 2407 189 2480 stare,
204 2420 264 2464 volt
278 2404 329 2465 illa
344 2406 393 2464 bei
405 2407 602 2478 demonstrat,
617 2408 690 2484 quia
704 2408 845 2484 subiypo
857 2425 931 2484 praa·
983 2416 1144 2474 concilium
1156 2415 1256 2476 letheo
1270 2431 1332 2474 non
1347 2413 1527 2489 despexerit,
1546 2413 1601 2487 qui
1613 2413 1704 2476 etiam
1725 2427 1817 2472 vexa·

100 2492 268 2554 dicatorum
294 2494 331 2553 de
358 2511 437 2570 equo
465 2496 573 2556 dicitur
588 2515 595 2556 r
612 2498 642 2554 iu
658 2513 813 2558 occursum
830 2502 930 2573 perpit
983 2509 1031 2562 tus
1045 2505 1153 2564 dieitur
1166 2509 1289 2578 propter
1300 2519 1353 2562 ees
1368 2503 1421 2578 qui
1439 2501 1663 2564 acerbabant
1675 2501 1814 2575 spiritum

100 2583 488 2658 611111131101111111111·
517 2587 705 2664 Quapropter
731 2587 762 2646 in
780 2591 929 2664 qnantum
983 2594 1059 2667 ejus.
1076 2595 1173 2662 Quam
1186 2592 1298 2652 seilicet
1311 2591 1502 2652 vexatorem
1519 2590 1616 2654 ndu
1638 2589 1815 2663 magisqui·

100 2687 193 2733 111111111.
220 2671 320 2744 exigit.
347 2673 377 2730 in
401 2679 550 2750 quantum
571 2675 656 2736 lectu
677 2675 817 2752 admittit,
841 2678 932 2740 debet
982 2683 1055 2744 libet
1077 2682 1218 2756 prelatus
1243 2683 1383 2755 irrumet,
1408 2680 1433 2738 si
1454 2680 1560 2754 culpas
1574 2678 1814 2754 delinquentium

99 2765 196 2821 reetm
207 2778 263 2836 pro
276 2762 402 2822 subditis
415 2763 476 2824 suis
491 2765 688 2842 semetipsum
709 2766 848 2842 objicere.
872 2771 930 2828 Nec
983 2788 1046 2832 non
1058 2771 1221 2844 redarguit.
1236 2771 1310 2828 ltine
1322 2770 1362 2828 ad
1378 2769 1510 2828 mahtai
1522 2769 1630 2828 dieitur
1653 2787 1660 2826 ι
1678 2769 1742 2828 Fili
1763 2769 1815 2826 lra-

100 2850 213 2924 timeat,
227 2851 251 2910 si
265 2867 387 2913 necesse
406 2857 462 2924 est,
477 2869 582 2914 eorum
608 2855 769 2916 inimicitiis
791 2871 847 2930 pro
871 2857 929 2918 ha·
983 2861 1084 2928 minis,
1101 2861 1166 2920 coli
1192 2873 1375 2930 camberaco
1401 2873 1463 2916 esse
1487 2857 1605 2929 (limet.
1622 2873 1652 2926 u,
1667 2860 1707 2926 a).
1733 2856 1815 2918 Siara

100 2943 186 3003 terna
201 2955 274 3018 paee
290 2939 421 3010 obviare,
432 2956 488 3004 nec
502 2957 557 3016 per
580 2943 768 3004 atsrbautiuur
788 2944 930 3006 duritiam
945 2981 966 3038 C
984 2949 1066 3010 enim
1079 2947 1153 3008 meli
1166 2950 1261 3006 baum
1273 2933 1455 3006 exarabant
1473 2944 1555 3004 mala
1566 2943 1708 3018 qushhst
1720 2959 1813 3016 agen-

99 3044 119 3086 e
134 3027 303 3104 corrigendi
318 3029 417 3090 studio
429 3031 609 3092 cessandum
622 3048 697 3106 esse,
722 3036 755 3090 ut
774 3032 863 3094 docet
875 3033 931 3094 lili·
984 3037 1036 3108 do,
1051 3036 1093 3094 sia
1107 3040 1136 3094 et
1147 3035 1220 3094 boni
1234 3034 1286 3108 qui
1301 3033 1389 3092 malis
1402 3032 1519 3107 prelati
1537 3037 1616 3104 sunt,
1638 3032 1722 3090 bona
1744 3031 1812 3090 reti·

100 3135 182 3191 seua,
211 3120 264 3196 qui
290 3119 321 3180 in
343 3137 472 3196 persona
493 3121 598 3184 Christi
621 3127 726 3182 contra
743 3125 815 3186 toas
828 3139 931 3196 regem
984 3125 1093 3184 cando.
1105 3124 1165 3184 Nisi
1179 3124 1260 3184 enim
1274 3123 1431 3197 propheta,
1446 3137 1517 3180 eum
1532 3121 1573 3180 sd
1586 3120 1740 3194 loquenda
1748 3135 1814 3178 ver·

99 3209 187 3284 quasi
198 3213 303 3268 eouba
315 3210 516 3284 negligentem
529 3211 725 3288 prepositum
739 3212 885 3284 nascitur,
894 3229 932 3276 eo
984 3214 1025 3272 ba
1038 3212 1221 3283 mittebatur,
1236 3210 1382 3282 obediret,
1395 3209 1633 3283 omnipotentem
1640 3207 1812 3274 Dominum,

98 3295 184 3370 qnod
200 3301 319 3368 terram
332 3297 364 3360 id
378 3303 629 3376 estpeccatcrem‚
638 3300 686 3360 cui
695 3299 802 3360 dieitur
817 3304 932 3362 :Terra
985 3303 1063 3362 sicut
1075 3302 1207 3377 populus
1222 3301 1261 3360 de
1274 3315 1416 3375 perverso
1429 3314 1531 3373 opere,
1548 3298 1591 3356 sic
1605 3298 1644 3356 de
1655 3313 1711 3356 sne
1726 3297 1814 3356 silen-

97 3402 129 3445 es
144 3386 231 3458 (Gerr.
244 3403 286 3458 ιιι,
301 3389 356 3466 ta),
372 3404 434 3452 non
449 3389 580 3464 amplius
595 3405 689 3466 qnam
711 3394 755 3448 ter
775 3405 930 3465 percusse·
984 3393 1025 3454 tio
1040 3393 1258 3466 exasperasset.
1279 3389 1361 3448 llalis
1380 3388 1483 3462 itaque
1503 3387 1594 3466 ardpa
1616 3389 1814 3461 estperversa

95 3476 147 3534 rit.
172 3475 218 3539 ait
240 3477 332 3548 enim,
361 3479 434 3552 quia
454 3479 479 3538 si
499 3479 660 3556 quinquies
675 3483 727 3542 aut
742 3479 851 3556 septies
865 3497 931 3555 per·
984 3497 1085 3554 agere,
1098 3480 1188 3540 bonis
1200 3481 1281 3540 recta
1294 3478 1427 3538 reficere
1443 3477 1476 3538 lu
1488 3476 1546 3537 hoc
1559 3491 1633 3547 orgo
1643 3492 1715 3534 oum
1726 3475 1814 3536 malie

97 3565 251 3636 cessisset,
266 3566 389 3644 planam
403 3567 931 3644 victoriamcaperet3qniasireetor
984 3571 1075 3630 etism
1101 3569 1175 3628 honi
1197 3571 1291 3626 Deum
1319 3567 1409 3628 amul
1435 3569 1624 3640 exasperant,
1650 3565 1723 3640 quia
1743 3581 1814 3624 eum

96 3653 199 3715 dicere
213 3655 340 3736 poterit:
356 3657 548 3719 aununtiavi
560 3657 712 3730 justitiam
728 3663 811 3716 tuam
834 3656 930 3730 (Psoi.
984 3675 1126 3735 perversa
1138 3675 1201 3720 non
1225 3658 1391 3732 increpant,
1421 3657 1465 3718 eis
1488 3671 1542 3734 per
1560 3671 1649 3714 suum
1664 3654 1815 3713 albutium

96 3744 710 3822 ι111111,10111111111111111111111111111111111111,
729 3733 931 3820 pltpatsmcn
983 3747 1161 3825 proficiendi
1175 3747 1326 3808 licentiam
1340 3749 1497 3819 prestant.
1521 3748 1597 3804 Nam
1617 3743 1752 3816 plerique
1770 3743 1814 3800 sie

96 3831 240 3896 mercede
250 3833 422 3896 donabitur.
983 3837 1192 3911 imprudentes
1202 3837 1282 3901 sunt,
1296 3837 1330 3890 ut
1346 3832 1394 3892 vel
1412 3831 1528 3891 nidum
1542 3845 1605 3888 non
1618 3835 1813 3900 cognoscant,

136 3924 168 3984 li.
189 3925 252 3984 lton
267 3927 377 3992 eutem
395 3926 427 3982 ut
439 3923 502 3998 jam
515 3921 656 3991 diximus,
667 3937 771 3981 reeens
784 3921 930 3990 videatur,
984 3925 1069 4000 quod
1082 3922 1282 3989 committunt,
1298 3919 1347 3980 vel
1358 3923 1441 3996 tauto
1463 3919 1597 3978 minores
1615 3913 1721 3991 culpas
1743 3933 1814 3975 suas

96 4009 185 4084 quod
199 4015 294 4072 mater
308 4011 447 4082 Ecclesia,
462 4012 654 4072 retractares
667 4012 744 4086 ejns,
758 4015 810 4069 aut
819 4009 933 4070 tamilla
986 4013 1145 4084 aestiment,
1158 4013 1275 4084 quanto
1286 4008 1386 4066 minor
1399 4023 1451 4068 eas
1465 4005 1592 4066 mvecdo
1605 4004 1742 4074 casdgst.
1766 4004 1815 4061 lsti

96 4115 165 4158 non
180 4097 279 4160 solum
291 4117 310 4158 a
323 4101 462 4180 paganis,
482 4099 536 4160 sed
554 4101 645 4158 etiam
660 4099 754 4158 asuis
766 4098 835 4156 tiliis
849 4102 933 4178 tanta
985 4101 1076 4174 igitur
1095 4099 1121 4160 si
1148 4101 1229 4158 recta
1249 4112 1312 4156 non
1336 4095 1474 4160 audiunt,
1492 4094 1525 4156 in
1543 4093 1606 4156 suis
1618 4091 1816 4168 pravitatibus

96 4192 205 4248 nostro
220 4193 353 4264 tempore
367 4191 488 4264 patitur.
504 4189 757 4264 Quandoquidem
764 4188 847 4264 apud
859 4203 932 4263 pree-
983 4191 1129 4264 jacenles,
1144 4201 1198 4261 per
1213 4184 1416 4257 ignorantiam
1431 4182 1526 4242 mouri
1539 4185 1620 4244 sunt.

97 4278 198 4338 dictos
211 4281 321 4352 Patres,
334 4279 388 4356 qui
399 4279 546 4354 sapientie
564 4283 594 4338 et
603 4277 762 4336 virtutibus
776 4277 932 4352 signisque
946 4333 971 4390 B
1022 4280 1066 4336 ll.
1087 4279 1163 4336 Sunt
1175 4279 1276 4336 antem
1288 4273 1424 4349 plerique
1435 4273 1490 4348 qui
1502 4272 1596 4334 verba
1610 4271 1662 4334 liei
1672 4287 1728 4329 neo
1742 4285 1816 4329 aure

96 4367 267 4440 fulgebant,
282 4373 437 4446 tantopere
447 4367 615 4444 persecutio
630 4371 768 4440 grassata
785 4367 832 4425 sit.
856 4369 933 4424 Nam
987 4367 1121 4442 corporis
1136 4365 1240 4428 audire
1253 4364 1427 4437 dignarum
1450 4379 1530 4437 qnos
1547 4361 1701 4434 mahgnus
1723 4359 1816 4420 hostis

98 4456 240 4530 quisquis
265 4458 308 4516 eis
338 4457 472 4515 Patribus
499 4456 532 4516 in
549 4455 609 4514 fide
631 4461 661 4514 et
678 4454 776 4528 made
787 4454 932 4524 succedit,
986 4459 1028 4518 ita
1041 4456 1186 4532 possidet,
1202 4459 1299 4516 utens
1312 4453 1397 4516 nullo
1416 4452 1570 4514 condessos
1594 4450 1815 4526 predicationis

97 4561 225 4606 necesse
238 4551 326 4608 estut
338 4546 428 4622 qrsusi
441 4545 528 4619 plebs
542 4546 582 4604 ad
594 4545 725 4619 speeiem
746 4544 852 4603 matris
871 4559 933 4602 em·
984 4547 1087 4622 iaculo
1113 4545 1302 4620 derelinquat
1329 4563 1337 4604 ι
1362 4543 1439 4604 siout
1460 4559 1481 4604 a
1498 4546 1559 4604 ileo
1573 4542 1614 4600 ad
1625 4542 1750 4604 beatum
1761 4540 1818 4600 iob

98 4640 155 4710 pta
166 4637 265 4692 Patres
280 4651 351 4694 suos
376 4633 484 4693 eadem
503 4633 646 4707 patiendo
666 4636 820 4708 sequatrrr.
846 4631 933 4700 Quod
987 4638 1026 4698 de
1054 4637 1161 4696 eodem
1181 4636 1269 4694 hoste
1293 4633 1402 4694 dicitur
1425 4649 1433 4690 r
1454 4633 1524 4692 Noa
1544 4631 1666 4703 suaabit
1688 4645 1756 4688 eum
1770 4628 1818 4685 uir·

99 4728 205 4782 autem
215 4724 353 4800 quisquis
364 4724 470 4782 doctor
484 4723 541 4781 sibi
552 4723 696 4798 primum,
719 4726 784 4782 tum
806 4719 934 4780 subditis
988 4727 1166 4800 capitiarius
1179 4724 1246 4797 (Jeb
1260 4739 1319 4796 xm,
1338 4721 1390 4794 lu).
1414 4719 1534 4792 Sagittae
1555 4723 1626 4778 sunt
1642 4717 1737 4776 rerba
1758 4719 1816 4774 lio·

100 4812 275 4887 spiritaliter
287 4812 431 4872 radicitus
444 4812 491 4882 sit,
506 4812 605 4870 verbis
627 4811 761 4888 apostdi
783 4813 933 4870 monstra-
988 4814 1073 4885 mini,
1087 4817 1119 4872 ut
1133 4816 1178 4870 est
1189 4811 1264 4872 illud
1279 4829 1286 4870 :
1302 4811 1428 4883 Sapitta
1442 4813 1501 4870 tua
1513 4813 1612 4868 arma
1629 4808 1724 4881 (Psal.
1740 4821 1815 4876 mar,

100 4907 163 4972 tur,
188 4903 240 4980 qui
266 4903 304 4961 de
329 4901 644 4962 Thessalonicensibus
671 4901 741 4960 ait:
770 4901 824 4959 Vos
848 4906 934 4960 testes
988 4904 1027 4976 a).
1055 4902 1150 4960 Αιοιιι
1178 4915 1250 4960 vero
1275 4897 1327 4973 qui
1352 4913 1388 4958 ex
1411 4911 1507 4958 cornu
1531 4896 1565 4958 fit
1592 4899 1623 4956 st
1643 4895 1746 4969 corda,
1766 4897 1817 4954 Ve-

100 4993 184 5061 estr's,
199 4997 227 5050 et
250 4994 340 5062 Dens,
360 4991 501 5066 quonum
526 4997 629 5050 cauete
654 4995 682 5050 et
699 4992 784 5062 iuste
808 4991 934 5062 suimus,
988 4995 1038 5050 tus
1053 4990 1278 5048 Testamentum
1292 4985 1700 5061 propterrigorisdnritiam,
1722 4987 1819 5042 etlto·

100 5081 246 5154 subaudi,
262 5081 345 5156 apud
365 5097 429 5150 ros,
450 5086 479 5138 et
497 5081 578 5138 saitis
592 5080 724 5154 qualiter
738 5095 934 5154 auumqnea-
988 5097 1063 5140 vum
1090 5082 1213 5154 propter
1228 5075 1439 5136 misericordia
1461 5075 1676 5136 flexibilitatem
1704 5073 1818 5145 signill-

99 5185 162 5244 que
176 5176 306 5230 vestrum
319 5177 463 5244 tauquam
471 5175 562 5242 pater
583 5169 661 5240 filies
684 5183 753 5226 suos
771 5168 934 5240 deprecan-
989 5174 1039 5230 cat
1053 5187 1060 5226 :
1076 5168 1150 5244 qnia
1170 5165 1307 5241 quisquis
1334 5165 1445 5226 abillo
1465 5165 1554 5240 piem
1575 5163 1703 5238 raptim,
1723 5161 1818 5218 ruha

101 5267 147 5318 tes
164 5275 214 5318 vos
228 5265 256 5322 et
266 5261 452 5320 consolantes
467 5259 628 5329 testificati,
644 5262 677 5314 ut
696 5257 787 5330 diam
804 5257 935 5316 ambute-
988 5257 1219 5335 predicantium
1232 5256 1297 5329 iam
1311 5254 1417 5316 auehe
1429 5253 1620 5326 dedignatam
1646 5251 1729 5308 Unde
1749 5263 1818 5322 pea-

102 5354 142 5410 tr's
158 5351 259 5422 Decii
274 5351 374 5410 Thess.
388 5365 420 5422 ιι,
436 5354 480 5423 to,
495 5350 549 5418 11).
573 5349 630 5417 Qui
649 5348 742 5424 paulo
764 5351 833 5408 ante
856 5363 934 5422 pree·
990 5349 1064 5408 eatis
1081 5344 1320 5422 precedentibus
1340 5343 1473 5402 imas
1495 5339 1650 5406 nomam.
1672 5336 1719 5394 1111
1740 5351 1818 5410 111101

102 5441 230 5500 miserat
244 5459 250 5498 :
267 5441 357 5500 Facti
369 5455 470 5500 sumus
483 5440 609 5510 parvuli
623 5439 653 5498 iu
676 5438 772 5496 medio
793 5441 934 5506 antrum,
987 5435 1193 5511 iustoiudicio
1206 5433 1315 5492 deserit
1327 5448 1382 5507 per
1395 5429 1576 5505 prophetam
1593 5425 1665 5484 dicit
1679 5443 1687 5483 r
1701 5427 1817 5484 Immit-

102 5537 132 5589 ει
148 5535 296 5606 tuaquom
309 5531 337 5588 si
349 5530 457 5588 uutrr'e
467 5529 568 5601 foueat
590 5528 669 5598 filies
692 5542 769 5592 suas.
797 5527 843 5586 ita
863 5525 937 5584 desi·
991 5531 1053 5585 tam
1066 5527 1100 5586 iu
1113 5525 1195 5584 nobb
1209 5527 1358 5595 serpemss
1372 5519 1503 5591 manha,
1515 5515 1625 5616 quibu
1641 5531 1705 5575 uss
1716 5521 1762 5574 set
1772 5517 1819 5573 ia-

101 5621 247 5682 derastes
260 5634 311 5680 uos
325 5619 432 5694 cupida
446 5617 616 5680 cobboaus
630 5616 751 5678 troam
773 5615 855 5678 uobis
875 5629 936 5676 sou
989 5613 1285 5686 cmwabtlrmur,
1300 5608 1367 5681 ttlt
1384 5605 1417 5668 111
1438 5608 1485 5668 1111
1502 5602 1614 5666 W!
1627 5601 1818 5664 dmffilu·
