4160 6162
217 193 267 246 tea
738 185 766 240 S.
788 182 918 239 ODONIS
937 179 1083 237 auuatts
1103 182 1354 242 uuuutacuusm
1377 182 1409 238 lt.
1876 178 1930 234 tet)

215 313 245 384 il
258 313 378 378 Coum,
397 310 448 380 iti).
466 331 479 358 ιι
496 308 662 370 tndecnim
674 324 761 366 mens
781 307 1039 364 adsummaevo·
1058 304 1213 362 Avirtutis
1237 306 1411 364 necessariae
1442 319 1565 374 germen
1602 303 1685 360 ierat.
1713 301 1852 376 Sequitur
1882 321 1889 359 :

213 403 264 468 lat,
281 401 444 458 undecaro
460 397 491 453 in
519 397 633 455 infimis
657 399 762 454 durius
783 396 911 454 laborat.
941 396 1041 451 Potest
1131 397 1214 452 Vsus,
1234 400 1275 451 tt.
1301 396 1358 464 Qui
1369 397 1455 466 parui
1476 394 1602 451 humiles
1618 392 1800 462 insultime,
1826 397 1854 450 et
1867 408 1929 450 me-

214 503 335 563 quoque
347 483 548 559 appellatione
575 485 706 542 hominis
722 483 889 542 carnatium
915 483 974 539 vita
1001 481 1040 537 si·
1095 489 1192 542 rentes
1204 487 1292 557 eripit
1305 487 1457 555 sospitate.
1475 515 1507 524 -
1523 484 1555 540 ln
1572 481 1701 540 sublime
1715 480 1845 539 humiles
1873 497 1928 556 po·

214 575 309 647 gnari,
321 574 401 632 unde
413 574 523 632 Paulus
538 573 580 632 ait
606 591 613 630 :
637 597 651 625 «
663 578 738 633 Cum
754 574 835 630 enim
850 573 887 630 sit
899 573 974 629 inter
986 587 1040 627 vos
1094 579 1217 646 nuntur,
1233 574 1306 650 qma
1320 575 1337 632 ii
1353 574 1406 648 qui
1420 589 1502 631 nunc
1520 571 1638 646 prothei
1667 587 1771 629 amora
1791 569 1926 646 despecti

213 664 293 722 zelus
306 668 335 721 et
349 663 510 732 eontentio,
527 679 628 721 nonne
642 664 781 722 hemines
794 662 864 720 estis
890 667 919 720 ct
935 675 1042 718 secun·
1096 669 1174 732 sunt,
1191 667 1261 724 tuuc
1276 680 1345 722 eum
1359 667 1418 720 Deo
1439 662 1556 735 judiees
1584 661 1717 718 veniunt.
1745 659 1820 716 Hinc
1845 659 1928 718 enim

214 754 289 810 dum
300 752 441 810 homines
454 752 616 811 ambulatis
633 754 647 809 ‘l
671 773 687 808 e
704 756 731 822 tl
744 753 813 810 Cer.
827 768 868 822 ιιι,
882 751 920 823 3.)
935 752 968 806 ιιι
983 750 1041 807 hac
1095 751 1240 809 Dominus
1254 752 1328 810 dixit
1359 769 1366 808 ε
1395 775 1409 803 ιι
1428 751 1488 808 Vos
1503 750 1555 824 qui
1571 749 1665 808 secuti
1677 748 1748 806 estis
1762 764 1822 819 me,
1836 749 1867 806 in
1881 765 1927 806 re·

213 844 315 918 itaque
330 843 391 900 vita
405 844 497 900 homo
510 842 550 900 ad
574 843 709 900 laborem
724 843 865 913 nascitur,
892 840 964 914 quia
979 855 1041 897 car·
1095 842 1287 912 generatione
1302 859 1372 899 cum
1396 841 1506 898 sederit
1530 839 1611 897 filius
1633 838 1766 896 hominis
1793 839 1825 894 in
1855 837 1928 896 sede

214 933 293 990 nelis
309 933 437 1006 quisque
451 937 556 990 contra
569 931 682 1003 affligit.
698 933 794 990 Tanto
809 931 889 988 enim
914 929 1042 1004 quisque
1095 931 1258 1003 maJestatis
1272 947 1345 1002 sure,
1357 935 1386 988 et
1399 930 1516 1003 reliqua
1532 929 1650 1002 (Mallia.
1662 943 1724 995 xix,
1740 929 1795 1000 ιδ).
1809 951 1824 979 ιι
1846 930 1927 986 Tunc

214 1022 307 1094 hujus
327 1021 434 1078 mundi
448 1021 594 1078 veraciter
608 1021 689 1078 mala
704 1021 803 1089 sentit,
834 1023 948 1094 quanto
976 1018 1042 1090 cius
1095 1023 1255 1077 moerentes
1270 1019 1414 1077 Dominus
1429 1017 1524 1090 erigit,
1540 1017 1612 1090 quia
1626 1017 1656 1073 hi
1669 1016 1722 1089 qui
1747 1016 1813 1088 ejus
1842 1014 1923 1074 desi·

215 1112 298 1170 bona
311 1111 461 1169 inhianter
475 1111 597 1186 appetit.
613 1116 648 1168 at
663 1116 767 1169 eontra
777 1115 861 1168 tanto
887 1109 1008 1166 animus
1024 1123 1042 1164 a
1095 1107 1184 1164 dariis
1198 1123 1344 1182 prospere
1356 1107 1485 1178 tugiunt,
1508 1105 1718 1178 cruciatusque
1746 1120 1929 1178 persequen-

214 1201 317 1259 tabore
331 1200 500 1259 afflictionis
516 1217 547 1256 se
562 1201 719 1269 subtrahit,
744 1203 859 1274 quanto
879 1215 933 1273 per
956 1212 1043 1272 spem
1096 1197 1171 1254 uum
1185 1197 1321 1266 tolerant,
1336 1200 1420 1254 tanto
1435 1195 1644 1252 sublimiorem
1657 1198 1729 1252 tunc
1751 1193 1928 1266 sospitatem

217 1290 256 1348 ad
269 1305 390 1348 summa
402 1289 540 1346 sustollit.
554 1291 600 1344 An
613 1305 673 1346 non
684 1289 771 1363 quasi
782 1288 846 1345 avis
872 1289 911 1344 ad
939 1287 1042 1344 volan·
1096 1286 1472 1360 recipiunt,quantonune
1495 1301 1511 1342 a
1538 1283 1652 1340 eunctis
1676 1283 1784 1340 mundi
1809 1283 1929 1354 gaudiis

216 1377 707 1452 dumPaulusuatusiuerat,qui
731 1383 774 1436 tot
800 1377 926 1434 adversa
955 1376 1043 1433 susti·
1097 1375 1197 1432 devoti
1211 1375 1390 1432 moriuntur.
1408 1374 1479 1431 ilinc
1495 1379 1539 1430 est
1553 1373 1634 1430 enim
1658 1371 1744 1446 quod
1766 1388 1821 1446 per
1848 1371 1929 1428 Salo-

215 1483 290 1524 nens
304 1466 444 1523 dicebat:
462 1489 476 1516 ιι
492 1470 598 1524 Nostra
614 1467 804 1524 conversatio
815 1466 844 1522 in
861 1465 943 1522 ecelis
953 1466 1040 1522 esti»
1097 1481 1220 1522 monem
1235 1463 1342 1522 dicitur
1359 1482 1365 1520 :
1394 1487 1407 1514 ι
1423 1466 1479 1522 Cor
1493 1462 1577 1537 quod
1590 1461 1676 1519 novit
1694 1460 1929 1518 amaritudinem

216 1555 308 1627 [Phil.
325 1572 366 1628 ιιι,
381 1556 438 1627 ιθ.)
456 1557 612 1630 Sequitur:
1097 1553 1208 1610 animae
1224 1571 1297 1624 suoe,
1313 1553 1344 1610 in
1360 1552 1472 1624 gaudio
1486 1553 1551 1624 ejus
1566 1567 1628 1608 non
1642 1549 1820 1607 miscebitur
1833 1553 1929 1608 extra-

251 1680 337 1736 Veas.
355 1682 381 1734 8.
397 1680 591 1748 Quoruebrem
608 1696 660 1752 epo
676 1681 858 1750 deprecator
870 1680 1041 1746 Dominum,
1063 1657 1173 1742 ΒΨ
1198 1643 1301 1742 (va’
1314 1657 1373 1741 ΧΨ
1390 1643 1473 1740 ¹⁰.)'f’
1487 1639 1573 1707 0¹¹⁰d
1586 1641 1687 1740 {amm}
1697 1639 1735 1739 {¹⁰
1750 1638 1850 1696 ⁰¹⁰⁰fi⁸
1867 1639 1929 1738 .ὓώ

216 1773 242 1824 θ,
259 1767 300 1823 ad
311 1769 403 1823 Deum
415 1783 529 1837 ponam
541 1769 693 1841 eloquium
707 1783 813 1825 meum·
830 1799 862 1808 ἡ
874 1771 913 1823 Ac
928 1767 1044 1840 Smper·
1098 1735 1187 1788 ettam
1202 1746 1232 1786 ιιι
1247 1730 1304 1786 hac
1319 1735 1379 1787 vita
1392 1729 1464 1786 nrtul
1475 1731 1576 1786 obstat
1590 1727 1724 1798 mieihgr.
1741 1731 1774 1784 ln
1795 1725 1928 1784 sebums

216 1860 243 1912 te
256 1855 367 1912 diceret
391 1873 397 1911 :
422 1856 513 1912 iilum
524 1872 598 1928 rogo
613 1873 666 1931 per
682 1873 773 1931 quem
787 1858 850 1912 hae
866 1855 954 1912 tribui
970 1855 1042 1911 scio.
1097 1819 1210 1919 ‘inim
1225 1818 1353 1876 humil&
1366 1821 1531 1892 p⁰¹¹⁰¹¹t¹¹r2
1545 1816 1619 1918 wia,
1632 1832 1702 1918 ⁰¹¹,ss
1715 1832 1747 1872 ⁸⁰
1764 1832 1802 1873 ’θ’
1830 1816 1929 1874 humi'

1097 1907 1177 1964 htate
1192 1907 1396 1978 substernunt,
1412 1907 1478 1964 altoe
1491 1910 1600 1963 mentis
1607 1905 1722 1978 Judrero
1732 1908 1840 1962 cuneta
1850 1909 1927 1961 tem·

1097 1997 1213 2072 poralia
1227 2002 1392 2054 transeunt.
1418 1997 1579 2054 Videamus
1603 1995 1750 2052 humilem
1776 1993 1925 2064 reulum

150 2093 153 2100 “
252 2072 334 2126 VERS·
351 2075 377 2127 9·
393 2070 799 2143 Qlilsaei'i‘lisslliss·-Q¹¹is
829 2071 1043 2144 ⁰fflssit³0l0¹¹fi⁸
1098 2086 1233 2143 aitenim
1250 2104 1256 2141 :
1273 2108 1287 2136 ιι
1305 2085 1460 2143 Nouenim
1489 2083 1690 2158 nosmetipsos
1711 2082 1925 2157 predicamus,

218 2158 267 2216 Dei
281 2159 430 2216 mirabilia
445 2163 622 2232 perscrutari
645 2159 796 2218 sufficiat?
822 2159 909 2227 Quod
936 2165 1044 2217 carnote
1098 2175 1151 2232 sed
1164 2179 1265 2232 iesum
1281 2175 1430 2232 Christum
1447 2174 1608 2231 nominum
1619 2177 1758 2230 nostrum
1774 2191 1781 2241 3
1798 2187 1855 2229 nos
1871 2187 1926 2229 au.

216 2263 253 2304 θΧ
262 2247 354 2304 nihilo
371 2248 583 2324 Gl'estvil,qt10(l
599 2249 663 2322 ipsa
691 2249 797 2305 mundi
823 2249 938 2306 fabrica
967 2248 1043 2306 lssil'fl
1098 2269 1158 2322 tem
1172 2279 1276 2321 servos
1290 2269 1405 2322 vestros
1419 2279 1474 2336 per
1487 2263 1636 2319 Chpisstum
1665 2263 1840 2331 “1007va
1857 2261 1895 2333 5),
1911 2284 1926 2310 »

216 2337 355 2410 potentiae
365 2337 470 2394 virtute
482 2337 691 2411 dispositazct
704 2354 794 2411 super
804 2335 1043 2396 acreumooelum
1098 2353 1257 2410 Videamus
1272 2353 1300 2408 jn
1318 2351 1522 2424 subfimgjam
1538 2351 1691 2425 positum:
1720 2373 1734 2401 ,ι
1749 2349 1928 2407 gnngscjfis

217 2425 422 2498 suspenditur,
448 2431 476 2480 et
504 2441 597 2497 super
622 2425 769 2498 abyssum
796 2430 875 2482 terra
889 2424 1044 2481 libratur?
1097 2441 1170 2515 quia
1181 2441 1306 2511 angelos
1317 2439 1547 2512 judjcabjmus?
1564 2461 1577 2490 ,‚
1606 2439 1712 2512 (100st
1728 2455 1747 2507 Ι,
1760 2439 1788 2511 q)
1805 2443 1852 2508 301
1862 2454 1928 2495 rur.

217 2515 294 2568 Bene
309 2517 410 2568 autern
426 2513 565 2582 adjunxit
580 2529 586 2566 :
604 2513 641 2568 m
666 2513 886 2570 inscrutabilia.
903 2545 937 2552 —
950 2513 1043 2568 Minus
1098 2547 1167 2588 sug:
1186 2530 1474 2598 «conresuscitavit,
1497 2537 1527 2587 03
1540 2529 1702 2586 consedere
1727 2544 1785 2585 nos
1803 2527 1872 2585 fecit
1896 2528 1927 2585 jn

217 2598 299 2654 enim
314 2599 537 2668 fucratmagna
556 2599 663 2666 irruere,
693 2601 716 2655 si
744 2605 845 2656 tamen
872 2616 941 2673 quse
967 2600 1044 2657 iacta
1098 2618 1268 2676 coelgsfibus
1285 2619 1404 2688 (13ng
1418 2619 1496 2690 1¹³3),
1515 2639 1528 2668 „
1539 2621 1692 2676 mentes
1716 2616 1806 2674 egam
1831 2616 1928 2673 pomi.

217 2690 286 2743 sunt
297 2687 479 2760 perscrutari
492 2687 810 2760 potuissent.Sequitur
825 2705 831 2743 ι
850 2689 1045 2756 remiseritis
1097 2723 1156 2764 nus
1171 2707 1314 2780 sospitate
1328 2706 1422 2777 erigit,
1438 2707 1491 2779 qui
1505 2707 1632 2763 afflictos
1649 2721 1722 2763 suos
1746 2704 1786 2762 ad
1799 2703 1927 2778 gloriam

217 2776 472 2848 ubsqueuumero.
487 2807 522 2816 -
536 2776 655 2834 Minoris
671 2781 771 2834 autem
788 2782 867 2834 esset
895 2779 1044 2848 maguitu-
1096 2795 1292 2854 veraelaefiqae
1319 2795 1466 2852 soliditate
1490 2794 1617 2852 sustulit,
1640 2793 1787 2868 sospitato
1814 2792 1928 2866 quippe

217 2862 306 2933 dinis,
322 2863 347 2919 si
361 2880 422 2937 qua
436 2863 642 2922 inscrutabilia
657 2881 753 2938 pauca
767 2865 916 2922 iecissent.
934 2867 990 2924 Sed
1000 2865 1045 2922 in·
1098 2901 1160 2941 110„
1173 2884 1291 2941 insania
1303 2884 1391 2940 efficti
1406 2888 1486 2953 sunt,
1498 2883 1551 2957 qui
1564 2882 1596 2940 in
1609 2881 1697 2941 bonis
1708 2881 1826 2940 acubus
1838 2880 1928 2954 positi

217 2957 260 3008 tar
274 2953 339 3008 haec
362 2952 517 3010 sciendum
545 2959 599 3019 cst,
621 2954 694 3028 quia
721 2954 824 3012 divina
850 2955 996 3014 miracula
1016 2960 1044 3012 et
1063 2973 1198 3062 qusiin
1215 2971 1340 3030 Domino
1354 2971 1433 3028 firmi
1457 2970 1656 3044 gratulamur,
1685 2968 1823 3028 Nonnulli
1846 2969 1928 3026 enim

217 3055 336 3114 8θηψθῑ·
347 3039 457 3140 debent
472 3040 654 3100 ⁰⁰1¹⁵id0i³li
670 3057 723 3115 Pei
738 3042 883 3114 Studium,
909 3047 937 3100 ⁰²
964 3058 1043 3100 ¹111ss·
1098 3066 1127 3118 et
1139 3061 1311 3134 iniquitates
1327 3064 1509 3133 perpetrant,
1523 3063 1552 3116 et
1564 3059 1696 3132 gaudere
1710 3073 1772 3116 non
1796 3061 1925 3115 cessant.

216 3143 309 3201 quam
325 3127 432 3185 discuti
448 3145 501 3202 per
516 3128 706 3186 intellectum.
739 3131 822 3204 Saepe
846 3131 926 3188 enim
953 3130 996 3200 iit,
1012 3137 1044 3188 ut
1099 3148 1402 3224 pequffiugdigstu„
1419 3171 1434 3198 ,ι
1450 3148 1741 3215 Quiloemtmgum
1768 3145 1924 3204 malgfgae.

218 3215 293 3274 dum
315 3218 453 3274 nonnulli
479 3219 618 3276 homines
645 3225 832 3278 mortuorum
859 3236 987 3294 corpora
1013 3222 1043 3278 in
1097 3238 1166 3309 rint,
1183 3236 1598 3310 „etr011qua(p,·0„,11‚13),
1616 3236 1651 3294 Η)
1662 3240 1742 3293 gem
1756 3251 1818 3292 ΜΠ
1832 3233 1927 3308 sospi.

216 3305 371 3378 pulverem
387 3307 511 3364 redacta
534 3309 735 3376 considerant,
765 3314 793 3366 et
821 3310 1044 3368 resurrectionis
1098 3331 1157 3384 tato
1171 3327 1336 3398 eriguntur,
1352 3325 1405 3383 ,ω
1418 3325 1546 3395 insania,
1575 3323 1633 3400 qui-
1653 3323 1833 3398 superbiunt
1856 3339 1927 3380 cum

216 3394 279 3450 vim
295 3393 433 3466 colligere
449 3411 485 3450 ex
512 3397 627 3452 ratione
652 3413 713 3454 non
743 3403 881 3470 possunt,
910 3399 974 3455 haec
1004 3399 1042 3457 ad
1098 3415 1192 3488 ἣρως)
1205 3415 1383 3473 debueram,
1396 3415 1554 3488 sequitur:

216 3485 327 3643 m?
352 3483 511 3556 himinum
539 3484 635 3540 redite
663 3501 753 3558 90⁸⁵ss
791 3486 962 3559 desperant·
993 3489 1043 3545 Se·
1133 3509 1207 3562 Vens
1236 3504 1276 3562 m
1296 3504 1354 3572 Qui
1372 3505 1498 3575 dissipet
1514 3505 1707 3576 cogitationes
1721 3503 1927 3573 melienorum

217 1942 354 2018 Sequitur
368 1963 374 2000 :

1097 3611 1135 3652 ee
1146 3595 1262 3665 possint
1271 3594 1395 3664 implere
1408 3609 1516 3650 manus
1529 3609 1631 3650 eorum
1644 3607 1710 3665 que
1723 3595 1875 3662 ceperant.
1892 3621 1927 3631 -

252 3675 341 3732 Vens.
361 3679 400 3733 to.
418 3677 477 3745 Qut
486 3677 683 3748 dutptuuium
696 3694 786 3749 super·
810 3680 920 3750 samem
945 3686 1042 3752 terre,

216 3763 382 3838 etreliqua.
397 3795 431 3806 -
448 3765 644 3839 Omnipotens
659 3766 741 3822 enim
763 3769 840 3824 Deus
866 3771 952 3824 terrae
979 3768 1044 3842 plu·

215 3852 297 3908 viem
312 3851 422 3920 tribuit,
438 3869 508 3909 cum
524 3853 637 3910 arentia
649 3854 742 3911 eorda
757 3854 913 3924 gentilium
941 3872 1042 3929 super·

215 3957 263 3998 nae
277 3940 373 4013 gratia
387 3941 611 4014 praedicationis
623 3943 793 4016 perfundit;
820 3948 848 4001 et
867 3945 954 4018 aquis
980 3945 1044 4002 uni·

214 4046 301 4087 versa
314 4029 426 4102 irrigat,
438 4031 510 4104 quia
525 4032 708 4090 sterilitatem
723 4033 830 4106 perditi
854 4033 985 4091 hominis
1000 4051 1044 4092 re-

214 4118 345 4192 pletione
360 4119 480 4193 spiritus
495 4121 535 4178 ad
549 4120 807 4178 fructificationem
822 4121 941 4194 format,
968 4125 1044 4181 sieut

1098 3683 1307 3758 Reprcborum
1317 3689 1433 3740 mentes
1447 3681 1594 3757 perversis
1605 3680 1837 3754 cogitationibus
1851 3695 1928 3736 sem-

1096 3770 1328 3846 perinvigilant,
1342 3771 1395 3827 sed
1407 3770 1585 3845 plerumque
1600 3770 1643 3827 eis
1656 3783 1788 3844 superna
1808 3767 1927 3840 dispen-

1099 3860 1174 3917 satio
1189 3858 1298 3916 obviat.
1315 3862 1349 3916 Et
1361 3859 1501 3932 quamvis
1527 3859 1705 3932 pravitatem
1733 3855 1849 3914 consilii
1871 3870 1926 3912 nee

1097 3948 1182 4006 tracti
1192 3947 1423 4004 adversitatibus
1433 3947 1598 4018 corrigunt,
1605 3951 1750 4004 tamenne
1761 3949 1866 4002 eontra
1874 3943 1927 4000 be

1097 4053 1153 4094 nos
1162 4035 1345 4110 prevaleant
1355 4051 1460 4094 eorum
1471 4036 1546 4093 vires
1560 4035 1757 4093 refrenantur.
1768 4033 1925 4108 Sequitur:

1133 4129 1215 4182 Vens.
1234 4129 1276 4182 te.
1294 4125 1352 4194 Qui
1365 4125 1590 4196 comprehendit
1603 4125 1751 4195 sapientes
1766 4125 1798 4179 iu
1812 4121 1927 4180 astutia

214 4223 270 4281 per
297 4209 491 4282 semetipsam
521 4211 635 4267 Veritas
677 4210 749 4267 dicit
775 4229 781 4266 :
814 4213 900 4278 «Qui
935 4213 1044 4270 biberit
1099 4227 1212 4278 eorum,
1227 4217 1256 4268 el
1269 4212 1395 4268 coercitio
1407 4226 1572 4282 pravorum
1587 4211 1724 4281 dissipet.
1751 4241 1786 4251 -
1806 4206 1927 4282 Sapien-

216 4311 340 4369 aquam,
359 4318 373 4346 ι
386 4301 415 4352 et
428 4297 543 4369 reliqua
570 4299 670 4368 (loen.
687 4315 726 4366 ιι,
757 4303 810 4367 13).
841 4301 1043 4358 universitatis
1061 4283 1086 4406 θ’
1100 4304 1142 4356 tes
1157 4313 1229 4370 ergo
1245 4299 1389 4355 hominus
1404 4299 1436 4354 in
1449 4297 1517 4370 ipsa
1530 4313 1636 4356 eorum
1656 4297 1764 4356 astutia
1794 4309 1929 4369 compre

216 4386 316 4438 autem
331 4383 454 4439 nomine
477 4383 571 4439 homo
598 4383 792 4455 significatur,
819 4387 891 4458 quia
917 4387 947 4444 in
973 4389 1043 4462 ipso
1098 4387 1212 4455 hendit,
1228 4385 1353 4461 quando
1366 4387 1431 4458 ejus
1443 4387 1574 4444 consiliis
1586 4387 1722 4444 humana
1736 4387 1815 4444 taeta
1837 4385 1927 4442 etiam

214 4484 285 4527 vera
296 4469 409 4544 species
420 4475 448 4526 et
462 4485 575 4541 magna
587 4472 820 4530 communicatio
844 4474 1043 4534 universitatis
1097 4479 1168 4532 tunc
1179 4491 1311 4546 congrue
1327 4475 1457 4532 servavit
1471 4491 1541 4532 eum
1554 4475 1707 4533 resistunt.
1723 4477 1824 4532 hstutc
1839 4488 1926 4530 nam·

215 4557 392 4615 ostenditur.
407 4558 489 4616 Unde
504 4564 533 4616 et
544 4559 656 4616 Veritas
671 4559 907 4634 discipulisdicit
920 4581 927 4620 :
941 4585 954 4614 ιι
966 4567 1043 4622 Eun·
1096 4580 1156 4638 que
1170 4564 1283 4638 aliquid
1298 4579 1386 4635 agere
1401 4563 1506 4621 iratres
1518 4565 1628 4639 loseph
1641 4565 1708 4622 ausi
1718 4567 1798 4636 suut,
1820 4566 1852 4620 ut
1876 4561 1926 4618 liei

215 4651 259 4704 tes
274 4645 304 4703 in
319 4647 469 4704 mundum
483 4647 666 4717 uuiversum,
680 4648 831 4722 predicate
847 4651 1043 4722 Evangelium
1097 4652 1258 4712 concilium
1273 4657 1448 4711 mutaretur.
1467 4653 1524 4712 Sed
1540 4653 1643 4711 divino
1650 4652 1765 4726 judicio
1778 4652 1863 4726 quod
1876 4651 1928 4706 de·

214 4735 645 4809 omnicreaturae(Marc.xv1,
663 4737 715 4809 15).
733 4759 746 4788 ιι
762 4739 1043 4805 Quamvishoctoco
1097 4742 1207 4800 clinare
1231 4742 1331 4799 conati
1356 4747 1435 4812 sunt,
1465 4742 1621 4800 renitendo
1648 4742 1823 4799 servierunt.
1854 4738 1925 4794 ldeo

214 4825 355 4882 universa
369 4825 493 4896 intelligi
506 4825 628 4884 cialiter
640 4833 776 4900 possunt,
791 4845 861 4885 eum
876 4829 956 4886 enim
969 4829 1043 4887 divi·
1096 4831 1208 4907 quippe
1223 4832 1262 4889 ab
1276 4831 1318 4889 eis
1332 4833 1446 4906 loseph
1458 4831 1597 4888 venditus
1608 4831 1716 4902 iuerat,
1733 4847 1770 4888 ne
1783 4829 1925 4887 adorare-

213 4916 257 4970 tes
272 4919 300 4968 et
309 4929 469 4986 pauperes,
483 4914 575 4994 ior-tes
591 4919 619 4972 et
633 4915 757 4986 debiles,
772 4917 923 4991 sapientes
936 4919 1043 4977 etinsi-
1096 4927 1143 4978 tur
1156 4923 1239 4990 (Gen.
1251 4937 1364 4990 xxxvn,
1379 4925 1436 4992 28).
1455 4920 1512 4980 Sed
1527 4921 1595 4979 ideo
1609 4927 1653 4980 est
1672 4922 1826 4990 adoratus,
1854 4917 1928 4994 quia

213 5001 329 5076 pientes
343 5002 465 5075 spiritus
489 5003 528 5060 ad
541 5020 628 5061 suam
644 5005 846 5076 cognitionem
862 5013 961 5076 vocat,
976 5009 1041 5066 uni·
1096 5009 1244 5067 venditus.
1258 5010 1303 5068 Sic
1314 5009 1451 5068 divinum
1465 5010 1635 5079 consilium,
1663 5011 1738 5068 dum
1765 5008 1926 5079 devitatur,

212 5105 301 5148 versa
315 5093 392 5148 bens
407 5091 495 5164 aquis
510 5091 623 5162 irrigat.
635 5095 761 5151 Possunt
769 5099 871 5153 auum
886 5097 1042 5155 universo·
1095 5097 1246 5172 impletur.
1261 5099 1306 5156 Sic
1321 5100 1456 5158 humana
1470 5099 1628 5174 sapientia,
1654 5100 1728 5158 dum
1754 5097 1926 5168 reluctatur,

213 5194 282 5238 rum
296 5177 419 5236 nominc
431 5179 504 5253 ipsae
531 5195 652 5238 morum
681 5181 942 5242 dissimilitudines
968 5186 1044 5244 desi·
1097 5187 1370 5261 comprehenditur.
1397 5188 1629 5262 comprehendit
1654 5189 1746 5246 etiam
1783 5185 1928 5244 hominm

214 5269 309 5338 gnari.
323 5267 407 5324 atius
422 5283 555 5341 namque
570 5268 696 5327 elatione
722 5271 854 5343 erigitur,
877 5273 954 5331 alius
981 5273 1045 5332 tibi·
1097 5277 1246 5351 sapientes
1259 5277 1290 5334 in
1305 5277 1413 5334 astutia
1425 5293 1541 5349 eorum,
1557 5277 1682 5351 quando
1696 5283 1726 5336 et
1738 5277 1797 5335 hoc
1812 5275 1851 5332 ad
1866 5274 1927 5349 pie-

214 5355 283 5413 dine
310 5358 527 5427 inflammatur,
557 5357 634 5415 alius
657 5360 787 5418 avaritia
825 5363 954 5421 anhelat.
987 5365 1044 5422 Sed
1097 5367 1165 5424 tatis
1181 5383 1243 5422 suae
1255 5365 1447 5438 obsequium,
1463 5369 1634 5440 nostreque
1649 5366 1753 5426 salutis
1779 5379 1926 5435 angmen-

214 5445 354 5503 universa
368 5450 445 5505 heus
460 5447 549 5522 aquis
562 5447 674 5522 irrigat,
687 5453 759 5524 quia
769 5451 831 5509 vim
839 5453 885 5508 sui
898 5469 1044 5510 sermonis
1097 5460 1161 5513 tum
1174 5455 1290 5528 redigit,
1306 5453 1388 5528 quod
1404 5460 1509 5514 eontra
1523 5455 1608 5514 illum
1617 5457 1754 5516 humana
1769 5452 1928 5512 increduii-

213 5537 244 5594 ιιι
258 5534 382 5606 singulis
402 5537 489 5608 juxte
516 5555 638 5597 morum
665 5539 850 5599 diversitates
878 5541 997 5612 format,
1014 5547 1045 5600 ut
1098 5547 1277 5607 tcsexarsit.
1294 5545 1367 5600 ltine
1388 5544 1545 5604 Psalmista
1572 5547 1613 5606 ait
1642 5565 1650 5604 :¹
1675 5569 1690 5598 ιι
1705 5549 1812 5616 iiagna
1834 5558 1928 5616 opera

214 5623 271 5682 hoc
285 5621 397 5696 ineius
408 5623 528 5698 eloquio
553 5627 682 5700 quisque
709 5628 851 5698 inveniat,
861 5627 866 5636 '
878 5645 933 5703 per
959 5631 1042 5704 quod
1097 5632 1227 5704 Domini,
1243 5631 1390 5706 exquisita
1403 5632 1434 5690 in
1449 5649 1555 5693 omnes
1569 5635 1738 5695 voluntates
1751 5634 1817 5707 ejus
1831 5631 1925 5706 (Paul.
