4160 6162
239 182 290 238 lit
760 171 792 230 S,
808 167 939 230 obesis
958 166 1105 228 ABBssiS
1120 166 1435 239 ,muamcsttslsgll
1908 157 1986 214 124

237 303 304 373 ³test,
326 309 352 360 et
368 307 448 358 terso
462 297 559 368 cupito
582 311 725 354 sermea
739 296 771 352 in
791 300 904 353 rosum
918 293 1067 352 mosaco.
1087 291 1216 360 trihus
1239 294 1371 349 mentem
1401 289 1444 348 ad
1468 286 1633 346 certamina
1658 281 1810 342 robustius
1834 296 1983 358 parare.

238 419 273 438 ⁴-
286 388 413 450 Nonnuli
434 401 556 457 magne
581 384 755 442 constantie
770 381 994 457 philosophiam
1012 397 1069 454 pu·
1126 382 1307 440 Vestimenta
1334 379 1511 450 scindimus,
1526 377 1602 434 dum
1626 372 1826 432 discernendo
1853 375 1985 430 uestra

238 485 311 550 tant,
327 478 352 534 si
374 475 540 550 disciplinas
554 474 714 548 asperitate
729 473 862 534 correcti.
873 472 951 529 ictus
966 470 1071 528 verbe-
1125 487 1218 546 opera
1231 475 1437 530 retractamus.
1459 468 1545 534 Quod
1570 469 1674 523 nosue
1692 479 1748 520 nos
1762 477 1857 538 opera
1875 461 1984 520 velut

236 585 305 628 rum
330 565 510 638 doloresque
524 580 586 622 uon
605 563 745 622 tenuant.
764 561 904 620 Nonnulli
924 576 996 618 vero
1010 563 1072 616 tam
1125 561 1303 620 vmhmeuta
1339 564 1408 618 ante
1444 561 1539 616 [teum
1565 557 1680 626 tegant,
1712 551 1838 626 angelus
1866 551 1980 610 dicit:

236 657 327 717 nimia
352 655 584 730 percussionum
607 653 728 726 llagella
748 651 889 720 sentiunt,
908 655 940 707 ut
963 651 1072 706 immo·
1127 673 1141 702 a
1158 654 1265 708 Beatus
1276 651 1328 725 qui
1342 649 1445 722 vigilat
1458 652 1488 706 et
1500 645 1628 704 sustodit
1643 643 1819 702 vestimenta
1833 658 1903 712 sua,
1927 656 1979 698 ne

237 749 342 807 dorato
362 745 467 804 dolore
489 743 644 814 commoti,
659 744 748 802 etiam
771 743 942 800 inexcessu
962 739 1073 810 lingue
1126 741 1227 798 nudus
1252 723 1386 800 ambulet
1408 739 1512 812 (Apus.
1531 753 1590 802 ιιι,
1607 735 1660 806 ιι).
1673 755 1689 784 »
1705 732 1783 801 Quid
1805 731 1978 790 moraliter

237 837 419 896 dbebanhrr.
436 836 476 890 lie
489 832 548 890 illis
561 832 674 906 quippe
687 831 795 891 dicitur
808 829 1071 905 perprophatam:
1126 846 1180 904 per
1205 829 1329 904 capillos
1360 829 1419 886 nisi
1455 825 1548 884 animi
1576 823 1732 881 affluentes
1761 821 1975 894 cogitationes

239 949 254 978 c
266 923 441 984 percussisti
461 938 522 991 eos,
543 937 599 978 nec
620 921 789 978 doluerunt.
804 919 946 976 attrivisti
964 933 1025 984 ecs,
1046 909 1075 974 ei
1127 920 1312 994 accipimus?
1327 918 1404 985 Quid
1415 933 1468 991 per
1482 917 1584 989 caput,
1599 913 1658 972 nisi
1672 928 1758 970 mens
1772 911 1840 984 ipsa
1859 909 1975 981 signa-

127 1073 132 1086 ,
238 1017 403 1074 eruerunt
426 1013 561 1087 accipere
584 1011 775 1086 disciplinam
804 1011 874 1083 (lar.
892 1026 921 1078 v,
938 1009 976 1080 3).
993 1031 1008 1058 »
1034 1009 1074 1064 lle
1128 1011 1196 1066 tur‘l
1211 1011 1306 1082 Caput
1320 1023 1392 1078 ergo
1404 1005 1566 1065 detondere
1586 1006 1631 1060 est
1644 1000 1841 1074 cogitationes
1853 1015 1973 1074 super-

239 1091 306 1163 istis
332 1103 490 1162 Psdmista
517 1103 573 1162 ait:
592 1124 606 1152 a
622 1106 655 1158 la
681 1099 807 1158 miseriis
826 1115 890 1158 non
911 1097 1075 1156 subsistent
1128 1098 1235 1156 tluasa
1249 1095 1549 1156 mentorsssosrm
1564 1091 1834 1162 detonsocaptteia
1847 1095 1971 1146 turam

240 1196 337 1267 (Paul,
350 1209 464 1263 murs,
480 1192 534 1261 ll).
551 1215 566 1242 ι
584 1192 694 1248 Beatrrs
714 1191 818 1263 itaque
829 1189 884 1246 lob
906 1188 977 1261 quia
998 1202 1074 1243 verce
1129 1190 1252 1246 corruit.
1271 1186 1328 1254 Qui
1349 1185 1492 1259 repressis
1513 1179 1756 1256 presumptionis
1774 1195 1836 1236 sure
1850 1177 1972 1250 cogita·

240 1281 438 1358 philosophie
458 1280 595 1350 regulam
618 1279 722 1347 tenuit,
733 1283 839 1336 contra
852 1281 980 1349 utraque
998 1275 1075 1332 mira
1129 1276 1269 1344 tionibus,
1287 1291 1382 1348 quam
1393 1275 1425 1332 in
1439 1273 1636 1346 semetipsum
1646 1269 1784 1330 infirmus
1797 1268 1845 1336 sit,
1859 1268 1969 1326 humi·

241 1384 273 1426 sa
298 1371 362 1426 arte
384 1368 533 1426 servabat
548 1368 635 1434 Quod
661 1368 839 1425 vestimenta
859 1365 946 1422 scidit
965 1363 1076 1434 flagelli
1128 1366 1193 1424 liter
1214 1365 1359 1438 agnoscit
1382 1368 1459 1435 Ergo
1488 1361 1624 1420 adversis
1645 1359 1754 1418 auditis
1781 1358 1969 1418 detondetur

239 1456 374 1516 dolerem
402 1457 503 1516 sensit.
518 1457 607 1522 Quod
629 1471 701 1514 roro
726 1455 873 1525 adoravit,
896 1457 1001 1510 contra
1025 1453 1077 1510 lla·
1130 1461 1229 1530 caput,
1242 1473 1312 1514 cum
1333 1453 1545 1514 tentationibus
1559 1451 1750 1510 vehementer
1767 1449 1967 1520 irruendbus²

240 1546 354 1619 gelletis
375 1546 525 1617 judicium
549 1561 611 1602 uon
635 1545 772 1602 excessu.
796 1547 860 1600 lluo
889 1543 969 1600 enim
1008 1545 1077 1598 sunt
1131 1545 1474 1618 apraesumptionissuae
1482 1539 1712 1612 cogitationibus
1720 1537 1965 1598 mensunusum.

239 1639 390 1708 precepta
415 1634 585 1692 eharitatis:
601 1650 688 1692 emor
701 1632 838 1690 videlicet
866 1632 917 1690 liei
932 1637 961 1690 et
974 1631 1076 1706 proxi·
1095 1653 1116 1711 g
1131 1638 1165 1692 Et
1177 1634 1347 1692 anundum
1370 1632 1498 1708 quadiu
1512 1635 1622 1690 terram
1637 1644 1789 1696 corruens,
1812 1627 1964 1692 adoravit.

240 1723 293 1782 mi·
317 1726 352 1780 Ul
376 1723 567 1781 dimissum
588 1721 719 1797 proximi
746 1721 906 1792 exolveret,
930 1721 1077 1794 impendit
1131 1725 1180 1782 llle
1194 1724 1394 1784 enimveram
1420 1726 1480 1782 beo
1502 1720 1669 1780 orationem
1693 1717 1814 1776 exhibet
1834 1717 1888 1790 qui
1915 1733 1965 1776 so-

240 1810 373 1880 luetums
387 1815 420 1868 ut
435 1811 488 1868 liei
510 1828 574 1870 nou
597 1811 758 1878 desereret,
787 1810 916 1884 explevit
929 1810 1006 1866 inter
1026 1824 1076 1880 ge-
1130 1814 1291 1886 metipsum
1307 1812 1380 1886 quia
1393 1811 1495 1886 psdvis
1508 1807 1798 1868 sithumilitersidot
1807 1806 1962 1879 segnium

241 1899 333 1959 ntus
362 1901 538 1958 orationem.
555 1904 615 1958 llos
642 1905 777 1958 veterum
799 1901 855 1958 suit
879 1903 913 1956 ut
939 1899 1076 1972 quisquis
1165 1905 1249 1959 vrrs.
1264 1903 1309 1960 21.
1323 1902 1430 1960 Nudus
1447 1915 1582 1972 caracara
1603 1914 1670 1955 susa
1693 1897 1729 1956 de
1750 1901 1835 1954 uteru
1853 1897 1964 1954 nstris

242 1988 367 2062 mpillos
391 1989 553 2048 nutriendo
565 1994 705 2061 servaret,
726 2005 778 2046 eos
793 1992 926 2062 tempore
941 1986 1076 2044 alllictio-
1130 2008 1212 2066 mee,
1227 1993 1325 2052 secu
1346 1998 1482 2050 reuertar
1508 1990 1594 2051 illac·
1609 2019 1643 2032 -
1671 1987 1746 2054 Quia
1764 2001 1833 2046 voro
1851 1999 1963 2044 omnes

240 2079 506 2136 nisabecinderet:
522 2084 553 2138 ot
568 2080 621 2153 gui
634 2078 857 2152 traquillitate
879 2083 1076 2151 tomporoca·
1129 2098 1188 2140 uos
1198 2085 1276 2142 terre
1290 2081 1403 2152 genuit,
1417 2081 1496 2138 hanc
1522 2093 1584 2138 non
1607 2077 1961 2138 immeritcmatromvo-

241 2167 332 2241 pillos
359 2168 559 2239 abscinderet,
589 2183 642 2226 eos
673 2170 704 2226 in
732 2167 894 2226 afflictione
921 2166 1075 2230 saeuiret.
1130 2185 1247 2238 minus,
1261 2173 1294 2226 ut
1322 2169 1557 2243 scriptumest:
1585 2168 1714 2226 «Grave
1736 2165 1846 2236 jugum
1870 2176 1961 2235 super

240 2259 348 2316 &atus
359 2259 464 2332 inqua
479 2259 537 2316 tob
549 2258 772 2332 tranqtffllitatis
799 2261 935 2331 temporo
950 2255 1076 2330 capillos
1128 2260 1208 2318 tilios
1220 2260 1320 2318 adam
1338 2276 1358 2317 a
1371 2259 1418 2316 die
1434 2258 1531 2318 exitus
1548 2257 1588 2314 de
1603 2259 1706 2316 venua
1725 2253 1831 2314 matris
1843 2268 1960 2324 eorum,

241 2347 650 2412 macomadiensem
665 2347 957 2420 addoloromcaput
980 2349 1076 2405 toton·
1130 2365 1227 2423 risque
1257 2349 1289 2406 in
1323 2348 1405 2406 diem
1431 2347 1591 2422 sepulturae
1609 2346 1641 2404 in
1668 2348 1795 2404 matrem
1824 2342 1962 2402 omnium

241 2436 322 2494 disse
334 2442 529 2496 memoratur.
538 2442 670 2497 llrsrrra.
684 2440 812 2508 Surgere
825 2436 944 2494 bomini
953 2440 999 2494 est
1009 2451 1077 2508 pec
1131 2440 1236 2508 (Eroti.
1250 2455 1293 2508 rs,
1313 2438 1367 2511 l).»
1381 2442 1422 2496 hc
1433 2437 1460 2494 si
1473 2437 1563 2496 dicat.
1578 2434 1699 2494 Nudum
1713 2449 1762 2492 me
1777 2434 1838 2492 huc
1850 2433 1961 2492 tahau

242 2530 369 2599 catores,
379 2541 444 2599 qua
455 2527 589 2586 disemo
600 2527 715 2598 iudicio
727 2542 765 2584 ne
776 2525 966 2598 derehnquat
976 2528 1075 2582 ostem
1129 2532 1190 2586 tem
1204 2533 1282 2586 terra
1293 2527 1409 2602 pobrlit,
1425 2526 1543 2586 nudum
1556 2524 1865 2584 hemerammum
1883 2527 1962 2580 terra

242 2616 323 2672 dm.
340 2617 471 2674 Surrexit
498 2616 572 2690 quia
584 2617 710 2690 quaudo
729 2616 845 2689 judicie
867 2617 1075 2689 persecutores
1128 2616 1260 2690 recipiet.
1275 2619 1406 2675 ltrsrrcn
1415 2613 1728 2688 Redemptorismater
1741 2613 1962 2685 juxtacarnem

243 2719 316 2761 suos
340 2705 498 2774 desereret,
513 2706 701 2764 monstrarit.
718 2705 796 2772 Quid
819 2705 901 2762 enim
914 2703 1075 2762 vestimen·
1129 2707 1292 2780 synagoge
1302 2705 1422 2774 exstitit,
1437 2721 1474 2764 ex
1496 2720 1559 2778 qua
1572 2704 1613 2762 ed
1625 2718 1683 2760 nos
1702 2717 1755 2774 per
1769 2717 1880 2776 corpus
1892 2699 1961 2760 visi·

242 2798 308 2851 tum
328 2793 458 2866 llomdni,
478 2794 536 2852 uisi
560 2797 721 2868 synagoge
741 2793 874 2854 exstitit?
895 2793 975 2852 Sicut
994 2793 1075 2852 enim
1128 2796 1196 2853 bilis
1214 2794 1369 2870 processit.
1387 2795 1444 2853 Sed
1466 2793 1566 2851 nudus
1591 2793 1629 2850 de
1649 2797 1732 2849 utero
1754 2790 1861 2850 matris
1881 2789 1962 2862 arnt,

242 2882 291 2940 his
313 2897 398 2940 nuno
415 2884 549 2954 vestitur,
564 2900 586 2943 a
606 2884 718 2958 quibus
740 2883 883 2956 diligitur,
904 2887 937 2940 ut
964 2883 1077 2942 Paulus
1129 2901 1167 2944 ex
1179 2901 1243 2960 qua
1255 2885 1296 2943 ad
1316 2899 1374 2942 nos
1395 2899 1573 2957 percorpus
1593 2881 1720 2940 risibilis
1732 2879 1888 2952 processit.
1904 2877 1962 2936 Sed

242 2973 300 3030 ait:
320 2993 334 3024 s
353 2975 388 3030 Ut
399 2973 552 3032 exhiberet
565 2973 623 3032 ribi
637 2973 800 3045 glericmm
823 2972 997 3042 Ecclesiam,
1013 2988 1075 3030 uon
1090 3005 1113 3062 ὓ
1129 2975 1231 3034 nudus
1244 2976 1282 3034 de
1296 2979 1380 3032 utero
1394 2973 1499 3034 matris
1513 2973 1594 3042 exiit,
1605 2972 1678 3046 quia
1689 2973 1857 3043 synagoge
1871 2985 1964 3028 carue

241 3061 405 3120 habonm
418 3079 527 3136 rugam
542 3064 759 3122 autmaculam
768 3065 889 3137 (eptas.
899 3064 994 3136 uti),
1006 3085 1021 3114 ι
1034 3063 1077 3122 ita
1129 3065 1283 3140 prodiens,
1296 3064 1479 3138 compienne
1492 3064 1533 3124 ad
1549 3067 1653 3134 mutes
1676 3061 1767 3120 venit.
1784 3060 1871 3127 Quod
1883 3059 1964 3119 berre

241 3166 312 3209 cum
325 3151 550 3210 incarnandum
567 3169 637 3211 eum
658 3153 814 3227 prophetis
841 3152 1075 3226 predicantibus
1128 3156 1242 3228 loseph
1252 3155 1305 3228 qui
1315 3153 1417 3212 relicto
1429 3152 1521 3227 pallio
1536 3151 1621 3222 fugit,
1632 3151 1845 3222 signatumest.
1857 3149 1964 3208 Nudus

242 3239 348 3298 iudea
380 3241 516 3314 eredidit,
541 3242 725 3300 οιιιιωιιιιιιο
755 3242 952 3300 ιιιιιιιοιιιιιιιιι
981 3241 1076 3298 vestis
1129 3244 1242 3318 quippe
1256 3243 1296 3301 ad
1306 3246 1424 3301 uterum
1439 3241 1542 3300 matris
1557 3237 1965 3309 revortitur-,ouninmundi

242 3327 307 3386 luit.
321 3328 379 3386 Sed
403 3333 517 3388 vestem
540 3330 637 3403 scidit,
656 3331 732 3388 dum
757 3332 788 3388 in
811 3331 919 3388 tudae
937 3329 1013 3388 alios
1035 3331 1075 3388 ab
1129 3334 1220 3406 huius
1232 3332 1394 3392 terminals
1409 3331 1462 3406 qui
1476 3331 1509 3390 in
1522 3330 1632 3390 seculo
1646 3329 1848 3390 iaetushomo
1861 3327 1964 3402 despi-

242 3415 418 3478 iufldelitste
430 3418 560 3488 sustulit,
577 3419 652 3476 alios
663 3419 696 3476 iu
713 3419 889 3478 infidelitate
906 3419 1074 3492 dereliquit
1128 3427 1187 3492 tur,
1204 3423 1360 3494 Siuegogae
1375 3437 1437 3478 sue
1451 3419 1545 3478 oculis
1559 3422 1639 3478 Deus
1651 3423 1720 3478 auto
1740 3417 1852 3476 secula
1865 3416 1963 3476 decla·

245 3505 344 3565 &issa
370 3507 452 3565 euim
465 3508 554 3566 veshs
577 3512 650 3578 erat,
669 3508 707 3566 de
728 3525 792 3584 qua
810 3509 1000 3580 evangelista
1015 3507 1074 3566 ait:
1129 3515 1222 3570 ratur.
1234 3511 1309 3568 illuc
1323 3510 1433 3568 Paulus
1447 3509 1504 3568 ait:
1523 3529 1539 3564 s
1554 3508 1677 3568 cecitas
1691 3512 1825 3580 exparte
1841 3505 1965 3578 contigit

245 3595 329 3652 «alit
347 3597 448 3655 auum
461 3595 690 3672 dicebantquia
711 3599 811 3656 bonus
825 3603 881 3668 est,
900 3598 950 3654 alii
975 3602 1076 3656 autem
1129 3599 1161 3658 in
1178 3599 1284 3668 ‘tunel
1310 3598 1407 3656 donec
1430 3596 1586 3671 plenitudo
1610 3596 1744 3669 gentium
1769 3595 1902 3665 inheret,
1934 3597 1965 3652 et

242 3697 317 3757 nen,
327 3686 381 3744 sed
396 3687 510 3746 aeduoh
523 3689 627 3746 turbas
642 3689 741 3762 (doun.
752 3705 805 3756 ru,
821 3689 876 3761 li).
892 3711 907 3740 s
923 3687 1001 3755 Quid
1023 3703 1077 3761 psr
1130 3694 1201 3748 tunc
1212 3688 1312 3748 omnis
1326 3687 1416 3746 lsrael
1427 3687 1530 3746 salvus
1552 3685 1965 3758 fiettltom.x1,2i).sldoaa·

242 3773 363 3834 deeisos
389 3776 524 3850 capillos,
549 3778 607 3834 nisi
631 3781 891 3836 sacramentorum
905 3776 1076 3834 subtilitas?
1130 3797 1219 3837 erres.
1235 3783 1275 3836 Ac
1288 3778 1314 3835 si
1339 3781 1470 3836 mutatus
1494 3777 1623 3847 animus,
1643 3780 1673 3836 et
1696 3774 1876 3834 infirmitatis
1900 3790 1963 3832 sure

244 3865 322 3932 Quid
335 3881 389 3940 per
401 3871 501 3940 caput,
512 3867 570 3924 nisi
582 3884 703 3926 summa
714 3867 872 3926 sacerdotii
883 3866 1076 3938 designatur?
1129 3869 1233 3944 inopia
1251 3867 1457 3942 deprehensus
1472 3866 1561 3926 diem.
1575 3866 1696 3926 ltudum
1714 3881 1764 3924 me
1784 3863 1887 3922 infide
1900 3863 1963 3937 pri-

244 3955 328 4012 llude
343 3955 383 4015 ad
405 3955 588 4016 Ezechielem
601 3959 781 4034 prophetam
795 3957 921 4026 dicitur;
937 3978 951 4008 s
963 3959 1014 4026 Tu,
1034 3955 1076 4013 fili
1130 3975 1182 4016 ma
1195 3958 1292 4030 gretia
1304 3956 1537 4030 guermundum
1551 3955 1658 4016 eadem
1672 3955 1769 4027 gratia
1779 3955 1811 4014 in
1824 3968 1964 4025 ammp-

243 4044 385 4116 bomiuis,
413 4061 499 4105 sume
522 4047 575 4105 tihi
602 4047 736 4120 gladium
772 4051 894 4106 scutum
920 4045 1077 4105 radentem
1130 4047 1567 4122 considerassemus
1583 4059 1731 4118 magnum
1746 4043 1855 4104 turbati
1868 4042 1963 4100 ammi

243 4135 377 4209 capillos,
391 4141 421 4196 et
432 4152 568 4196 assumes
580 4153 662 4210 eum,
673 4143 703 4197 et
716 4138 810 4196 duces
821 4153 876 4212 per
888 4140 979 4211 caput
991 4139 1076 4193 tuum
1131 4139 1282 4212 solatium,
1295 4143 1328 4196 ut
1350 4138 1488 4212 pulsatus
1511 4138 1598 4207 vitiis,
1614 4153 1684 4194 cum
1703 4153 1736 4194 se
1746 4134 1835 4209 quasi
1852 4133 1963 4191 nudari

244 4227 274 4282 et
297 4225 427 4284 barbam
447 4228 563 4298 (Erech.
579 4243 605 4283 r.
624 4229 658 4300 l).
673 4251 688 4278 ι
703 4227 780 4296 Quid
806 4243 859 4300 per
887 4232 997 4284 terram
1018 4227 1077 4284 hoc
1130 4227 1289 4286 virtutibus
1310 4227 1466 4300 conspicit,
1479 4227 1519 4286 ad
1533 4225 1629 4284 solam
1649 4223 1861 4284 misericordie
1876 4237 1963 4296 spem

244 4312 322 4380 loco,
337 4313 395 4370 nial
418 4319 540 4386 pecator
561 4315 654 4373 homo
669 4315 853 4388 exprimihu.
869 4315 970 4371 Primo
996 4315 1077 4372 enim
1130 4320 1273 4386 recurrat,
1284 4319 1313 4372 et
1325 4331 1362 4371 eo
1377 4331 1409 4372 se
1422 4315 1531 4372 nudari
1543 4329 1605 4372 non
1616 4314 1704 4385 sinat,
1719 4330 1781 4388 quo
1796 4329 1829 4372 se
1843 4313 1963 4370 avirtu-

244 4401 360 4459 lromlni
383 4401 497 4460 dictum
525 4407 590 4460 ast:
608 4425 624 4454 c
635 4402 724 4460 Tarra
746 4419 788 4474 os,
805 4407 834 4460 at
847 4403 879 4460 iu
897 4409 1006 4460 terram
1019 4403 1077 4460 ibis
1094 4371 1209 4463 ”tibus
1231 4403 1382 4462 humiliter
1392 4403 1511 4460 nudum
1525 4407 1620 4476 putat.
1646 4403 1802 4478 Sequitur:
1818 4405 1963 4460 mmmm

206 4494 211 4502 “
245 4489 330 4560 (Gerr.
346 4505 389 4563 ιιι,
405 4492 441 4565 tl.
459 4495 574 4550 »Terra
587 4507 659 4565 ergo
673 4493 796 4550 nomine
810 4492 960 4566 peccatrix
982 4493 1076 4564 genti-
1130 4495 1221 4558 dedit,
1236 4493 1381 4550 Dominus
1396 4493 1530 4550 abstulit.
1547 4523 1582 4534 -
1607 4495 1732 4551 Sanctus
1759 4494 1804 4550 vir
1830 4496 1964 4551 unane

244 4579 1076 4654 litesdesignatur.llediatorigiturnosterquasideton·
1131 4581 1669 4654 adversariocuncteperdiderat‚sed
1679 4581 1966 4654 tameuecieusquia

245 4683 281 4728 so
292 4672 388 4746 capite
401 4673 433 4729 ln
448 4675 558 4731 terram
575 4673 694 4747 οοιιιιιι,
705 4673 778 4748 qtria
790 4675 979 4730 sacramenta
991 4670 1075 4743 legis,
1130 4678 1277 4731 contram
1292 4673 1382 4729 Satan
1391 4670 1525 4730 batandi
1534 4671 1622 4740 vires,
1634 4669 1691 4726 nisi
1701 4667 1889 4741 permittente
1901 4671 1966 4727 Deo

245 4775 264 4818 a
278 4763 444 4822 recordatio
455 4766 623 4838 synagoge
639 4764 768 4834 sustulit,
779 4777 909 4836 eamque
923 4761 1076 4831 deserens,
1130 4779 1193 4821 non
1207 4761 1341 4831 haberat,
1355 4775 1418 4817 non
1427 4760 1477 4828 ait,
1487 4757 1631 4816 Dominus
1641 4757 1732 4826 dedit,
1744 4753 1884 4812 diabolus
1895 4755 1964 4814 ahs-

245 4849 284 4906 ad
298 4851 433 4910 nottdam
450 4855 584 4925 gentium
600 4853 688 4912 venit.
712 4857 855 4912 corruere
870 4852 1016 4910 Dominus
1036 4851 1078 4909 di·
1131 4851 1206 4923 tulit,
1215 4851 1266 4908 sed
1275 4849 1419 4907 Dominus
1427 4848 1519 4920 dedit,
1526 4849 1668 4905 Dominus
1676 4845 1810 4904 abstulit.
1818 4847 1962 4904 Fortassis

245 4938 329 5010 citur,
343 4942 472 5001 utillud:
489 4945 644 5003 «Verbum
658 4945 738 5003 misit
754 4944 898 5002 Dominus
918 4944 949 5002 in
971 4943 1076 5012 Jacob,
1131 4942 1212 5000 enim
1223 4941 1320 4998 luerat
1332 4939 1507 5010 dolendum,
1522 4939 1548 4996 si
1567 4937 1651 5012 quod
1672 4935 1813 4994 condus
1826 4933 1958 5002 dederat,

245 5031 275 5086 et
286 5030 392 5088 cecidit
402 5032 433 5088 in
447 5033 537 5092 lsrael
550 5035 622 5107 (lea.
638 5051 676 5108 rr,
690 5037 747 5105 tlt.»
761 5035 838 5091 Bene
852 5037 954 5091 autem
970 5032 1078 5090 dicitur
1131 5028 1616 5102 hosdsabstuhssetatpostquam
1625 5042 1687 5084 non
1696 5023 1960 5096 abstulit,nisiipse

246 5119 330 5193 quod
343 5131 486 5178 couneus
504 5123 736 5197 adoravitque
750 5123 824 5180 dum
845 5123 908 5196 ipse
927 5121 1077 5178 humilita-
1131 5119 1185 5194 qui
1196 5118 1288 5188 dedit,
1304 5135 1360 5176 sua
1383 5118 1504 5192 recepit,
1521 5133 1584 5175 non
1608 5120 1711 5176 nosue
1724 5114 1858 5174 abstulit.
1873 5111 1960 5170 sddn

246 5213 307 5267 tem
319 5210 417 5269 carme
431 5213 571 5287 suscepit,
584 5213 615 5268 in
640 5227 671 5269 se
686 5211 876 5270 credentibus
894 5215 966 5268 vota
979 5210 1077 5267 humi·
1132 5208 1249 5266 fflcens:
1259 5206 1769 5277 SicutDomr'aoplucas'tr'tutcotam
1775 5201 1901 5261 erc-si
1910 5199 1961 5272 igi·

246 5299 335 5358 litatis
347 5299 464 5359 inludit.
481 5299 559 5359 Fecit
568 5301 651 5358 enirn
674 5319 743 5376 quar
756 5302 820 5360 lieri
834 5301 945 5372 docuit,
962 5300 1037 5357 sicut
1051 5304 1079 5357 et
1132 5304 1179 5357 tur
1188 5299 1269 5372 justa
1282 5297 1399 5372 placere
1412 5296 1538 5353 Domino
1552 5295 1673 5366 scimus,
1685 5295 1856 5369 pudentem
1867 5289 1959 5360 nulla,

246 5387 286 5444 de
304 5391 370 5462 ejus
383 5391 488 5465 spiritu
509 5391 632 5450 dieitur:
645 5408 660 5444 c
675 5391 806 5448 Postulat
820 5390 973 5464 pronubis
987 5389 1078 5460 gemi-
1131 5389 1188 5446 nisi
1203 5403 1269 5462 quse
1279 5387 1406 5444 Domino
1420 5385 1596 5460 placuerint,
1611 5399 1785 5459 possumus,
1794 5382 1877 5454 justa
1891 5383 1961 5435 sunt

248 5479 330 5537 tibus
350 5481 602 5542 inenarrabilibus
615 5483 710 5552 (Rom.
722 5497 779 5544 vrri,
796 5481 851 5552 26).
869 5503 883 5531 s
895 5479 951 5546 Qui
960 5479 1078 5536 Patrem
1132 5481 1240 5535 cuncte
1251 5493 1319 5552 quse
1343 5475 1483 5550 patimur,
1500 5479 1529 5534 et
1546 5475 1634 5534 valde
1653 5475 1800 5547 injustum
1814 5473 1868 5540 est,
1885 5468 1909 5524 si
1923 5467 1961 5523 de

248 5569 1075 5648 adamantepassionempronohisexoraritdloasmrrr.
1128 5559 1962 5642 jhstapassionemurmuramusssqrdtureitsomssho-

248 5659 363 5722 Auditis
376 5675 449 5734 ergo
465 5663 599 5724 adversis
613 5677 734 5737 surgere
746 5665 790 5724 est
802 5659 931 5738 expertis
943 5660 1077 5720 tsnrstio-
1131 5658 1206 5716 mini
1216 5657 1447 5717 benedictam-
1457 5660 1531 5718 Ecce
1540 5653 1848 5729 omnequodrectum
1858 5647 1960 5722 sensit,
