4110 6138
123 125 176 176 ra
207 67 213 74 ’
327 79 337 94 ’
473 105 474 110 ‘
793 108 1159 177 annaeussouruous.
1776 126 1830 181 ru

121 243 313 301 orationibus
325 243 524 314 adjuvandos,
537 247 569 299 ut
577 245 726 316 quantum
735 239 864 314 propriis
875 251 945 311 pec·
960 235 984 290 Α
1007 238 1118 292 sancte
1136 235 1343 296 familiaritatis
1359 241 1545 312 ministratio,
1566 247 1595 302 et
1608 259 1704 318 usque
1725 245 1765 303 ad
1780 247 1830 304 tri-

122 333 195 389 entis
219 331 405 406 deprimitur,
430 336 544 388 tantum
568 329 739 404 apostolicis
764 327 876 385 meritis
890 325 946 382 eri·
1004 324 1154 397 umphum
1170 326 1330 384 [lominica
1344 331 1493 401 passionis
1508 332 1669 392 ineffabilis
1681 335 1831 394 habeatur

123 436 242 491 gamur.
762 463 771 476 .
1001 413 1186 484 consuntia3
1202 432 1330 474 necnon
1346 422 1374 474 et
1388 435 1455 492 quae
1471 421 1500 478 in
1514 425 1609 480 morte
1625 424 1668 480 sui
1685 425 1832 500 Redemp-

159 511 290 565 lnstanta
309 513 410 566 autem
427 509 544 566 Domini
563 508 717 582 passione,
734 507 830 564 sciens
851 503 948 562 Domi·
1002 501 1073 558 toris
1095 506 1185 562 etiam
1206 506 1349 578 apostolis
1369 508 1552 578 fugientibus
1578 514 1679 584 egerit,
1694 519 1723 571 et
1747 515 1831 590 quod

122 615 180 656 nus
194 599 411 672 discipulorum
427 599 609 658 turbandam
623 597 823 656 constantiam
838 596 879 654 ait
897 597 948 652 Pe·
1001 589 1065 663 ipse
1088 594 1232 650 bantinus
1253 595 1358 666 magni
1378 597 1495 654 consilii
1520 600 1656 672 angelus,
1673 617 1831 674 resurgens

122 693 167 744 tro
185 704 192 743 ε
207 689 320 756 Simon,
336 689 544 746 ecceSutcuua
559 689 701 760 expetivit
715 703 775 752 uos,
791 687 950 744 etenira·
1001 695 1020 736 u
1048 681 1173 738 mortuis
1205 683 1303 756 primo
1330 687 1357 742 ei
1380 687 1563 759 appamerit,
1588 692 1691 746 temen
1716 692 1833 750 utilitati

122 784 168 835 ret
189 779 264 834 sicut
281 779 412 834 triticum
426 795 437 833 .·
452 793 505 850 ego
522 785 620 835 autem
636 778 743 849 rugari
751 791 810 846 pre
821 781 858 844 te,
875 781 902 832 et
917 779 949 830 tu
1001 767 1163 839 legentium
1179 773 1378 842 consulentes,
1394 790 1430 832 ea
1449 791 1517 848 quae
1528 775 1565 832 de
1581 775 1675 849 ipsius
1690 779 1831 838 virtutum

122 867 288 939 aliquando
308 881 466 924 conversus
489 869 633 936 confirma
649 869 763 938 fratrer
782 871 846 922 tuos
866 865 948 936 (Luc.
1002 857 1134 917 flosculis
1157 877 1347 934 gemmarum
1368 881 1463 935 more,
1484 869 1658 924 sanctarum
1682 868 1833 926 elucidant

122 971 192 1020 rau,
217 954 262 1022 ³1,
282 957 336 1024 32).
362 958 527 1012 Commune
552 963 615 1012 erat
636 955 779 1012 onrnibus
806 951 949 1028 apostolis
1002 949 1130 1022 paginas
1146 951 1642 1027 Scripturarumetquodammodo
1655 956 1701 1013 sui
1713 957 1832 1028 jubaris

122 1044 289 1118 pericrdum
304 1044 341 1100 de
355 1046 515 1102 tentatione
525 1045 703 1116 formidinis,
720 1049 749 1102 et
761 1045 871 1101 divine
884 1059 951 1116 pro
1002 1037 1200 1111 impressione
1237 1047 1396 1099 vernantes
1438 1042 1577 1116 reddunt,
1620 1044 1833 1118 compendiose

122 1132 256 1190 motionis
268 1133 379 1190 auxilio
394 1135 504 1208 pariter
514 1133 823 1206 indigebant.,tamen
840 1131 952 1206 specia—
1003 1127 1158 1200 prebuere
1180 1130 1362 1188 curavimus.
1391 1133 1425 1189 Ut
1450 1132 1474 1187 si
1502 1133 1550 1189 cui
1566 1133 1639 1190 forte
1663 1147 1726 1191 uon
1746 1139 1834 1192 vacet

120 1222 157 1278 lis
188 1237 206 1280 a
228 1223 356 1279 Domino
381 1223 455 1280 Petri
477 1239 549 1282 cura
573 1222 743 1297 suscipitur,
764 1227 793 1279 et
813 1237 869 1296 pro
891 1220 952 1296 fide
1005 1217 1187 1275 sanctissimi
1208 1219 1334 1292 pelagus
1360 1221 1511 1292 Evangelii
1528 1237 1565 1278 ex
1589 1222 1694 1279 ordine
1712 1239 1833 1297 percur-

120 1310 195 1367 Petri
210 1311 695 1386 propriesupplicatur,tanquam
710 1311 839 1368 aliorum
855 1314 951 1368 status
1004 1320 1078 1373 rere,
1104 1306 1134 1362 iu
1158 1323 1219 1380 quo
1243 1312 1334 1365 tantae
1358 1307 1428 1366 fidei
1456 1309 1645 1368 eontinentur
1669 1313 1831 1385 preconia,

120 1401 229 1458 certior
247 1400 284 1456 sit
312 1400 440 1470 futurus,
469 1401 494 1458 si
519 1417 605 1458 mens
631 1401 775 1475 principis
793 1399 871 1456 ricta
890 1414 951 1456 non
1005 1393 1110 1451 saltem
1136 1395 1215 1452 hano
1230 1401 1340 1454 nostrae
1354 1398 1523 1468 exiguitatis
1543 1399 1730 1471 schedulam,
1755 1401 1833 1458 illius

120 1484 217 1542 fuerit.
244 1489 274 1542 lu
290 1487 374 1542 Petro
391 1501 463 1556 ergo
483 1486 621 1542 omnium
642 1485 783 1542 fortitudo
807 1483 950 1552 munitur,
1004 1497 1149 1539 accensus
1184 1483 1348 1550 desiderio,
1386 1485 1483 1557 legere
1515 1502 1577 1543 non
1609 1493 1734 1547 recuset.
1771 1490 1856 1549 Fuit¹

120 1578 150 1630 et
163 1573 273 1631 divina
288 1574 391 1646 gratiae
406 1575 447 1632 ita
461 1575 618 1632 ordinatur
631 1575 789 1642 auxilium,
814 1578 847 1630 ut
856 1572 950 1629 firmi·
965 1584 986 1638 Β
1003 1570 1094 1642 igitur
1107 1572 1273 1630 secundum
1290 1573 1389 1630 sacculi
1412 1575 1523 1632 fastum
1539 1575 1711 1634 clarissimis
1725 1578 1834 1636 beatis-

119 1666 166 1720 tas
183 1679 250 1736 quie
268 1679 323 1737 per
340 1663 488 1720 Christum
503 1666 587 1720 Petro
602 1663 750 1732 tribuitur,
764 1678 819 1736 per
832 1665 950 1720 Petrum
1004 1659 1180 1718 simaltaria
1191 1660 1342 1720 natalibus
1358 1668 1471 1732 exorta,
1483 1679 1563 1737 quae,
1574 1669 1607 1721 ut
1619 1668 1738 1722 Patrem
1752 1682 1834 1724 esse-

120 1752 264 1826 apostolis
297 1752 475 1810 conferatur.
506 1755 580 1811 Cum
607 1753 728 1826 itaque,
756 1750 950 1818 dilectissimi,
1003 1751 1075 1806 runt
1086 1749 1270 1821 audeonus,
1286 1751 1451 1823 aflagdalo
1466 1751 1589 1809 castello
1610 1753 1700 1810 Maria
1714 1753 1834 1825 llagda·

121 1846 238 1898 tantum
259 1841 347 1898 nohis
361 1840 538 1914 presidium
561 1841 719 1898 videamus
732 1839 875 1896 divinitus
889 1839 951 1896 ins·
1003 1836 1070 1894 lene
1093 1831 1268 1913 nuncupata
1287 1845 1341 1898 est.
1365 1843 1461 1907 Quam
1484 1857 1547 1898 non
1568 1842 1667 1899 solum
1692 1843 1835 1914 germinis

119 1930 250 1998 titutum,
275 1929 490 1986 rationabiliter
505 1934 534 1985 et
545 1929 624 2001 juste
638 1929 669 1986 in
684 1927 770 1986 ducis
780 1929 875 1986 nostri
890 1945 952 1986 me·
1004 1925 1144 1996 dignitas,
1166 1929 1375 1986 verumetiam
1398 1930 1570 2002 patrimonii
1583 1932 1653 2003 iura
1673 1937 1835 2005 parentum

118 2017 183 2074 ritis
197 2033 232 2074 ae
256 2017 399 2088 dignitate
413 2017 561 2088 laetamur,
577 2017 688 2089 gratim
703 2020 826 2088 agentes
841 2017 952 2090 sempi-
1005 2029 1130 2072 excessu
1156 2015 1349 2088 splendidam
1372 2017 1592 2076 reddiderunt:
1618 2020 1695 2078 adeo
1720 2026 1754 2078 ut
1777 2022 1834 2078 du·

119 2112 205 2163 temo
220 2106 282 2177 regi
306 2104 496 2178 liedcmptori
510 2110 612 2163 nostro
628 2105 753 2162 Domino
766 2109 835 2162 lesu
855 2104 952 2163 Chris·
1005 2102 1132 2176 plicatus
1151 2104 1249 2162 honor
1274 2107 1405 2162 nominis
1422 2107 1628 2166 excellentiam
1643 2109 1834 2185 circumqua-

120 2198 161 2263 to,
176 2194 259 2267 quod
273 2198 386 2252 tanum
407 2193 572 2267 potentiam
590 2193 674 2250 dedit
688 2193 725 2261 ei,
749 2210 842 2268 quem
862 2194 952 2250 totius
1004 2207 1064 2265 que
1082 2191 1272 2251 diffunderet.
1293 2194 1393 2252 Solent
1408 2195 1488 2252 enim
1506 2197 1587 2270 apud
1603 2197 1751 2269 homines,
1766 2200 1835 2269 plus

120 2283 259 2339 Ecclesire
282 2283 449 2356 principem
474 2298 509 2340 ac
533 2283 693 2356 presulem
717 2283 794 2340 fecit.
824 2283 853 2342 si
878 2282 952 2356 quid
1005 2279 1132 2338 divitum
1150 2299 1244 2356 quam
1263 2300 1433 2358 pauperum
1448 2287 1574 2344 uomina
1588 2287 1666 2344 sciri.
1688 2288 1745 2346 Sed
1763 2289 1836 2362 quia

118 2373 210 2430 etiam
236 2372 346 2429 nostris
374 2371 560 2444 temporibus
583 2377 661 2430 recte
683 2387 737 2445 per
757 2389 814 2429 nos
842 2372 950 2444 agitur,
1004 2385 1106 2426 rerum
1127 2370 1323 2438 affluentiam,
1348 2373 1499 2432 interdurn
1514 2374 1652 2449 voluptas
1672 2391 1773 2434 comes
1788 2393 1834 2434 se-

119 2466 260 2534 recteque
281 2459 468 2528 discernitur,
484 2459 563 2517 illius
585 2460 738 2534 operibus,
753 2460 832 2517 illius
845 2460 952 2532 guber
1004 2459 1115 2532 quitur,
1149 2459 1391 2520 adolescentioris
1424 2463 1491 2520 vitre
1519 2469 1679 2538 tempora,
1712 2465 1835 2524 lubricis

118 2549 236 2607 naamis
254 2549 473 2624 deputandum,
489 2549 537 2606 cui
560 2549 675 2608 dictum
694 2554 739 2608 est
755 2568 761 2606 :
776 2552 817 2607 Er
831 2556 863 2606 tu
880 2566 950 2606 ron·
1004 2549 1163 2621 supposuit
1185 2549 1382 2622 discursibus,
1412 2550 1517 2608 solutis
1542 2553 1693 2626 pudicitiae
1731 2554 1833 2612 frenis.

120 2639 507 2709 uersuscoafirmosretres
523 2644 588 2695 tuos
604 2639 687 2710 (Luc.
704 2655 774 2708 xxu,
790 2641 847 2711 32),
864 2637 951 2695 eteui
1005 2637 1134 2694 Hoecest
1150 2638 1230 2696 enim
1249 2639 1356 2696 mulier
1374 2641 1411 2698 de
1433 2658 1495 2714 que
1517 2642 1619 2700 scribit
1634 2646 1727 2700 Lucas
1742 2660 1834 2702 evan·
1948 2655 1958 2676 ·

118 2733 189 2802 post
213 2727 460 2784 resurrectionem
489 2743 575 2784 suam
605 2727 750 2784 Dominus
778 2728 817 2785 ad
842 2728 951 2785 trinam
1004 2726 1126 2798 gelista:
1143 2729 1219 2796 Quia
1232 2731 1445 2804 eratquaedom
1461 2734 1616 2790 mulieries
1634 2736 1835 2804 ciuitateper·

119 2817 195 2874 terni
220 2815 333 2873 amoris
351 2816 568 2890 professionem
586 2821 629 2873 ter
646 2817 743 2875 dixit:
764 2819 860 2875 Pasce
884 2832 951 2874 oues
1004 2817 1115 2885 carim,
1138 2820 1291 2892 quecquid
1305 2820 1411 2875 diteeit
1431 2823 1572 2886 muttum,
1586 2821 1708 2878 dimisso
1723 2829 1793 2879 suat
1807 2826 1835 2880 ei

118 2921 199 2962 eneae
213 2905 310 2978 (lucra.
328 2920 384 2972 aar,
403 2905 456 2974 ti).
481 2907 545 2977 lpse
557 2920 680 2978 quoque
695 2905 873 2962 mandatum
895 2907 951 2962 Do·
965 2935 986 2992 c
1001 2908 1233 2974 peccotamutto
1248 2908 1392 2979 (Larsa,
1407 2911 1462 2976 ³7).
1479 2912 1513 2965 Et
1525 2909 1563 2964 de
1579 2925 1640 2982 qua
1654 2913 1768 2967 ilarcus
1782 2912 1832 2968 ait:

118 2993 204 3065 mini,
219 2997 322 3067 pastor
340 2993 523 3067 exsequitur,
540 2994 723 3052 confirmans
737 3010 793 3051 nos
810 2996 952 3064 cohorta—
1004 2993 1138 3065 serpens
1155 3000 1253 3052 autem
1274 2997 1358 3054 Jecur
1372 3011 1461 3053 mune
1478 3001 1578 3066 pruma
1592 2999 1728 3067 Sublati,
1743 3015 1836 3070 oppo-

118 3083 251 3140 tionibus
279 3083 351 3153 suis,
378 3099 440 3140 non
467 3099 588 3140 cessans
616 3099 702 3141 orare
717 3099 772 3157 pro
793 3083 891 3155 nobis,
920 3089 953 3141 ut
1004 3083 1067 3139 ruit
1083 3083 1180 3153 muno
1208 3085 1314 3141 Murice
1342 3086 1543 3158 Moqduteuae,
1570 3086 1606 3144 de
1624 3101 1684 3157 quo
1707 3089 1834 3156 ejecerat

117 3174 203 3230 nulla
218 3173 379 3230 tentatione
403 3189 589 3246 superemur.
608 3173 637 3230 Si
648 3179 750 3232 autem
765 3176 843 3232 hanc
862 3176 953 3248 pieta·
1005 3177 1115 3242 septem
1129 3173 1286 3230 damonia.
1307 3175 1420 3242 (lbere.
1439 3190 1496 3244 rvr,
1509 3175 1547 3247 9).
1572 3176 1669 3242 Quam
1684 3191 1753 3232 sero
1766 3175 1835 3248 pius

117 3266 157 3320 tis
169 3281 230 3320 susa
244 3279 360 3334 euram,
375 3263 458 3319 omni
471 3262 585 3336 populo
597 3263 648 3320 Dei
663 3264 775 3338 ubique
783 3264 950 3338 praetendit,
1006 3265 1036 3317 et
1049 3261 1216 3319 misericors
1230 3279 1302 3334 erga
1326 3279 1489 3320 conversos
1502 3269 1677 3338 peccatores
1694 3265 1837 3322 exstiterit

117 3357 235 3427 quanto
250 3352 348 3422 magis
361 3352 451 3409 nobis
467 3351 599 3409 alumnis
624 3353 687 3410 suis
702 3369 792 3428 opem
807 3370 894 3411 suam
909 3353 953 3410 di·
1006 3351 1094 3415 Deus,
1106 3351 1193 3409 istius
1207 3353 1386 3427 comprobat
1401 3353 1555 3426 perfectio,
1571 3369 1639 3427 quae
1655 3370 1717 3412 non
1736 3353 1835 3412 solum

117 3442 261 3514 gnabitur
275 3440 459 3516 impendere.
477 3441 518 3498 llli
533 3456 604 3513 ergo
626 3458 707 3500 nuce
723 3444 871 3501 servitutis
886 3460 954 3500 nos·
1006 3440 1139 3497 criminis
1155 3441 1320 3514 promeruit
1333 3441 1529 3510 ablutionem,
1552 3443 1605 3500 scd
1628 3443 1835 3516 apostolorum

118 3538 173 3588 tree
191 3530 357 3588 natalitium
370 3529 461 3592 diem,
485 3529 526 3588 illi
553 3531 740 3590 ascribamus
760 3533 818 3590 hoc
832 3533 951 3602 festum,
1007 3545 1132 3586 consors
1146 3529 1262 3602 effecta,
1277 3530 1333 3588 illis
1347 3531 1460 3589 donata
1476 3536 1520 3590 est
1545 3532 1706 3590 Dominicsc
1728 3535 1835 3589 Resur-

119 3619 208 3692 cujus
222 3619 388 3692 patrocinio
398 3619 534 3693 protecti,
549 3621 716 3678 meruimus
730 3621 824 3696 ipsius
840 3621 953 3679 meritis
1006 3619 1146 3676 rectionis
1164 3621 1278 3678 nuntia.
1304 3623 1371 3678 Erec
1394 3625 1495 3678 eutem
1517 3620 1619 3678 divino
1641 3621 1837 3696 postmodum

119 3708 299 3780 hujusmodi
312 3708 424 3766 habere
435 3709 629 3767 consortium.
642 3711 726 3769 Hunc
743 3711 834 3768 etiam
843 3717 952 3769 nostres
1007 3707 1110 3766 efflata
1133 3708 1248 3782 spiritu,
1262 3710 1431 3782 mentisque
1446 3709 1587 3766 intuitum
1602 3709 1633 3765 in
1656 3726 1688 3766 se
1701 3709 1838 3767 reverbe-

120 3797 265 3856 0retionls
288 3797 459 3870 adjutorem
471 3813 653 3871 queramus,
670 3801 756 3872 cujus
770 3816 827 3856 nos
842 3801 953 3857 cretio·
1007 3813 1087 3865 rans,
1104 3813 1140 3854 ac
1158 3798 1291 3871 pristinae
1305 3799 1372 3855 vitae
1395 3798 1575 3854 detrimenta
1588 3813 1651 3854 non
1671 3799 1835 3866 sustinens,

120 3887 212 3946 nibus
231 3891 260 3944 et
284 3885 324 3944 ab
345 3885 550 3959 spiritualibus
569 3886 710 3960 inimicis,
725 3891 755 3945 et
768 3904 787 3945 a
801 3888 952 3962 corporeis
1007 3890 1040 3942 ut
1054 3886 1199 3960 comperit
1209 3887 1370 3943 Dominum
1383 3891 1412 3943 et
1423 3890 1592 3944 Creatorem
1606 3887 1697 3943 totius
1710 3887 1837 3944 humani

120 3976 261 4034 hostibus
284 3974 466 4034 confidimus
480 3975 611 4034 liberari.
629 3977 732 4050 ipsum
746 3977 848 4051 itaque
867 3977 954 4034 inter·
1008 3973 1137 4046 generis,
1166 3974 1197 4030 in
1225 3974 1494 4032 domum·venisse
1524 3973 1664 4042 Simonis,
1692 3975 1745 4046 qui
1777 3989 1837 4030 uon

121 4066 259 4124 cedendo
272 4081 414 4136 rogemus
429 4064 600 4138 impetrare,
615 4071 648 4122 ut
660 4065 818 4124 destructis
827 4065 955 4124 vinculis
1008 4069 1130 4122 venerut
1145 4066 1368 4135 uocorejustcs,
1384 4065 1437 4120 sed
1452 4069 1622 4135 peccatores
1637 4063 1678 4120 ad
1693 4063 1840 4134 poenitea-

121 4155 234 4226 carnis,
249 4169 420 4212 mereamur
434 4153 544 4212 intrare
565 4155 641 4212 atria
662 4171 799 4230 supernae
819 4155 953 4212 civitatis.
1011 4153 1083 4209 tium
1098 4153 1205 4226 (Marc.
1221 4169 1251 4222 u,
1269 4157 1323 4222 tt),
1344 4167 1405 4210 non
1421 4153 1461 4210 ob
1482 4167 1606 4210 suorum
1631 4151 1839 4210 enormitatem

123 4247 202 4313 Quia
230 4245 319 4317 igitur
352 4259 450 4302 sermo
483 4243 576 4302 duem
610 4243 758 4318 postulat,
790 4245 992 4338 exaltemusD
1011 4241 1157 4299 scelerum
1181 4243 1219 4300 de
1246 4243 1292 4299 sui
1313 4241 1480 4300 conditoris
1504 4241 1644 4298 diffidens
1670 4241 1838 4310 clementia,
1931 4277 1936 4286 ·

122 4335 156 4392 in
185 4334 316 4392 Ecclesia
342 4333 438 4408 plebis
467 4333 675 4392 beatissimum
708 4337 840 4406 Petrum,
873 4335 955 4393 etin
1010 4334 1224 4405 pretiosissimo
1238 4337 1361 4406 accepto
1382 4335 1537 4403 unguento
1558 4331 1710 4406 adipsum
1725 4331 1839 4388 miseri-

124 4423 269 4482 cathedra
288 4422 439 4481 seniorum
456 4422 615 4480 laudantes
639 4439 720 4494 eum,
738 4423 954 4480 benedicamus
1000 4424 1120 4483 'cordiae
1133 4423 1245 4481 fontem
1259 4423 1375 4486 concito
1390 4421 1562 4496 properavit
1577 4421 1683 4492 gradu
1697 4434 1840 4478 corruens

124 4513 289 4570 dommum
311 4515 423 4581 lesum,
455 4511 508 4586 qui
530 4511 603 4568 vivit
635 4525 705 4569 cum
734 4515 793 4570 lieo
816 4516 898 4570 Patre
929 4517 957 4568 et
1000 4519 1079 4573 ante
1094 4513 1252 4571 clementia
1267 4511 1385 4569 bomini
1397 4511 1533 4581 vestigia,
1547 4509 1841 4580 amaritudinemque
1943 4523 1951 4538 ·

125 4601 237 4676 59111111
259 4605 363 4660 1111010
384 4603 415 4658 111
441 4600 554 4658 unium
574 4601 741 4673 m⁸i⁶⁸i⁸fi⁵
763 4601 882 4670 divinis.
903 4617 957 4675 per
1010 4597 1840 4678 cordis,peruberemlacrymarumexaggeransfontem.

126 4691 246 4750 infinita
260 4691 370 4750 saecula
384 4689 574 4748 saectdorum.
586 4693 695 4749 Amen.
1011 4697 1075 4752 Mox
1094 4692 1225 4766 denique
1241 4688 1480 4764 compunctionis
1501 4687 1631 4758 fletibus,
1652 4685 1698 4742 sui
1712 4684 1844 4758 plasma-

457 4801 572 4857 sffifflo
588 4800 621 4857 11,
1011 4783 1083 4841 toris
1104 4781 1197 4855 pedes
1212 4779 1302 4853 coepit
1313 4779 1424 4849 rigare,
1442 4775 1617 4849 capillisque
1636 4785 1697 4831 sure
1714 4773 1845 4832 devotio-

1013 4873 1059 4930 nis
1075 4876 1198 4941 tergere,
1211 4885 1247 4926 ac
1266 4866 1469 4924 indesinenter
1479 4864 1590 4922 osculis
1603 4881 1681 4922 verae
1696 4863 1845 4922 humilita-

1014 4962 1051 5018 tis
1078 4959 1247 5026 confovere,
1283 4973 1318 5013 ac
1346 4955 1549 5012 mundissimo
1581 4970 1643 5010 sure
1679 4951 1846 5010 dilectionis

167 5055 347 5126 Quanquam
380 5067 433 5126 per
463 5055 594 5126 quatum
625 5051 732 5108 mun‘di
763 5052 893 5122 climata,
926 5051 959 5108 fi-
1014 5054 1168 5122 unguento
1191 5061 1367 5122 perungere.
1385 5047 1456 5112 Quae
1478 5061 1547 5102 cum
1563 5044 1593 5100 in
1614 5043 1663 5101 tall
1682 5041 1847 5100 devotionis
1918 5111 1927 5124 .

129 5141 245 5198 delium
269 5141 454 5200 connexione
475 5145 653 5216 propagata,
678 5143 885 5198 sacratissimae
906 5145 961 5199 lle-
1015 5140 1162 5198 famulatu
1184 5153 1247 5196 non
1270 5141 1346 5194 esset
1359 5135 1526 5209 repudiata,
1549 5135 1602 5191 scd
1622 5132 1722 5206 potius
1742 5127 1845 5185 miseri

130 5231 183 5288 rius
215 5231 397 5298 flagdalenre
436 5231 582 5303 insignia,
614 5230 671 5304 piae
702 5231 876 5288 imitationis
914 5247 962 5287 ex·
1017 5229 1145 5288 corditer
1175 5230 1327 5300 suscepta,
1364 5241 1440 5282 airsu
1476 5221 1682 5280 familiaritatis
1721 5217 1836 5273 confisa

131 5319 235 5393 cmplo
266 5325 457 5378 sacrosancta
482 5321 609 5378 celebret
637 5319 784 5387 Ecclesia,
814 5325 903 5394 etque
931 5321 962 5377 in
1017 5321 1106 5378 etiam
1129 5335 1219 5393 super
1234 5317 1458 5374 sanctissimum
1477 5311 1592 5368 Domini
1614 5313 1713 5380 caput,
1741 5306 1848 5379 pretio-

133 5409 377 5466 beatissimorum
412 5409 528 5482 scriptis
560 5409 831 5480 evangelistarum,
870 5409 963 5482 ipsius
1004 5403 1530 5482 'sissimiliquoriscffuditodorcrn.
1553 5401 1584 5454 ln
1610 5401 1725 5454 tantum
1741 5401 1773 5452 ut
1789 5399 1850 5452 tota

133 5497 305 5556 devotionis
323 5499 427 5556 sedula
441 5498 608 5570 famulatio,
628 5513 885 5572 perseveransque
901 5515 963 5556 ser·
1005 5501 1130 5557 'domim
1141 5511 1178 5556 ex
1197 5497 1297 5554 odoris
1312 5492 1474 5564 fragrantia
1486 5503 1569 5545 more
1582 5487 1752 5544 aromatum
1766 5485 1852 5541 redo-

134 5589 219 5646 vitus
258 5593 287 5646 et
325 5589 433 5660 ingens
465 5587 633 5646 dilectionis
664 5588 772 5658 fervor,
805 5605 841 5646 ac
878 5589 967 5660 illius,
1008 5591 1103 5660 leret,
1119 5586 1325 5646 nihtl'stil'fbet
1336 5575 1594 5652 crapulatorum&
1610 5576 1661 5632 sed
1677 5591 1730 5649 per
1742 5572 1852 5631 exterio

286 5678 411 5734 Person.
433 5675 564 5736 Cltllllll.
1570 5668 1606 5723 2³

193 4944 219 4984 ΙΝ
247 4942 437 4984 VENEEATIONE
462 4939 573 4984 SANGTAE
602 4941 694 4984 ululat
722 4943 896 4984 MAGDALBNAE
