4120 6154
114 119 164 177 tel
496 111 498 116 ’
528 121 676 182 rrlrollll
690 123 872 182 HORALIUM
889 121 917 178 ἓ.
932 119 1036 178 GREG.
1052 124 1087 180 ΙΝ
1101 123 1171 182 tor.
1186 157 1221 168 -
1234 129 1298 186 LIB.
1325 132 1413 190 XXVI.
1773 133 1827 196 402

113 253 210 296 errore
220 238 371 312 requirere
381 241 530 310 studeant,
545 242 669 315 quande
683 259 716 300 se
727 244 866 301 noverint
877 256 940 299 nen
958 242 1087 300 Atatem
1103 261 1134 302 se
1147 245 1266 316 erigunt
1279 265 1372 322 mrem
1395 249 1578 324 relinquent.
1606 253 1660 318 Qui
1675 253 1755 310 enim
1777 270 1828 312 ne-

110 343 233 388 erresse.
250 328 306 396 eui
315 345 435 387 rursum
449 332 598 405 requirere
613 333 661 390 vel
684 334 770 405 argui
785 334 823 390 de
839 347 939 389 errore
995 333 1129 390 cessitate
1144 340 1279 406 cogente,
1290 353 1362 395 vera
1376 339 1413 394 de
1427 355 1459 396 se
1471 339 1553 398 bone
1573 340 1715 414 loquitur,
1743 345 1825 400 lente

109 416 284 490 despiciunt,
300 418 461 492 siquando
477 437 508 478 se
521 436 636 479 errasse
659 423 804 480 veraciter
830 435 940 492 cogno·
993 422 1092 491 magis
1104 423 1263 482 humilitati
1275 426 1421 498 jungitur,
1436 432 1551 500 quante
1565 433 1594 486 et
1605 431 1824 490 veritatiaocia-

111 511 207 563 scunt.
224 507 385 580 Sequitur:
684 582 687 590 ,
994 513 1051 566 tur.
1067 512 1204 584 Sequitur
1221 531 1227 570 :

144 597 228 652 vans.
244 599 289 654 33.
302 597 450 669 Nenqaid
462 613 481 656 e
495 603 524 656 te
536 601 616 657 Deus
629 603 742 673 caperit
768 616 844 672 sam,
866 599 939 672 qaia
1028 600 1112 656 Vens.
1125 605 1172 657 ee.
1186 603 1281 660 Peter
1294 603 1345 672 mi,
1368 603 1514 674 probetur
1539 607 1596 662 deb
1620 591 1714 679 usque
1737 609 1778 666 ed
1789 611 1825 680 tt·

110 685 262 757 displicuit
278 686 335 742 tibi
341 689 356 742 l
370 718 403 728 -
419 688 461 744 Ae
477 687 502 743 si
511 687 621 746 diceret
646 708 653 746 :
681 693 743 761 Ego
758 706 862 748 ceram
879 691 939 746 Deo
992 703 1070 745 aee.
1086 721 1120 730 -
1131 692 1204 748 Ecce
1218 693 1368 766 heeqeod
1380 693 1417 748 de
1428 694 1607 764 arrogantiae
1621 699 1740 754 tumere
1751 715 1823 756 cen·

110 775 237 832 rationes
251 773 403 847 positurus
417 793 495 833 sum.
513 779 671 835 Curmedo
685 779 827 853 iniqnitas
841 793 940 835 meaa
993 781 1122 850 ceperat,
1133 779 1164 834 in
1179 780 1276 837 vrerbis
1292 781 1383 838 etiam
1400 781 1616 839 maledictionis
1628 785 1749 857 exaltat,
1769 787 1823 844 sed

111 862 400 936 tereprehenditur‘l
413 865 485 931 Qeoe
501 867 802 941 constatquia,quod
815 863 939 938 injudi·
992 865 1116 923 fortasse
1131 869 1275 926 benevole
1289 870 1546 944 vimprebaticnis
1561 875 1687 944 optaret,
1717 875 1740 930 si
1766 880 1822 932 stc-

110 951 152 1010 eie
164 966 183 1008 a
195 955 223 1008 te
238 965 301 1008 non
312 951 492 1024 requiratur.
504 955 584 1011 ilecti
593 955 661 1024 viri,
677 972 747 1012 eum
762 955 871 1028 injuste
898 955 938 1012 ab
992 953 1062 1011 tisse
1074 971 1143 1012 eum
1155 957 1186 1013 in
1200 958 1378 1032 probatione
1389 960 1562 1030 iudicasset.
1585 963 1620 1017 Ut
1640 976 1711 1018 vere
1720 967 1821 1036 aperte

109 1038 281 1098 bominibus
293 1038 488 1113 impetuntur,
503 1041 719 1114 adsupernum
731 1043 881 1114 iudicium
891 1059 938 1099 re·
991 1043 1105 1101 malitia
1119 1046 1184 1115 eius
1200 1047 1382 1104 crudelitatis
1394 1053 1547 1122 appareat,
1563 1049 1692 1122 probare
1720 1051 1820 1108 adbuc

109 1132 239 1186 currunt.
256 1128 380 1187 Undeet
393 1129 433 1186 ab
448 1131 761 1190 eedemJobdieitur:
790 1155 803 1183 e
818 1136 891 1190 Eece
906 1133 937 1189 in
991 1147 1046 1205 per
1059 1132 1178 1205 flagella
1192 1135 1371 1209 depreeatur
1384 1153 1476 1210 quem
1488 1137 1820 1212 interflagellalapsum

108 1218 180 1288 elale
193 1219 279 1275 testis
292 1235 389 1292 meus,
401 1223 430 1276 et
442 1221 582 1278 conscius
591 1237 678 1278 meus
689 1221 719 1279 in
725 1221 850 1280 excelsis
861 1221 936 1293 (deb.
992 1219 1083 1278 icisse
1095 1223 1160 1294 jam
1171 1225 1315 1297 queritur,
1330 1225 1475 1298 promisit
1488 1227 1571 1299 quod
1586 1227 1688 1297 sensit,
1700 1233 1821 1302 utaper-

106 1324 163 1376 xvr,
178 1307 237 1380 20).
251 1329 266 1359 e
279 1310 312 1365 et
326 1308 400 1381 quia
412 1310 439 1365 ei
453 1325 648 1382 summopere
667 1309 785 1383 plaeere
800 1310 937 1384 eupiunt,
991 1309 1048 1366 tius
1063 1313 1204 1382 cognosci
1218 1313 1327 1370 debeat
1341 1314 1425 1387 quod
1440 1319 1534 1388 optat.
1549 1315 1654 1372 adhuc
1675 1316 1753 1374 feriri
1767 1334 1821 1391 pe·

107 1397 169 1469 eius
181 1396 276 1454 solius
291 1397 495 1455 testimenium
520 1398 686 1468 requirunt.
711 1399 845 1456 Perversi
860 1415 936 1474 que-
991 1399 1081 1456 stulat
1094 1401 1177 1473 qued
1189 1401 1253 1472 jam
1261 1417 1403 1474 peccasse
1416 1403 1473 1459 sub
1486 1419 1582 1461 manu
1593 1403 1724 1461 ferientis
1738 1422 1822 1463 accu-

107 1501 163 1559 que
185 1485 262 1560 quia
281 1487 432 1559 justorum
446 1487 540 1544 vitam
552 1487 705 1557 deserunt,
722 1487 775 1544 sed
798 1503 937 1545 nonnun-
991 1493 1046 1546 sat.
1062 1489 1184 1562 Proprie
1198 1489 1262 1546 brec
1278 1491 1484 1562 arrogantium
1493 1497 1565 1549 veta
1587 1498 1667 1564 sunt,
1680 1497 1713 1550 ut
1726 1495 1821 1552 vitam

65 1633 69 1640 ,
107 1591 198 1648 quam
210 1575 331 1650 eloquia
346 1581 525 1648 scrutantur,
541 1593 612 1634 eum
626 1577 664 1635 de
678 1577 740 1634 suis
754 1577 834 1634 maie
845 1577 935 1650 gestis
957 1576 1156 1646 gdolentium
1179 1577 1346 1636 examinari
1369 1579 1468 1636 acrius
1497 1579 1708 1653 deprecentur,
1748 1584 1821 1656 quia

107 1663 377 1738 increpentur,boe
390 1671 550 1723 assumunt
563 1667 594 1723 in
624 1670 802 1737 argumente
833 1665 934 1724 delen·
990 1670 1104 1740 quanto
1118 1667 1322 1742 sibimetipsis
1343 1667 1484 1740 justiores
1509 1672 1590 1741 sent,
1611 1673 1695 1726 tante
1716 1670 1820 1728 alienis

107 1752 208 1820 sienis,
225 1753 633 1828 quodjustiproleruntcum
643 1755 934 1829 testimeniepurita-
990 1754 1144 1811 doloribus
1157 1755 1293 1812 duriores
1305 1756 1442 1812 existunt.
1458 1757 1597 1812 Nesciunt
1620 1757 1700 1814 enim
1730 1759 1762 1814 in
1788 1775 1820 1816 se

106 1844 150 1899 tis.
164 1842 247 1902 Unde
260 1844 302 1900 eis
317 1849 347 1902 et
359 1845 545 1903 consuetudo
552 1845 618 1918 jem
628 1845 708 1903 iacta
720 1849 776 1915 est,
791 1849 823 1902 ut
834 1846 936 1918 siquis
990 1843 1162 1916 passionem
1173 1843 1278 1901 aliene
1290 1844 1471 1902 infirmitatis
1479 1845 1606 1912 trahere,
1621 1849 1651 1901 et
1660 1845 1736 1902 sicut
1745 1863 1817 1916 suae,

102 1947 153 1988 ees
163 1933 202 1989 de
215 1930 305 1989 lacus
315 1931 378 1988 suis
389 1937 505 2004 arguat,
517 1933 568 1989 liei
580 1934 678 2004 magis
684 1932 832 2005 judicium
843 1949 936 2007 quem
990 1931 1031 1988 ita
1046 1931 1136 1988 etiam
1148 1933 1277 2005 preximi
1287 1933 1481 1991 imbecillitati
1492 1931 1636 1992 misereri.
1648 1933 1704 1990 Viri
1718 1939 1819 1992 autem

101 2020 428 2092 hominumqeaerant.
444 2023 544 2076 Aliso
560 2020 641 2076 enim
662 2025 690 2076 et
706 2037 777 2076 eum
804 2036 836 2076 se
852 2021 937 2078 dam·
990 2021 1135 2076 veraciter
1158 2021 1253 2076 sancti
1277 2020 1422 2090 flagellari
1445 2020 1619 2094 quempiam
1647 2022 1736 2078 etiam
1764 2039 1819 2096 pro

105 2106 229 2163 nendos
238 2107 385 2178 noverint,
395 2106 524 2179 judicari
540 2111 686 2176 metuunt,
695 2108 824 2180 judicari
835 2108 875 2165 ab
885 2109 939 2166 ho·
991 2107 1080 2180 eulpa
1095 2113 1290 2178 cognoscunt,
1305 2113 1334 2165 et
1346 2109 1370 2164 si
1392 2108 1534 2180 quiedam
1561 2111 1625 2180 ejus
1648 2110 1819 2168 inordinata

107 2194 243 2252 minibus
257 2193 447 2252 erubeseunt.
462 2199 638 2269 Proponunt
653 2210 724 2267 ergo
739 2197 836 2268 magis
854 2198 938 2270 quod
992 2196 1166 2271 corripiunt,
1183 2197 1222 2252 ad
1250 2197 1393 2269 quaedam
1419 2201 1520 2253 temen
1546 2196 1678 2254 dolentia
1698 2215 1820 2274 compe·

106 2287 255 2354 metuunt,
283 2287 317 2340 ut
340 2283 397 2340 hoc
423 2284 524 2341 minus
550 2284 700 2342 declinere
715 2285 835 2342 valeant
853 2287 937 2360 qued
991 2286 1114 2356 tiuntur,
1127 2289 1156 2340 et
1169 2286 1267 2342 sciunt
1281 2284 1324 2341 sie
1339 2285 1485 2341 tumentia
1499 2301 1646 2358 premere,
1668 2291 1701 2343 ut
1726 2288 1821 2344 sciant

107 2372 297 2430 erubeseunt.
312 2372 461 2445 Scriptum
474 2374 588 2447 quippe
602 2377 648 2430 est
665 2392 698 2430 :c
709 2377 791 2432 Unus
805 2375 936 2448 quisque
990 2374 1079 2431 etiam
1094 2378 1219 2434 cruente
1230 2375 1374 2442 relevere,
1386 2377 1536 2446 quatenus
1550 2375 1581 2431 in
1596 2371 1639 2432 eis
1660 2389 1729 2431 eum
1744 2376 1821 2434 dura

106 2466 341 2534 nestrumprose
352 2461 846 2535 rationemreddetlteetllem.xiv,
856 2465 909 2536 lt).
921 2485 935 2514 ·›
989 2462 1156 2530 emolliunt,
1172 2462 1292 2519 infirma
1304 2461 1455 2519 roborent.
1471 2463 1626 2536 Sequitur:
1643 2464 1688 2520 Ne
1702 2455 1820 2522 desines

108 2549 181 2616 Quia
194 2565 266 2605 vere
276 2565 342 2606 esse
356 2548 565 2624 culpabiliores
577 2549 673 2607 solent
691 2551 722 2608 hi
735 2552 787 2624 qui
810 2551 893 2625 loqui
903 2553 935 2609 in
989 2552 1026 2608 eb
1042 2553 1160 2609 domine
1173 2553 1352 2624 iniquitatis.
1369 2583 1403 2592 -
1420 2552 1576 2608 lleminem
1590 2551 1754 2624 iniquitatis
1770 2571 1819 2610 ve-

107 2637 294 2695 contentione
303 2637 456 2706 inchoant,
465 2638 617 2712 quamqui
627 2639 847 2712 responderint,
865 2641 935 2696 sub·
989 2643 1046 2706 eat,
1063 2657 1156 2714 quem
1170 2644 1247 2697 Deus
1257 2642 1373 2713 justum
1389 2655 1450 2712 prce
1463 2641 1606 2698 omnibus
1631 2657 1762 2714 superna
1778 2648 1818 2700 at·

107 2727 178 2785 didit
187 2727 292 2784 dicens
308 2746 315 2784 :
334 2729 376 2784 lic
389 2729 466 2786 esaim
483 2729 600 2798 accpisti
615 2729 706 2800 ioqui,
718 2735 814 2786 etnee
825 2745 888 2801 epe.
900 2761 935 2771 -
988 2730 1146 2786 testatione
1157 2729 1323 2786 denuntiat.
1340 2729 1479 2801 Sequitur
1495 2745 1502 2784 ε

109 2820 147 2874 Ee
161 2817 392 2874 seinnooentem
402 2815 537 2884 eredidit,
553 2833 614 2890 quo
626 2817 763 2890 pulsatus
776 2818 935 2892 erupit,ni-
1026 2821 1106 2874 vens.
1122 2821 1166 2874 37.
1182 2819 1239 2886 Qut
1248 2819 1333 2874 addit
1347 2833 1438 2887 seper
1449 2823 1574 2888 peccate
1598 2834 1653 2876 see
1681 2819 1818 2889 blaspbe-

106 2907 211 2964 mirum
227 2906 367 2963 nesciens
376 2906 449 2979 quia
462 2905 633 2963 innocentia
646 2921 708 2962 nen
731 2911 865 2980 tempore
885 2907 934 2964 de·
953 2937 974 2993 0
989 2907 1135 2962 micm.-
1149 2909 1278 2962 Accusat
1289 2921 1359 2962 eum
1375 2909 1403 2960 et
1417 2919 1472 2976 pre
1485 2904 1616 2976 peccatis
1626 2905 1687 2960 suis
1700 2905 1820 2974 flagella

106 2995 243 3065 tenditur,
257 2995 445 3052 sedratione.
457 2995 512 3061 Qui
524 2995 604 3052 enim
622 2997 687 3068 ejus
710 2996 935 3053 defensionibus
989 2994 1146 3063 meruisse,
1162 2999 1271 3066 etpost
1295 2991 1415 3062 flagella
1438 3007 1590 3063 peccasse.
1621 2995 1720 3061 Longe
1749 3008 1819 3048 vero

105 3085 337 3142 adminiculatur
347 3085 362 3140 ‘l
372 3083 458 3151 Quod
471 3085 495 3140 si
509 3084 618 3141 taeenti
634 3085 718 3141 nulla
727 3084 834 3156 intulit,
857 3091 934 3142 recte
989 3081 1073 3138 aliter
1084 3081 1228 3137 [lominus
1241 3081 1367 3152 judicat,
1379 3080 1432 3152 qui
1449 3083 1477 3134 et
1490 3081 1610 3148 [restra
1634 3078 1820 3147 flagellatum

105 3178 202 3232 umen
208 3173 366 3232 inchoanti
376 3188 471 3246 prave
479 3173 641 3247 respondit.
655 3174 848 3246 Quodsiquid
857 3176 936 3231 nesti
988 3169 1133 3239 insinuat,
1147 3173 1176 3226 et
1188 3169 1269 3226 bena
1283 3167 1416 3241 duplicia
1434 3170 1503 3240 post
1516 3165 1637 3235 flagella
1660 3165 1794 3222 retribuit
1811 3185 1817 3236 ;

105 3266 215 3333 tristius,
226 3263 520 3336 loqueraQuamvis,
529 3262 671 3319 dumnon
682 3263 734 3325 ait,
745 3263 934 3336 quiamelius
988 3274 1079 3332 poena
1093 3259 1173 3315 enim
1188 3258 1313 3314 debetur
1327 3257 1431 3330 culpes,
1444 3270 1506 3312 nen
1515 3253 1685 3328 preamium.
1713 3256 1818 3310 Beatus

106 3353 190 3422 nesti,
201 3352 258 3410 sed
273 3350 347 3424 quid
357 3349 465 3408 melius
475 3351 564 3420 nesti,
579 3350 714 3424 loquere,
723 3351 814 3408 nimis
823 3352 881 3408 hoe
891 3351 934 3424 ip
988 3361 1059 3418 ergo
1071 3346 1126 3403 tob
1139 3347 1202 3403 sine
1217 3346 1305 3420 culpa
1319 3345 1437 3402 loeutus
1452 3343 1629 3414 ostenditur,
1644 3359 1736 3416 quem
1750 3346 1819 3416 pest

106 3457 168 3498 sum
182 3440 358 3517 superbisse
373 3444 426 3508 est,
438 3439 476 3496 de
491 3439 623 3496 melioris
635 3439 931 3498 seientiadubitasse.
987 3435 1169 3492 locutionem
1182 3435 1305 3508 premia
1315 3434 1551 3506 subsequuntur.
1565 3432 1702 3504 Sequitur
1714 3448 1721 3486 :
1733 3432 1818 3488 Inter
1925 3431 1931 3438 '

106 3533 184 3605 Ecce,
198 3529 376 3604 dumquasi
389 3529 541 3586 humiliter
555 3529 710 3586 beatoiob
727 3529 809 3604 loqui
819 3529 931 3598 tribuit,
986 3540 1040 3581 eos
1055 3526 1177 3597 interim
1192 3526 1431 3596 constringetur,
1456 3527 1484 3580 et
1514 3527 1586 3580 tunc
1615 3521 1656 3578 ed
1664 3521 1816 3590 judiciem

105 3621 183 3692 qued
196 3618 378 3677 intrinsecus
394 3621 533 3690 gestaret,
549 3617 690 3675 ostendit.
708 3619 847 3692 Sequitur
863 3635 870 3674 ε
984 3617 1125 3683 provocet
1139 3612 1322 3669 ammonites
1334 3613 1395 3668 suis
1408 3613 1512 3668 Deum.
1527 3613 1616 3665 —lie
1631 3608 1655 3666 si
1682 3608 1813 3666 diceret:

138 3709 226 3766 Vras.
243 3711 288 3765 ³4.
319 3709 383 3764 Viri
391 3709 592 3778 intelligentes
603 3708 769 3780 toquentur
782 3708 867 3764 miti.
897 3739 932 3748 -
987 3704 1028 3758 Ex
1043 3705 1145 3758 nostra
1157 3701 1323 3758 assertione
1335 3704 1510 3772 cognoscet,
1522 3699 1596 3773 quia
1619 3715 1815 3772 nequequam

105 3797 286 3868 Dedignatus
297 3795 434 3852 videlicet
447 3795 472 3850 si
490 3792 646 3852 beatoiob
660 3794 743 3868 loqui
769 3810 933 3868 praesume·
986 3791 1096 3846 meiere
1111 3790 1323 3848 examinationi
1334 3789 1474 3846 sufficiet.
1491 3788 1652 3861 Sequitur:

104 3891 154 3954 ret,
170 3885 223 3959 qui
238 3884 326 3957 quasi
336 3883 572 3956 ejusietelligere
585 3884 679 3941 verba
692 3899 754 3941 nen
767 3888 878 3956 posset.
899 3887 932 3942 lit
1285 3879 1399 3936 CAPUT
1417 3876 1518 3934 llllllV.

103 3975 174 4047 quia
186 3989 250 4030 nen
267 3971 366 4028 solum
380 3971 420 4028 ad
437 3971 634 4044 loquendum,
648 3973 801 4030 sedetiam
826 3973 867 4030 ad
879 3989 931 4030 au-
1021 3970 1122 4040 Igitur
1137 3969 1208 4024 Elia
1224 3969 1286 4024 aas
1301 3983 1425 4024 rursum
1440 3967 1557 4022 locutus
1570 3969 1622 4021 ert.
1649 3995 1683 4004 -
1712 3964 1815 4020 Omnis

102 4058 249 4114 diendum
263 4058 386 4116 beatum
400 4059 457 4114 Job
473 4058 632 4130 indignum
658 4060 750 4117 fuisse
774 4060 929 4132 judicavit,
985 4056 1039 4130 qui
1053 4055 1147 4112 multa
1161 4055 1302 4128 loquitur,
1315 4055 1345 4109 in
1360 4053 1509 4110 locutione
1520 4068 1576 4108 sua
1600 4066 1718 4124 semper
1743 4051 1815 4107 inei-

103 4147 255 4220 sequitur:
277 4147 329 4204 Vir
337 4148 455 4218 sepiens
469 4147 574 4204 audiet
588 4163 634 4206 me
658 4179 691 4190 —
704 4149 745 4205 Ac
761 4149 785 4204 si
800 4148 929 4206 diceret:
984 4161 1056 4219 pere
1071 4145 1180 4212 studet,
1191 4148 1341 4218 quatenus
1355 4142 1545 4198 inchoatione
1558 4141 1627 4214 ipsa
1650 4155 1814 4212 suspensos

104 4235 269 4308 Hrriclequi
290 4236 398 4308 injuste
422 4235 604 4306 conceditur,
633 4237 686 4310 qui
711 4236 801 4293 etiam
826 4237 930 4296 audire
985 4235 1137 4292 auditores
1162 4233 1261 4302 iaciat,
1297 4238 1326 4290 et
1354 4249 1390 4289 ee
1415 4232 1555 4288 attentius
1580 4233 1709 4301 taceant,
1750 4247 1812 4303 que

104 4323 191 4380 verba
207 4325 463 4402 sapientiumnon
478 4329 619 4381 meretur.
634 4330 729 4398 Atque
743 4331 929 4400 meraperte
985 4326 1072 4400 quasi
1094 4341 1207 4382 nevum
1235 4325 1339 4382 audire
1367 4321 1481 4396 aliquid
1493 4325 1677 4395 exspectant.
1708 4321 1811 4395 Sequi-

104 4412 194 4484 que'm
220 4413 362 4488 despecta
385 4414 424 4472 de
462 4413 514 4471 ille
541 4414 658 4486 sentiat,
696 4414 867 4472 manifestet
887 4415 930 4472 di·
985 4419 1055 4472 tur:

105 4516 171 4558 cens
188 4520 195 4559 :
1020 4505 1102 4559 Vens.
1122 4504 1145 4568 l,
1160 4506 1187 4559 2.
1203 4502 1350 4574 Nunquid
1365 4502 1517 4574 tibiaque
1531 4501 1651 4558 videtur
1665 4505 1718 4556 tec
1735 4501 1812 4571 cepi-

136 4591 218 4649 Vans.
235 4596 281 4650 35.
294 4592 350 4648 deb
361 4597 460 4650 eutem
471 4594 563 4650 stulte
574 4593 752 4658 loeutusest,
762 4593 929 4651 eteerbeii-
984 4593 1066 4660 telio,
1081 4597 1115 4648 et
1129 4593 1242 4649 diceres
1258 4609 1265 4646 ι
1280 4593 1395 4648 destier
1408 4593 1469 4648 Deo
1478 4594 1612 4647 mml-
1622 4589 1810 4656 Quiabeatus

106 4677 160 4734 lists
169 4695 230 4737 noe
239 4685 350 4737 sonent
364 4681 566 4750 disciplinam.
582 4712 617 4722 -
631 4681 699 4739 Sine
711 4679 870 4754 disciplina
883 4680 929 4736 le·
981 4681 1036 4737 tob
1044 4681 1201 4752 justiorem
1216 4697 1247 4736 se
1259 4681 1319 4736 Dee
1329 4695 1391 4735 nen
1404 4679 1521 4746 dixerit,
1528 4679 1626 4735 omnis
1636 4678 1688 4750 qui
1697 4681 1810 4734 textum

105 4771 202 4824 cutum
211 4768 337 4826 beatum
354 4769 410 4826 Jeb
421 4769 554 4838 eredidit,
564 4769 636 4842 quie
649 4770 766 4842 justum
777 4785 809 4826 se
822 4770 854 4826 in
867 4769 928 4826 suis
981 4769 1111 4826 historice
1124 4769 1347 4841 legitagnoscit.
1360 4768 1417 4825 Sed
1427 4768 1468 4824 ait
1483 4784 1489 4822 :
1504 4789 1518 4817 «
1525 4769 1674 4840 Properat
1683 4765 1809 4840 aquita-

105 4856 241 4924 operibus
249 4855 342 4913 finisse
350 4857 538 4914 memoravit.
549 4857 659 4914 Verum
674 4856 871 4914 tortasseEliu
882 4857 926 4914 di·
982 4863 1042 4914 tem
1057 4864 1226 4915 eontrame.
1238 4864 1266 4914 et
1276 4857 1431 4931 perveniat
1445 4857 1485 4914 ed
1495 4857 1649 4912 victoriam
1659 4856 1809 4928 judicium

106 4949 186 5015 cerel,
197 4946 264 5003 siea
274 4946 927 5019 qeaebeetustobdeseipsonerreverat,non
981 4963 1084 5004 meum
1099 4949 1175 5018 (deb.
1191 4964 1269 5014 xxrn,
1285 4949 1322 5020 7).
1341 4969 1355 4997 s
1379 4947 1475 5002 Vitam
1490 4962 1577 5002 suam
1590 4946 1724 5004 videlieet
1737 4962 1809 5019 pen-

105 5028 139 5086 de
148 5031 266 5092 illobsec
274 5034 380 5091 eadem
389 5033 925 5108 ipsedisciplinaeauotoraesemasset.
981 5050 1062 5104 sans,
1072 5041 1101 5092 et
1113 5050 1221 5092 causas
1231 5033 1432 5107 percussionis
1444 5034 1600 5104 ignorans,
1615 5037 1647 5090 ul
1656 5049 1735 5107 seepe
1742 5033 1808 5106 iam

105 5121 290 5182 unocmtem
300 5124 381 5182 enim
393 5124 451 5181 Job
461 5141 492 5181 se
507 5124 613 5181 asserit
626 5123 820 5196 flagellatum,
834 5141 926 5199 quem
980 5125 1093 5182 dietum
1110 5127 1164 5194 esi,
1180 5139 1235 5196 pre
1250 5123 1399 5180 diluendis
1409 5123 1538 5197 peccatis
1566 5139 1597 5180 se
1626 5122 1759 5188 credidit,
1779 5125 1809 5176 et

107 5209 177 5268 Deus
188 5214 278 5271 etiam
285 5213 438 5288 perhibuit
447 5213 557 5272 frustra
563 5230 751 5288 percussum.
760 5215 844 5281 Quod
854 5231 926 5286 ergo
980 5229 1041 5270 nen
1050 5230 1105 5287 pro
1117 5213 1266 5284 augendis
1278 5213 1390 5271 meritis
1404 5212 1560 5285 flagellari,
1571 5211 1718 5268 etidcirco
1725 5207 1807 5277 jndi-

106 5312 161 5356 vex
169 5303 302 5375 percussi
317 5302 482 5376 superbum
494 5303 605 5374 senuit,
619 5319 719 5377 qurea
734 5303 928 5360 sententiale-
980 5303 1060 5359 cium
1075 5317 1164 5358 suum
1179 5301 1219 5358 ad
1241 5301 1395 5360 victoriam
1420 5302 1574 5376 pervenire
1602 5296 1736 5354 confisus
1751 5297 1805 5364 est,

107 5385 201 5446 denis
214 5391 387 5450 nullatenus
400 5391 606 5464 discrepavit?
621 5397 740 5449 incaute
749 5397 817 5448 sunt
826 5392 926 5449 hemi·
979 5393 1051 5466 quia
1066 5392 1187 5465 culpam
1199 5391 1229 5448 in
1246 5409 1287 5458 se,
1299 5409 1355 5466 pro
1370 5407 1432 5464 qua
1445 5388 1597 5447 debuisset
1607 5383 1731 5457 percuti,
1744 5399 1806 5441 nen

108 5473 157 5540 10³.
172 5481 223 5552 qui
235 5497 268 5538 se
282 5479 442 5538 mendacio
453 5478 628 5552 illaqueant,
637 5481 714 5537 dum
722 5481 926 5551 arrogantiam
980 5482 1101 5538 invenit.
1118 5482 1205 5547 Quod
1214 5481 1339 5556 quidem
1351 5481 1389 5538 de
1401 5479 1451 5534 ille
1464 5473 1644 5533 etlleminus
1655 5473 1694 5530 ad
1703 5472 1807 5532 diabe

109 5563 206 5638 vitam,
221 5569 282 5630 ime
292 5567 465 5628 mentiendo
476 5566 663 5641 superbiunt,
675 5567 728 5642 qul
739 5573 844 5627 centra
853 5569 927 5626 veri-
979 5571 1044 5628 lem
1058 5571 1132 5628 dixit
1148 5589 1155 5629 :
1172 5592 1186 5622 a
1203 5567 1397 5628 commovisti
1408 5581 1457 5622 me
1470 5562 1614 5622 adversus
1626 5581 1706 5632 eum,
1719 5567 1750 5622 ut
1765 5562 1806 5622 cl-

1698 5841 1802 5918 stru
