4110 6138
208 181 261 235 ras
725 173 753 229 s
774 169 903 229 occurs
922 166 1071 224 anesus
1090 167 1343 228 cuuuraeausu
1362 169 1396 226 ιι.
1481 143 1485 149 ’
1863 170 1915 222 rac

208 299 338 357 attilam
365 298 505 354 redactur
532 312 607 366 rum,
626 303 662 354 ct
685 296 798 353 nescim
821 295 915 368 (Prot.
944 307 1032 362 uxxu,
1089 289 1137 348 ille
1151 297 1313 367 postquam
1326 297 1410 352 tanta
1424 309 1459 351 ac
1474 291 1546 350 talia
1571 290 1701 365 pertulit,
1716 288 1917 348 cuminten'm

209 393 268 455 22).
284 389 473 458 congregata
487 391 557 443 scat
571 401 661 456 super
680 400 726 444 me
750 385 884 456 nagelta,
901 388 929 439 et
950 383 1034 452 ignc—
1089 380 1160 454 ipsis
1175 383 1347 440 verberibus
1362 384 1473 454 gratior
1485 387 1573 452 esset,
1590 386 1623 439 ut
1638 385 1715 438 Deus
1727 380 1862 438 adhunc
1877 378 1919 434 vi·

210 478 278 535 ravi
304 477 399 548 (Psal.
428 492 530 546 xxxiv,
560 479 614 539 ra).
644 477 679 532 Et
710 473 821 530 idcirco
857 475 944 537 Deus,
983 469 1036 542 qui
1090 473 1242 532 sitandam
1255 475 1357 532 venire
1370 475 1554 546 dignaretur,
1570 473 1670 531 adhuc
1682 489 1714 530 se
1729 468 1919 528 humilialdi-

210 565 346 624 terribilis
372 568 417 621 est
444 565 474 620 iu
498 565 639 634 consiliis,
661 563 826 620 vindictam
854 577 948 635 quam
976 575 1036 615 me
1090 577 1180 618 cens:
1195 565 1421 635 depredandum
1431 570 1612 636 mectugum
1623 558 1919 634 poenitmtiomtlod.

209 670 321 723 remur,
336 653 367 711 in
381 653 458 710 illius
484 653 578 710 sancti
592 653 696 726 templi
722 650 929 710 combustione
948 663 1036 706 mon·
1089 667 1157 720 xuu,
1176 652 1213 723 6).
1242 655 1316 708 Nam
1330 657 1398 727 post
1424 652 1507 710 illam
1533 651 1704 726 pridianam
1746 646 1920 705 succensio·

211 745 324 812 suarii,
338 743 425 817 quasi
446 743 591 800 ministris
607 742 744 799 vindicte
770 741 896 798 diceret:
926 738 975 796 lsti
987 737 1038 794 do·
1089 753 1170 804 nem,
1184 741 1278 796 muris
1293 757 1363 798 cum
1386 737 1499 811 iirgenti
1520 739 1618 798 studio
1641 737 1817 811 compactis,
1834 739 1922 807 septa

211 850 279 892 mus
291 847 474 907 exasperans
488 833 562 889 mihi
578 838 656 888 suut.
675 831 821 888 Ultiouem
835 845 854 887 a
866 827 1037 886 sanctuario
1090 829 1263 886 monasterii
1283 829 1501 901 communistis,
1516 830 1574 886 hoc
1589 828 1732 885 nimirum
1750 839 1921 900 praecavere

211 939 279 981 mco
307 921 438 995 incipite,
463 925 496 978 ut
513 921 590 992 ignis
618 920 842 993 indignationis,
870 919 922 994 qui
948 920 1038 990 abys-
1090 917 1273 991 volentes,ne
1288 924 1391 977 sancta
1406 913 1922 992 domusultrapossetabhostibus

212 1028 280 1069 sum
305 1010 404 1068 cordis
416 1011 543 1069 humani
564 1011 777 1069 combusturus
800 1014 845 1067 est
857 1013 974 1084 partem
986 1007 1039 1064 do-
1089 1006 1168 1064 laedi.
1181 1008 1238 1066 Sed
1252 1024 1314 1066 non
1327 1009 1399 1066 satis
1412 1008 1598 1066 attendentes
1608 1007 1639 1064 in
1652 1009 1767 1082 quanta
1780 1018 1923 1060 reveren-

211 1115 280 1156 mus
298 1099 417 1157 interim
443 1103 590 1171 assumat,
605 1103 638 1156 ut
659 1115 730 1156 cum
750 1115 769 1155 a
794 1115 826 1155 sa
840 1095 1037 1154 desiderabile
1091 1092 1132 1150 tia
1145 1100 1267 1153 sanctus
1281 1095 1335 1154 iste
1350 1097 1482 1154 locusab
1492 1097 1624 1171 antiquis
1634 1093 1823 1169 temporibus
1839 1089 1925 1148 efful-

212 1189 369 1247 oculorum
396 1189 505 1246 auferri
524 1189 661 1254 viderint,
674 1205 724 1246 me
748 1188 788 1246 ad
814 1187 924 1246 ostium
939 1184 1038 1243 cordis
1092 1185 1170 1254 serit,
1184 1187 1321 1259 protinus
1337 1187 1480 1259 religione
1493 1187 1774 1258 relicta,commune
1785 1182 1924 1240 diverse·

213 1279 259 1335 sui
285 1278 457 1353 pulsantem
484 1279 701 1354 contempsisse
724 1278 877 1352 poenitcat.
901 1280 954 1334 Per
981 1277 1039 1333 hoc
1091 1272 1247 1331 riumesse
1260 1276 1456 1348 permisistis3
1480 1276 1522 1334 ita
1544 1279 1577 1332 ut
1590 1274 1710 1332 leminis
1725 1273 1765 1331 cd
1778 1270 1924 1329 haurien-

212 1383 283 1438 ergo
296 1368 379 1440 quod
393 1367 423 1424 in
439 1368 550 1442 templo
563 1368 680 1436 eccidit,
697 1366 870 1438 arrogantia
881 1369 993 1435 nostra,
1007 1367 1040 1420 ut
1092 1360 1166 1418 dum
1181 1378 1304 1436 aquam,
1320 1367 1348 1420 el
1373 1363 1413 1421 ad
1434 1363 1667 1421 discurrendum
1687 1376 1750 1436 quo
1773 1358 1926 1416 voluerim

211 1456 253 1514 ita
266 1456 402 1529 dixerim,
415 1457 503 1515 nobis
528 1457 559 1514 in
584 1457 692 1514 faciem
714 1455 878 1530 respondit.
893 1458 926 1512 Et
940 1453 1038 1511 omni·
1092 1451 1215 1524 portarii
1228 1452 1458 1522 nonresistant;
1482 1468 1553 1509 cum
1566 1450 1730 1509 viderimus
1741 1447 1827 1523 quod
1847 1445 1925 1503 nulli
2040 1499 2041 1502 ,

212 1544 311 1601 modis
325 1546 496 1602 cavendum
507 1549 561 1611 ast,
577 1560 614 1600 ne
629 1545 713 1614 forta,
728 1543 805 1600 sicut
815 1543 873 1600 illie
894 1541 1037 1616 sequitur,
1093 1539 1171 1595 intra
1185 1541 1360 1598 monasterii
1374 1540 1654 1614 partesvelparum
1665 1539 1776 1596 intrare
1789 1534 1922 1602 licuerit;

213 1633 333 1706 spiritus
356 1633 561 1690 fornicatiouis
588 1633 626 1689 sit
650 1632 680 1689 in
709 1632 809 1688 medio
835 1635 981 1700 nostrum,
1011 1619 1076 1687 etB
1094 1644 1192 1702 neque
1202 1629 1311 1703 aliquis
1325 1630 1488 1704 equitando
1500 1630 1599 1687 statim
1611 1644 1666 1702 per
1675 1628 1785 1685 atrium
1795 1623 1923 1682 mandre

212 1721 331 1778 interim
353 1721 431 1777 illius
463 1721 541 1792 ignis
581 1720 737 1793 pernicies,
763 1721 809 1778 isti
833 1720 970 1777 exteriori
994 1722 1039 1776 to·
1094 1733 1186 1774 ausus
1198 1717 1295 1776 luerit.
1310 1719 1368 1776 Sed
1381 1735 1462 1776 nunc
1485 1719 1526 1776 ita
1549 1717 1718 1789 negligitur,
1734 1720 1884 1788 tanquam
1899 1715 1924 1768 si

213 1807 268 1864 lies
303 1808 340 1864 sit
374 1807 481 1864 fomes.
513 1810 596 1882 Saepe
630 1814 731 1866 autem
770 1809 803 1865 lit
838 1812 872 1865 ut
900 1811 1040 1881 peccator
1093 1825 1199 1864 murus
1209 1808 1256 1865 ille
1268 1825 1330 1866 non
1341 1809 1380 1866 ad
1393 1809 1525 1866 hostium
1534 1807 1748 1882 repulsionem,
1758 1804 1813 1862 sed
1823 1803 1865 1860 ad
1875 1819 1924 1860 ex-

213 1899 327 1970 quanto
338 1896 466 1955 deterior
477 1901 621 1969 est,tauto
632 1897 762 1954 densiori
770 1897 900 1954 caecitate
914 1913 966 1954 cor
973 1897 1039 1969 ejus
1094 1897 1275 1955 eludendam
1288 1897 1346 1956 loci
1357 1898 1555 1956 reverentiam
1568 1901 1646 1954 esset
1658 1899 1783 1953 erectus.
1797 1897 1858 1950 Nae
1870 1908 1924 1948 va·

214 1985 450 2059 obtenebrescat,
471 1992 589 2044 etcum
613 1987 687 2044 boni
712 1986 827 2061 aliquid
848 1985 958 2056 feeerit,
982 1987 1040 2042 boc
1094 1986 1147 2043 luit
1161 1986 1258 2044 isdem
1272 2003 1378 2044 murus
1390 1988 1492 2058 iguem
1505 1983 1810 2061 probibere‚quidem
1825 1981 1926 2052 negle-

213 2075 296 2148 apud
309 2091 351 2140 se,
365 2075 440 2133 sicut
462 2075 510 2133 ille
531 2077 706 2147 Pharisaeus,
719 2077 820 2148 jactet,
835 2076 936 2132 minus
950 2079 1042 2132 etten·
1094 2081 1139 2133 cte
1154 2081 1343 2151 contemptus
1357 2077 1496 2149 erigebat
1518 2075 1669 2133 succendi.
1684 2072 1852 2133 lior-dacius
1867 2073 1925 2128 boc

213 2165 289 2221 deus
311 2165 384 2239 quia
405 2166 488 2224 bona
503 2167 645 2240 quaslibet
668 2169 728 2223 Deo
751 2182 814 2222 non
829 2165 958 2240 placent,
971 2182 1040 2240 quar
1094 2166 1230 2235 dixerim,
1246 2167 1329 2239 quia,
1346 2182 1419 2232 ¹rere
1438 2165 1568 2241 letabor,
1585 2164 1748 2222 multorum
1763 2161 1857 2219 corda
1871 2176 1927 2234 per

212 2253 363 2312 malorum
377 2255 555 2313 admistione
569 2257 769 2313 maculantur.
786 2255 850 2314 Tali
863 2255 983 2312 cuilibet
994 2255 1040 2311 di·
1091 2255 1152 2314 hcc
1175 2255 1412 2327 moestidcantur,
1425 2255 1509 2330 quod
1530 2255 1632 2312 locum
1655 2269 1710 2327 pre
1725 2267 1830 2309 amore
1844 2251 1925 2307 beati
2040 2291 2041 2308 ι

212 2343 352 2401 vinavcx
373 2345 535 2402 inclamat:
557 2345 633 2402 Dicis
646 2346 718 2419 quia
737 2345 821 2402 dives
836 2361 915 2416 sum,
932 2350 1040 2401 etnes-
1095 2343 1214 2401 Martini
1244 2350 1471 2402 sacrosanctum
1503 2359 1566 2401 non
1588 2342 1721 2413 rideant,
1755 2339 1926 2396 seeundum

213 2433 255 2489 cis
269 2433 341 2506 quia
355 2434 532 2491 miserabilis
544 2439 598 2502 est,
612 2438 642 2492 et
653 2451 751 2491 caecus
762 2439 791 2490 el
802 2434 921 2490 nudus:
938 2434 1040 2490 nudus
1094 2433 1226 2507 priscam
1240 2433 1447 2505 reverentiam,
1466 2432 1609 2490 venerari.
1626 2435 1727 2505 Neque
1740 2431 1799 2488 boc
1814 2445 1927 2504 parum

215 2520 350 2578 videlieet
360 2521 490 2592 justitia;
507 2537 606 2578 caecus
625 2538 707 2590 vero,
723 2522 860 2578 nesciens
873 2522 971 2595 ipsam
986 2537 1040 2578 nu·
1095 2521 1240 2595 displicet,
1255 2523 1339 2595 quod
1358 2523 1484 2596 quidam
1503 2524 1534 2578 in
1552 2521 1661 2578 eodem
1683 2519 1750 2577 loco
1765 2519 1880 2588 nutriti,
1895 2534 1927 2574 se

213 2608 336 2674 ditatam
362 2625 450 2666 suem
475 2609 585 2666 videre.
602 2609 711 2668 Effudit
736 2626 806 2682 ergo
831 2611 985 2682 Dominus,
1011 2615 1042 2667 ut
1095 2611 1280 2685 quibusdam
1293 2612 1449 2669 laicalibus
1461 2611 1509 2668 vel
1521 2611 1650 2668 nimium
1662 2609 1821 2684 pomposis
1835 2608 1926 2664 vesti-

214 2695 358 2770 scriptum
382 2702 437 2766 est,
467 2699 568 2770 ignem
596 2699 628 2756 in
653 2699 733 2768 Sion,
749 2704 778 2756 et
801 2699 894 2757 voluit
916 2700 1041 2757 reddere
1094 2702 1152 2758 bus
1164 2701 1370 2767 dehonestent,
1382 2717 1452 2758 cum
1461 2701 1529 2758 talis
1540 2717 1606 2758 esse
1617 2699 1804 2757 consueverit
1818 2713 1926 2754 eorum

213 2785 414 2843 vastationem
435 2787 467 2844 in
484 2787 627 2858 flamma;
641 2794 675 2846 ut
688 2789 825 2848 videlicet
838 2806 892 2863 per
905 2789 1042 2861 indigua·
1096 2791 1294 2860 conversatio,
1308 2795 1342 2848 ut
1355 2791 1434 2848 hanc
1449 2790 1539 2847 etiam
1558 2792 1660 2846 Romae
1671 2788 1789 2846 laudari
1804 2787 1927 2844 audive-

213 2874 336 2947 tionem,
360 2892 429 2950 quae
455 2877 487 2934 in
514 2878 660 2936 materiali
683 2879 788 2935 domo·
809 2879 942 2947 desevit,
971 2879 1043 2936 exti-
1095 2882 1201 2954 rimus,
1216 2879 1402 2954 quibusdam
1417 2879 1559 2936 Romanis
1573 2877 1928 2943 dicentibus:0uiancn

213 2979 351 3021 meamus
365 2965 475 3022 domus
489 2981 672 3040 exasperans
687 2967 1077 3037 esse‚animadvertentesc
1096 2975 1175 3026 esset
1195 2985 1317 3027 necesse
1338 2973 1466 3026 Romam
1491 2967 1622 3042 profisci,
1637 2967 1690 3041 qui
1711 2965 1825 3040 templo
1846 2966 1929 3022 beati

213 3053 287 3127 quid
295 3056 327 3110 in
339 3054 455 3112 occulto
465 3056 530 3127 eJus
540 3056 654 3128 judicio
664 3060 949 3130 mereamur.Neque
960 3057 1040 3113 enim
1096 3054 1929 3130 llartinimorerenturvicinarileremiasprophetaplan-

212 3159 325 3218 parvus
345 3149 445 3202 reatus
459 3149 512 3208 est,
535 3145 589 3219 qui
615 3149 752 3204 sanctam
767 3147 850 3204 illam
871 3146 998 3204 domum
1013 3151 1042 3204 et
1097 3147 1149 3216 git,
1163 3145 1294 3203 colorem
1308 3145 1445 3216 religioni
1460 3159 1629 3216 congruum
1643 3143 1806 3202 immutari.
1817 3143 1930 3199 Dicitur

214 3248 230 3290 e
243 3232 378 3304 vestigio,
387 3237 417 3290 et
430 3233 515 3290 toties
529 3233 620 3304 exigit
629 3235 825 3305 concremari,
840 3239 872 3290 ut
883 3251 952 3290 cum
967 3251 1041 3308 pau·
1097 3235 1193 3293 alias:
1217 3235 1263 3293 Ne
1274 3235 1414 3306 glorieris
1429 3236 1461 3292 in
1483 3235 1590 3292 certitu
1612 3248 1746 3306 unquam
1768 3233 1875 3304 (Ereti.
1891 3248 1927 3298 ιιι,

213 3321 243 3378 lo
257 3325 325 3378 ante
335 3337 481 3378 succensa
494 3321 590 3391 luerit,
602 3339 664 3380 non
680 3323 716 3380 sit
729 3339 851 3381 aversus
866 3323 949 3380 furor
963 3325 1041 3396 ejus,
1095 3323 1278 3398 strideant
1292 3338 1363 3394 ergo
1377 3323 1426 3380 isti
1440 3339 1534 3397 quam
1544 3321 1669 3379 stultum
1676 3321 1724 3394 sit,
1738 3321 1849 3378 decore
1863 3337 1930 3376 vcs-

214 3409 267 3466 sad
281 3409 501 3467 adhucmanus
513 3411 579 3482 ejus
593 3416 721 3469 extenta.
737 3412 792 3469 Sed
804 3428 859 3469 nec
870 3411 1041 3486 putandum
1097 3413 1166 3470 titus
1181 3411 1307 3482 gloriam
1331 3411 1531 3475 emendicare,
1548 3415 1577 3468 et
1601 3409 1709 3468 decore
1729 3409 1847 3466 virtutis
1862 3409 1928 3466 ani·

214 3497 354 3570 estquod
368 3497 514 3554 hoccasu
525 3499 666 3555 acciderit
674 3499 1039 3572 proptcrilludleremiae:
1097 3517 1181 3559 mam
1195 3501 1321 3558 nudare.
1338 3503 1482 3559 Craterum
1509 3500 1554 3568 iis,
1570 3501 1623 3575 qui
1647 3499 1684 3557 de
1699 3499 1834 3573 potentia
1847 3498 1928 3556 beati

216 3585 287 3653 Quis
301 3587 473 3658 estrsteqm'
486 3587 564 3644 dicit
579 3589 923 3658 utficrat,Demiaenoc
936 3589 1042 3660 ictae·
1097 3589 1211 3647 llartini
1224 3587 1361 3656 delirant,
1377 3588 1621 3659 amatorejus,et
1634 3586 1866 3645 decentissimus
1880 3602 1928 3642 re·
2040 3629 2041 3660 ;

215 3676 266 3732 tel
281 3673 399 3746 (Three.
413 3691 454 3743 ιιι,
469 3675 525 3747 37.)
542 3679 573 3732 lit
595 3675 683 3734 item:
699 3677 736 3734 Si
746 3683 789 3734 est
800 3680 914 3736 malum
930 3681 961 3735 ic
973 3681 1043 3737 eiri-
1096 3678 1173 3736 lator
1183 3676 1324 3751 Sulpitius
1333 3677 1398 3750 jam
1411 3677 1483 3735 olim
1499 3677 1571 3735 satis
1585 3675 1750 3752 respondit.
1765 3679 1928 3733 Nemeum

215 3765 390 3837 inlaqueat
414 3780 466 3837 ego
494 3781 554 3822 nuc
577 3770 779 3838 perceperim,
801 3767 874 3824 dicit
898 3769 1043 3826 Dominus
1098 3766 1262 3841 aliquando
1277 3766 1454 3823 vestimenta
1476 3767 1541 3839 ejus
1567 3766 1678 3840 pariter
1699 3764 1815 3822 afflaret
1828 3765 1931 3822 iucen-

216 3854 312 3927 (Amor
327 3869 368 3924 ιιι,
384 3855 421 3926 c),
447 3855 494 3912 vel
518 3857 585 3927 quis
605 3855 687 3913 dedit
714 3857 811 3915 Israel
833 3858 1045 3915 restantibus?
1098 3857 1193 3925 dium,
1207 3854 1290 3930 quod
1305 3859 1406 3912 tamen
1418 3855 1467 3912 ille
1478 3854 1653 3928 protinusin
1665 3853 1801 3912 medium
1815 3871 1848 3910 se
1858 3869 1929 3927 pro·

213 3943 322 4000 Nonne
340 3943 484 4000 Dominus
503 3944 554 4000 cui
573 3945 732 4015 peccauit?
755 3946 817 4017 (Ira
830 3961 898 4014 ιιιιι,
914 3947 970 4018 ll).
986 3950 1057 4004 Nos·
1097 3945 1205 4018 jiciens
1220 3943 1363 4016 trigidum
1378 3944 1481 4014 sensit,
1497 3943 1624 4018 quidam
1648 3943 1782 4001 similiter
1794 3943 1932 4000 occasio-

180 4047 187 4058 ·
214 4031 315 4106 itaque
330 4032 455 4090 scientes
468 4033 541 4107 quia
561 4039 686 4108 peccata
709 4040 813 4092 nostra
832 4035 954 4093 iecerint
967 4037 1043 4110 hrec,
1098 4052 1169 4093 nem
1181 4033 1358 4094 detrahendi
1373 4037 1577 4107 sumpserunt.
1594 4032 1759 4106 Responsio
1780 4037 1852 4089 tune
1872 4032 1934 4089 illis

215 4137 403 4196 consequens
417 4127 473 4194 est,
490 4127 521 4180 ut
545 4123 780 4195 ingemiscamus
807 4141 899 4198 super
917 4125 1044 4198 injurias
1099 4125 1187 4193 tacta,
1202 4123 1267 4180 istis
1283 4121 1420 4180 sufficere
1446 4121 1578 4191 deberet,
1595 4121 1648 4196 qui
1660 4137 1857 4195 nequaquam
1872 4121 1933 4178 hoe

214 4209 320 4266 domni
342 4209 475 4279 llartini;
496 4211 673 4285 imopotius
688 4227 860 4285 supernos,
875 4213 947 4286 quia
973 4213 1043 4271 siin
1099 4214 1289 4281 mirarentur,
1310 4211 1335 4268 si
1348 4211 1576 4286 dispositionem
1601 4227 1664 4284 qua
1686 4215 1763 4268 Deus
1779 4210 1933 4268 mundum

215 4296 302 4354 viridi
315 4297 399 4368 ligno
410 4298 475 4354 haec
501 4299 623 4372 iaciunt,
638 4299 670 4356 in
695 4299 779 4357 arido
803 4300 856 4374 qui
870 4301 947 4358 fieti
966 4302 1078 4370 Alio-n
1098 4302 1185 4373 regit,
1198 4300 1247 4358 vel
1261 4299 1397 4366 tenuerit,
1411 4298 1617 4357 attendissent.
1632 4303 1743 4357 Parum
1757 4304 1850 4356 estut
1871 4300 1932 4356 mi-

215 4384 289 4458 quin
298 4385 424 4442 dieitur:
440 4387 586 4457 Discipuli
598 4393 668 4444 sunt
681 4393 708 4444 et
722 4403 783 4444 aaa
793 4395 864 4445 sunt
873 4391 1045 4460 compuncti
1098 4394 1210 4458 rentur,
1224 4390 1250 4446 si
1262 4390 1320 4447 boc
1331 4389 1475 4463 templum
1486 4393 1515 4446 et
1524 4389 1682 4463 superbire,
1691 4387 1873 4445 velluxurioe
1885 4389 1932 4444 vi-

217 4474 310 4542 (Psat.
327 4489 428 4546 xxxiv,
444 4477 497 4546 16).
518 4478 551 4531 lit
564 4475 651 4532 item:
667 4477 764 4533 riom
783 4479 947 4536 meretricis
956 4481 1044 4550 seete
1098 4479 1144 4537 liis
1158 4479 1233 4536 torte.
1246 4478 1406 4553 polutum,
1417 4477 1526 4535 talibus
1536 4477 1720 4552 quibusdam
1731 4481 1791 4534 Deo
1801 4477 1932 4550 cognitis

216 4567 259 4620 ert
273 4562 336 4632 tibi,
352 4565 473 4620 cerreti
484 4565 734 4636 mutescerewer.
747 4579 789 4633 ιιι,
801 4570 839 4635 3).
855 4567 910 4632 Qui
921 4583 993 4624 vero
1004 4568 1043 4625 ad
1097 4569 1197 4626 causis
1211 4567 1408 4640 exigentibus,
1421 4565 1548 4624 flamma
1562 4567 1745 4640 purgaverit.
1763 4566 1931 4623 Discutiunt
2040 4557 2041 4562 ’

215 4656 324 4709 nutum
349 4654 401 4709 Dei
422 4652 665 4726 contremiscunt,
681 4658 709 4711 et
734 4653 790 4710 sub
812 4655 925 4728 potenti
949 4672 1044 4714 manu
1097 4657 1196 4732 potius
1209 4653 1356 4730 quidnam
1372 4656 1409 4712 sit
1429 4655 1510 4730 quod
1539 4656 1579 4712 ab
1594 4655 1708 4727 origiue
1722 4655 1830 4712 mundi
1846 4657 1931 4712 mala

215 4743 281 4814 ejus
293 4742 391 4800 sciunt
417 4741 577 4810 humiliari,
599 4743 724 4800 audiant
751 4743 988 4802 consolationem
1009 4745 1043 4802 il-
1097 4746 1290 4821 prevaleant.
1306 4748 1364 4802 Cur
1378 4745 1472 4819 impio
1496 4744 1569 4802 cain
1582 4745 1698 4817 justum
1710 4744 1784 4801 Abel
1799 4745 1931 4802 subrue-

215 4830 287 4898 lam,
298 4847 366 4904 quae
379 4840 447 4904 post
460 4832 692 4889 destructionem
703 4833 887 4896 Hierusalem
902 4835 1042 4904 lactaest,
1097 4852 1128 4892 re
1144 4838 1220 4892 Deus
1234 4833 1426 4907 permiserit?
1450 4837 1483 4891 lit
1497 4850 1550 4891 cur
1569 4835 1625 4891 lob
1652 4833 1931 4908 incomparabiliter

215 4915 332 4974 dicente
347 4920 473 4976 Domino
486 4921 676 4991 :AEdificctrc
690 4937 750 4990 cos,
759 4929 787 4980 et
800 4939 861 4980 nen
874 4923 1045 4992 destruam:
1097 4929 1168 4982 tunc
1183 4922 1325 4996 temporis
1345 4923 1471 4995 justum,
1485 4939 1582 4997 usque
1605 4922 1650 4980 ad·
1664 4923 1883 4996 sterquilinium
1901 4929 1931 4980 et

210 5007 279 5077 jem
293 5008 372 5064 enim
384 5010 525 5078 placatus
545 5025 611 5067 eum
626 5027 716 5082 super
730 5013 819 5069 mate
829 5014 908 5086 qued
920 5015 981 5084 saci
995 5029 1044 5070 co·
1096 5028 1214 5070 vermes
1228 5013 1354 5082 Satanas
1367 5013 1569 5087 compulerit?
1584 5015 1641 5070 Cur
1653 5015 1794 5082 loannes,
1805 5029 1868 5086 quo
1878 5029 1931 5070 ne-

216 5096 268 5165 bia,
284 5103 312 5154 ct
328 5097 476 5154 uobiscum
490 5115 555 5156 sum
570 5101 643 5172 (Jrr.
659 5117 728 5169 auu,
740 5101 792 5172 lD).
802 5104 834 5157 Et
847 5100 895 5158 ille
907 5101 1041 5174 quidem,
1097 5117 1148 5159 mo
1171 5101 1269 5173 major
1283 5101 1359 5158 inter
1386 5107 1474 5160 natos
1491 5101 1662 5172 mulierum,
1678 5107 1785 5174 rogatu
1801 5101 1929 5159 saltatri-

216 5185 292 5244 sicut
305 5186 460 5252 Dominus,
475 5187 529 5261 qui
552 5204 622 5245 cum
643 5187 856 5263 tranquillitate
875 5189 1001 5262 Judical,
1015 5193 1045 5246 et
1097 5191 1140 5248 cis
1153 5190 1259 5264 puellae
1273 5191 1439 5250 decollatus
1455 5192 1522 5250 -sit‘l
1547 5193 1630 5250 Certe
1645 5191 1669 5248 si
1707 5190 1755 5247 isti
1779 5191 1931 5248 Christum

215 5290 285 5332 eum
308 5291 422 5349 magua
444 5277 608 5334 reverantia
631 5277 763 5352 disponit
785 5293 852 5347 nos,
875 5279 1044 5352 placabitur
1096 5276 1128 5333 in
1142 5292 1230 5333 cruca
1244 5275 1399 5346 vidissent,
1419 5293 1492 5343 ιιοιι,
1516 5276 1592 5334 sicut
1618 5276 1666 5334 ille
1688 5275 1775 5342 latro,
1801 5293 1930 5349 regnum

216 5365 308 5422 servis
332 5365 406 5424 suis.
429 5367 519 5424 Nobis
543 5371 645 5425 lamen
674 5368 826 5442 competit,
848 5374 880 5426 ut
906 5369 987 5426 hunc
1012 5368 1043 5426 1ιι
1097 5365 1124 5422 ci
1137 5370 1248 5423 restare
1273 5366 1437 5424 crederent.
1455 5365 1509 5431 Qui
1535 5367 1625 5423 etiam
1650 5366 1674 5439 si
1694 5365 1850 5439 apostolos
1872 5381 1929 5422 cm-

216 5449 357 5506 omnibus
369 5449 489 5523 judiciis
509 5451 571 5508 suis
596 5450 768 5523 laudemus,
783 5457 813 5510 et
835 5453 859 5510 si
880 5469 942 5526 qua
962 5453 1044 5510 bona
1097 5469 1147 5510 sos
1161 5453 1280 5527 publice
1292 5453 1446 5523 vidissent,
1462 5459 1490 5512 et
1506 5455 1691 5529 Stephanum
1707 5455 1781 5512 torte
1797 5460 1885 5512 nocte
1900 5461 1929 5512 el

216 5551 309 5612 opera
322 5537 353 5594 in
366 5539 455 5595 nobis
476 5545 556 5610 sunt,
570 5541 601 5597 in
618 5539 691 5616 ipsis
713 5541 883 5599 timeamus.
904 5541 1042 5610 Verebar,
1096 5542 1144 5600 die
1165 5542 1267 5602 bestiis
1292 5543 1462 5617 expositum
1482 5543 1699 5616 conspicerent,
1714 5543 1807 5602 fidam
1823 5543 1927 5600 Christi

170 5633 179 5660 0
214 5626 312 5701 inquit
323 5625 390 5700 tob,
406 5629 505 5686 crucia
526 5643 617 5701 opera
632 5645 696 5689 meu
708 5630 786 5704 (lot.
801 5647 843 5698 ιιι,
856 5633 912 5705 281.
927 5633 1001 5690 Nam
1015 5636 1045 5690 et
1098 5631 1220 5692 inanem
1234 5637 1398 5709 putassent.
1415 5633 1472 5692 Sed
1486 5637 1649 5712 postquam
1661 5649 1698 5692 ex
1719 5632 1779 5692 lide
1793 5633 1927 5692 inundes
