4110 6138
110 140 163 196 689
503 139 549 195 DE
567 139 647 196 vua
667 139 696 197 S·
716 138 869 196 eruetur
888 140 1025 200 celtus
1042 143 1218 200 amulae.
1237 173 1272 186 -
1291 145 1356 202 LIB.
1377 149 1424 202 lll.
1772 149 1825 206 690

110 259 317 334 laudabimus
327 259 483 330 eumfacit
497 262 577 320 enim
590 262 740 320 mirabilia
752 264 783 320 in
797 264 859 321 vita
874 280 939 322 sua.
954 268 979 322 t
995 265 1168 340 parabiliter
1179 267 1211 324 in
1225 267 1290 340 ejus
1306 267 1391 324 tactis
1402 269 1567 340 immineat,
1588 271 1672 345 quod
1683 289 1779 346 usque
1794 273 1825 330 io

110 349 198 418 Quod
211 349 291 406 enim
307 348 450 406 Geraldus
464 352 641 424 hujusmodi
662 353 813 411 mirabilia
831 353 941 424 iecerit,
997 360 1179 413 senectutem
1192 360 1292 413 castus
1305 360 1513 429 perseveravit.
1530 361 1655 418 Castitas
1665 360 1746 418 enim
1761 361 1825 418 sola

109 437 207 496 multa
234 436 418 496 documenta
445 443 524 496 sunt.
546 440 700 514 Siquidem
727 444 847 499 constat
872 457 943 498 eum
995 449 1040 502 est
1054 461 1123 519 quac
1137 445 1270 503 imitatur
1292 446 1460 518 angelicam
1478 449 1648 521 puritatem.
1677 453 1751 508 Cum
1769 451 1824 508 ita-

110 541 180 601 qure
194 541 213 583 a
226 524 403 599 parentibus
417 525 463 583 vel
476 527 599 598 regibus
622 528 649 586 ei
673 529 782 586 collata
809 533 879 586 sunt
900 529 942 586 sic
996 549 1056 608 que
1070 534 1119 592 hic
1137 535 1206 592 vicit
1225 534 1391 604 libidinem,
1420 551 1489 608 qua
1511 538 1644 596 maxima
1667 539 1761 597 virtus
1781 544 1826 598 est

110 617 251 684 tenuisse,
278 617 311 671 ut
333 629 370 672 ea
392 629 455 672 non
477 619 510 673 ut
522 615 625 689 servis,
642 617 695 674 sed
709 617 797 691 quasi
812 615 943 674 dominia
997 623 1126 695 satane,
1140 622 1251 680 mirum
1266 639 1328 680 non
1343 627 1387 680 est
1399 623 1423 686 si
1437 638 1493 680 nec
1512 623 1610 681 eidem
1635 627 1751 684 Satanae
1772 628 1825 684 im·

110 704 335 778 dispensasset:
350 702 441 760 rebus
454 703 576 763 interra
595 705 659 763 sine
677 698 939 779 alicujuslcesione
995 712 1090 782 perat,
1103 711 1354 782 quernservando
1369 710 1536 768 castitatem
1555 711 1672 769 devicit.
1698 715 1825 771 Incredi-
1864 699 1869 706 ¹

110 793 289 862 exaravisse,
303 791 335 850 in
349 792 432 850 cretis
447 795 944 870 tamen'tbesaurisasse;potentia
994 795 1140 854 bilencn
1167 798 1318 872 estquod
1340 814 1421 856 nunc
1442 798 1583 856 obsessos
1599 814 1617 856 a
1636 801 1825 860 damonibus
1941 784 1945 794 ’

110 882 273 940 sublimem
299 881 400 947 titisse,
428 886 530 942 tantm
558 883 665 960 spiritu
688 901 854 959 pauperem
878 902 944 959 per·
994 885 1102 944 liberat
1115 886 1168 959 qui
1182 903 1367 946 mammone
1380 888 1826 963 principemasucccrde,vin-

110 971 272 1030 mansisse.
287 972 485 1047 Quapropter,
499 977 533 1032 ut
545 973 594 1032 ille
608 975 753 1050 sequitur,
772 989 871 1048 neque
885 974 942 1032 mi-
996 974 1093 1032 cendc
1108 975 1274 1046 avaritiam,
1289 977 1400 1048 rejecit.
1417 978 1488 1033 ture
1503 977 1584 1034 enim
1608 977 1747 1052 spiritum
1773 994 1825 1034 su·

110 1077 190 1130 rum,
204 1075 302 1134 neque
321 1059 495 1120 incredibile
518 1062 608 1121 debat
628 1062 732 1132 videri,
762 1063 787 1120 si
813 1063 943 1122 stabilita
994 1062 1200 1137 perbiaenunc
1215 1064 1386 1137 subiectum
1400 1065 1500 1135 babet,
1521 1065 1613 1140 quiin
1625 1065 1691 1139 ipso
1702 1070 1825 1124 terrente

110 1153 183 1208 sunt
195 1149 278 1208 bona
288 1147 367 1207 illius
379 1149 411 1208 in
425 1151 562 1210 Domino.
579 1153 723 1220 Quamvis
737 1151 813 1209 illud
825 1151 942 1211 incom-
995 1151 1150 1226 potestatis
1162 1153 1293 1211 culmine
1305 1154 1410 1212 mitem
1424 1171 1457 1212 se
1469 1154 1611 1212 exhibuit.

736 1513 908 1604 LIBER
949 1515 1200 1604 TERTIUS.

146 1891 295 1960 Quoniam
320 1891 475 1962 signorum
498 1889 657 1946 virtutibus
680 1889 833 1962 insignem
852 1891 943 1949 fuisse
958 1853 979 1909 B
996 1890 1152 1948 Aureliaco
1166 1889 1313 1956 imminet,
1321 1889 1485 1963 respiciens
1499 1889 1539 1948 ad
1551 1889 1697 1948 fabricam
1706 1890 1827 1958 domus,

108 1980 313 2039 venerabilem
333 1979 432 2036 virum
456 1977 618 2035 Geraldum
646 1977 820 2051 prelibatus
844 1995 944 2036 sermo
997 1981 1126 2038 ubertim
1139 1979 1240 2036 itabat.
1258 1982 1333 2037 Cum
1345 1995 1424 2035 unus
1435 1995 1473 2036 ex
1484 1979 1681 2038 familiaribus
1691 1980 1830 2054 inquisis-

109 2068 296 2127 enucleatius
326 2066 476 2134 disseruit,
506 2069 598 2123 restat
624 2080 706 2122 nunc
724 2069 756 2123 ut
774 2066 945 2140 qualitera
998 2073 1042 2125 set
1055 2085 1181 2126 curnam
1196 2069 1298 2125 tieret?
1312 2069 1501 2142 respondens
1516 2071 1557 2126 ait
1584 2088 1590 2126 :
1619 2070 1695 2137 Quia
1714 2070 1830 2127 deside·

108 2173 256 2231 corporeo
285 2155 414 2227 tegmine
440 2153 603 2227 spiritalem
627 2155 788 2212 essentiam
802 2155 942 2226 emiserit,
996 2156 1194 2230 riuminquit,
1210 2173 1311 2213 meum
1326 2156 1410 2230 quod
1424 2156 1461 2212 de
1481 2157 1547 2214 loco
1570 2157 1627 2214 istc
1645 2157 1829 2229 jamdudum

108 2247 188 2320 stylo
202 2245 337 2304 titulante
353 2246 568 2319 exprimamus.
586 2247 705 2304 Certum
720 2245 800 2301 enim
816 2249 942 2318 constat,
997 2246 1132 2319 concepi,
1147 2245 1186 2302 ad
1205 2245 1345 2302 ellectum
1366 2244 1451 2302 nullo
1472 2250 1561 2319 pacto
1584 2245 1748 2320 perducere
1762 2261 1831 2319 pos·

107 2336 182 2410 quia
201 2334 297 2392 isdem
318 2334 372 2405 vir,
396 2349 574 2407 quanquam
600 2333 744 2407 parcitate
765 2333 942 2406 frugalitatis
997 2351 1075 2391 sum.
1091 2338 1166 2392 Nam
1179 2334 1244 2392 baec
1258 2335 1377 2408 requies
1392 2349 1470 2404 mea,
1487 2335 1535 2392 bic
1549 2335 1702 2392 habitabo.
1719 2333 1747 2390 si
1762 2333 1829 2408 qui-

108 2423 296 2498 corporalem
307 2423 473 2498 appetitum
492 2422 652 2492 domuerit,
672 2421 768 2494 viguit
786 2426 887 2480 tamur
900 2423 943 2479 vi·
996 2422 1067 2480 dem
1081 2428 1187 2480 caetera
1201 2440 1270 2498 quea
1284 2424 1506 2480 monachorum
1521 2423 1627 2480 usibus
1638 2427 1710 2497 apta
1723 2423 1828 2480 viden-

106 2516 201 2573 ribus.
217 2517 275 2571 Nec
289 2513 439 2586 impotens
453 2511 562 2568 robore
576 2511 671 2569 caruit
695 2512 725 2569 vi
748 2511 939 2570 fortitudinis.
998 2517 1054 2583 tur,
1074 2511 1191 2569 favente
1207 2515 1278 2582 Deo,
1292 2511 1378 2569 facilc
1393 2513 1579 2586 praeparavi;
1609 2512 1665 2569 soli
1687 2511 1829 2569 monachi

109 2604 169 2662 Sed
182 2619 252 2660 cum
263 2603 328 2674 jam
343 2601 519 2672 contiguum
534 2604 623 2670 esset,
639 2605 672 2658 ut
685 2616 704 2658 a
718 2601 867 2675 completa
887 2601 941 2658 mi·
996 2601 1114 2670 desunt,
1130 2599 1186 2658 soli
1197 2600 1325 2658 inveniri
1338 2617 1401 2658 non
1413 2606 1553 2674 possunt.
1569 2604 1602 2658 ut
1615 2601 1727 2658 idcirco
1739 2600 1829 2657 veluti

107 2691 183 2761 litia,
199 2694 301 2764 utpote
314 2703 458 2759 annosus,
471 2687 561 2745 eximi
575 2687 745 2757 deberetur,
760 2689 851 2763 coepit
864 2705 883 2746 a
896 2706 942 2747 so-
996 2689 1079 2746 solus
1094 2694 1124 2746 et
1137 2689 1272 2758 orbatus,
1288 2705 1417 2747 moerore
1432 2689 1575 2747 conficior
1589 2709 1596 2758 ;
1625 2705 1713 2764 spero
1727 2695 1829 2747 tomen

105 2782 161 2838 lito
188 2780 290 2851 vigore
319 2782 491 2836 attenuatus
520 2777 608 2834 elabi.
632 2778 744 2834 Verum
764 2794 820 2836 nec
838 2781 941 2853 ipsum
995 2778 1079 2852 quod
1093 2780 1286 2852 omnipotens
1300 2781 1387 2848 Deus,
1404 2779 1528 2852 quando
1541 2779 1568 2837 ei
1577 2779 1732 2853 placuerit,
1747 2779 1827 2835 desi-

105 2868 205 2938 latuit,
220 2867 294 2941 quin
313 2866 414 2941 potius
433 2865 569 2939 ipserum
587 2865 697 2922 virium
719 2866 875 2923 evacuatio
900 2867 941 2924 ad
995 2866 1113 2924 derium
1127 2882 1230 2923 mcum
1254 2867 1379 2940 implere
1403 2867 1551 2938 dignetur.
1578 2871 1635 2924 Nec
1654 2867 1776 2936 mirum,
1803 2866 1829 2923 si

105 2958 282 3016 defectionis
311 2959 376 3031 eJ'us
399 2956 550 3029 judicium
577 2956 770 3030 panderetur.
805 2959 940 3031 Cumque
995 2971 1051 3026 ego
1074 2959 1215 3030 peccator
1239 2955 1270 3012 in
1294 2956 1353 3013 hoc
1374 2973 1443 3012 meu
1471 2955 1620 3012 desiderio
1646 2956 1827 3030 prolongor;

105 3053 270 3124 presentes
294 3047 454 3123 plerosque
477 3049 619 3114 cerneret,
643 3046 694 3120 qui
720 3046 747 3103 ei
769 3045 940 3118 diligentius
994 3043 1310 3119 qnandoquidcmrcx
1325 3044 1417 3102 David
1438 3044 1606 3118 prohibitus
1628 3049 1673 3101 est
1695 3060 1733 3101 ne
1757 3048 1829 3100 tem-

106 3139 261 3197 adherere
276 3139 505 3202 consueverant,
527 3135 615 3210 quasi
630 3135 818 3208 profundiori
832 3140 861 3192 et
874 3135 941 3193 inti·
993 3134 1080 3208 plum
1105 3133 1232 3190 Domino
1260 3132 1430 3201 aedificaret,
1460 3149 1530 3190 curn
1552 3137 1652 3190 tamen
1668 3123 1829 3207 ipse'dedit

106 3243 161 3285 mo
176 3225 308 3298 singultu
319 3242 355 3283 ac
370 3224 514 3282 defectivo
538 3223 631 3281 affatu
652 3240 775 3280 exorsus
797 3229 842 3281 est
861 3205 976 3282 com·C
994 3223 1046 3297 qui
1058 3239 1136 3298 opus
1148 3222 1222 3278 illud
1236 3226 1306 3296 post
1318 3237 1389 3279 eum
1403 3221 1544 3296 expleret.
1569 3225 1601 3280 Et
1616 3237 1672 3293 ego
1687 3221 1755 3278 licet
1769 3221 1827 3276 hoc

106 3316 230 3391 pellere.
244 3316 306 3384 Eia,
317 3314 493 3385 clientuli‚ct
507 3313 630 3370 comites
641 3313 828 3378 amabillimi,
839 3329 940 3371 nonna
994 3313 1025 3370 in
1040 3313 1098 3370 hac
1110 3313 1171 3369 vita
1183 3327 1245 3369 uon
1259 3312 1391 3382 videam,
1414 3312 1569 3386 praestabit
1593 3317 1695 3370 tamen
1720 3309 1826 3369 Christi

106 3404 409 3479 aspicitisapristinc
421 3418 470 3460 mc
480 3401 654 3459 destitutum
663 3402 941 3460 roboretrtnimad-
994 3400 1199 3458 misericordia
1219 3400 1302 3476 quod
1324 3405 1444 3476 exopto,
1469 3401 1593 3475 quando
1617 3402 1644 3458 ei
1672 3401 1826 3475 placuerit.

105 3495 209 3553 vertite
235 3495 410 3552 viciniorem
434 3509 500 3550 esse
514 3492 710 3567 depositionis
726 3509 801 3550 meae
816 3497 940 3566 sortem,
994 3491 1087 3549 Velim
1100 3507 1172 3548 sane
1185 3491 1327 3561 noscatis,
1342 3491 1415 3564 quia
1434 3493 1573 3548 maceriae
1600 3492 1692 3564 hujus
1716 3491 1827 3548 domus

107 3601 171 3660 quc
183 3583 312 3658 spiritus,
329 3583 456 3640 ducente
472 3599 527 3639 suo
539 3586 672 3655 auctore,
691 3582 886 3640 transferatur
900 3581 940 3640 ad
994 3579 1164 3655 frequenter
1187 3585 1322 3653 angustia
1351 3585 1438 3638 erunt
1465 3581 1597 3654 populis,
1625 3581 1676 3656 qui
1700 3581 1828 3638 adeam

106 3673 293 3730 destinatum
303 3669 498 3728 habitationis
512 3671 746 3744 receptaculum,
760 3675 870 3728 natura
885 3670 942 3728 tra·
994 3671 1171 3728 conventuri
1186 3675 1264 3728 sunt.
1282 3670 1413 3738 Qualiter
1426 3675 1527 3728 autem
1540 3673 1598 3728 boc
1612 3671 1757 3738 didicerit,
1774 3669 1828 3726 mi-

106 3761 387 3835 gillimaredigatur
400 3760 432 3816 in
446 3759 612 3833 pulverem.
626 3759 941 3816 ttonillumcruciatus
995 3761 1076 3818 nime
1098 3759 1251 3817 indicavit.
1284 3761 1333 3816 itis
1357 3765 1458 3816 autem
1482 3759 1702 3833 quihocillum
1716 3759 1827 3816 dixisse

105 3851 242 3922 langoris
258 3849 297 3907 ab
310 3849 492 3906 abstinentia
510 3848 597 3906 solita
620 3848 750 3906 arcebat.
781 3848 851 3906 ltira
873 3863 940 3905 res:
995 3853 1115 3916 norunt,
1146 3864 1216 3904 cum
1241 3847 1441 3921 frequentiam
1467 3848 1662 3921 populorum,
1685 3848 1761 3904 sicut
1779 3847 1827 3904 illc

106 3956 173 4000 non
197 3940 248 3998 illa
272 3939 389 4006 saltem,
411 3953 480 4012 quaa
499 3943 655 3998 veteranos
676 3936 854 4012 compellere
869 3937 943 3994 solet
995 3936 1143 4011 praedixit,
1155 3935 1186 3991 in
1199 3927 1397 3991 eodem'loco
1412 3934 1477 3990 tieri
1497 3934 1609 4000 vident,
1633 3935 1697 3990 hac
1725 3934 1827 4006 opinio

106 4027 309 4100 imbecillitas,
319 4033 426 4104 praeter
442 4030 621 4084 consuetum
643 4043 769 4096 morem,
785 4025 943 4083 adhaesum
997 4024 1122 4082 suborta
1134 4027 1188 4092 est,
1202 4023 1284 4096 quod
1301 4038 1336 4078 aa
1351 4038 1419 4096 quae
1432 4021 1515 4090 dixit,
1532 4021 1674 4078 divinitus
1687 4021 1826 4092 agnovis-

107 4120 248 4180 auimum
261 4118 338 4175 illius
350 4116 534 4192 persuadere
547 4119 674 4190 poterat.
699 4115 844 4172 Nimirum
870 4115 942 4189 quia
996 4117 1049 4171 set.
1065 4115 1131 4169 tam
1145 4127 1216 4168 vcro
1230 4127 1265 4168 os
1279 4111 1344 4182 ejus
1360 4110 1401 4166 sic
1414 4127 1451 4167 ex
1464 4109 1653 4167 abundantia
1667 4108 1764 4166 cordis
1784 4125 1828 4166 re·

106 4207 352 4268 leuitcscarnalis
360 4206 534 4281 nequiverat
543 4197 676 4262 emollire
684 4205 814 4276 rigorem
822 4204 942 4261 mentis.
996 4201 1145 4277 piabatur,
1160 4199 1252 4258 utlex
1267 4199 1614 4274 Dominisemperplene
1636 4199 1667 4256 in
1688 4215 1723 4256 ec
1748 4213 1828 4256 reso-

108 4301 186 4358 Cum
201 4313 273 4369 ergo
285 4298 331 4354 bis
343 4300 373 4354 et
383 4295 560 4369 hujusmodi
575 4294 733 4352 virtutibus
748 4297 851 4352 anima
867 4293 944 4366 sagi·
997 4295 1092 4349 naret.
1108 4293 1264 4355 caurum,
1278 4291 1365 4362 juxta
1385 4289 1555 4362 exemplum
1579 4289 1694 4363 praetati
1721 4287 1826 4358 David,

108 4391 244 4452 naretur‚
257 4385 391 4459 corporis
405 4384 573 4442 efficaciam
595 4382 761 4440 amittebat.
790 4382 847 4441 Sed
870 4382 943 4456 quia
997 4396 1187 4455 quecunque
1201 4379 1372 4437 necessaria
1384 4377 1491 4436 tuturis
1508 4377 1728 4435 habitatoribus
1752 4394 1827 4452 prae·

109 4491 143 4533 se
157 4475 189 4531 in
208 4474 271 4531 suis
292 4473 388 4530 oculis
408 4472 576 4546 despiciens
601 4471 759 4530 virtutibus
787 4471 942 4528 bominem
996 4469 1128 4536 videbat,
1144 4469 1402 4544 etiupiguoribus
1426 4473 1609 4538 sanctorum,
1631 4473 1660 4525 et
1682 4468 1713 4524 in
1737 4469 1828 4525 eccle-

107 4563 266 4622 nesciebat
282 4581 289 4620 ι
305 4579 367 4619 non
389 4563 460 4619 satis
475 4560 658 4632 intelligebat
670 4561 750 4618 unde
765 4560 821 4617 sibi
836 4560 941 4618 debili·
958 4556 978 4610 ὓ
999 4559 1126 4616 siasticis
1149 4559 1326 4616 utensilibus
1347 4562 1376 4615 et
1390 4558 1584 4628 indumentis,
1611 4575 1664 4614 seu
1692 4561 1769 4614 certe
1795 4556 1827 4611 in

108 4660 158 4712 tas
170 4652 280 4709 vidum
295 4651 470 4725 irrepsisset.
496 4652 563 4706 tam
587 4665 658 4706 vero
681 4649 820 4722 spiritatis
838 4649 941 4719 virtus,
998 4665 1140 4720 agrorum
1155 4648 1321 4706 redditibus
1335 4663 1507 4720 praeparare
1524 4646 1648 4703 curavit.

107 4758 180 4818 quae
209 4741 335 4816 pleniter
356 4741 387 4797 in
412 4755 448 4797 eo
473 4743 671 4811 succreverat,
686 4754 845 4812 corporeas
865 4739 943 4796 vires
1033 4739 1066 4794 lt.
1088 4740 1125 4794 At
1138 4753 1218 4804 vero,
1231 4737 1308 4793 sicut
1321 4735 1471 4808 Scriptura
1485 4735 1566 4802 dicit,
1584 4737 1617 4790 ut
1630 4734 1682 4807 qui
1706 4737 1827 4790 sanctus

108 4845 189 4905 pene
202 4829 410 4887 trucidaverat.
420 4827 614 4901 Quippecum
625 4826 679 4883 iste
694 4842 760 4884 mos
770 4830 943 4884 sanctorum
997 4829 1051 4894 est,
1068 4825 1269 4882 sanctificetur
1283 4823 1393 4890 adbuc,
1417 4823 1576 4897 oportebat
1598 4823 1678 4880 hunc
1703 4823 1754 4880 Dei
1775 4824 1828 4882 ho-

110 4919 161 4988 sit,
175 4919 247 4992 quie
264 4917 357 4974 virtus
371 4915 472 4972 divina
487 4913 587 4972 minus
600 4915 632 4971 in
647 4915 690 4971 eis
709 4915 809 4972 valida
828 4914 942 4986 luisset,
997 4915 1111 4972 minem
1125 4920 1193 4972 ante
1217 4913 1333 4972 obitum
1352 4929 1406 4986 per
1419 4913 1573 4984 flagellum
1586 4913 1735 4987 exspoliri.
1752 4915 1787 4970 Et
1801 4913 1828 4971 ei

111 5008 138 5064 si
152 5021 331 5079 corporeum
344 5005 437 5062 robur
448 5019 510 5062 non
526 5007 718 5061 attenuasset.
744 5004 816 5060 ttioc
842 5001 944 5062 Daniel
997 5007 1074 5063 sicut
1086 5006 1175 5063 beato
1187 5005 1243 5062 tob
1258 5003 1391 5075 contigit,
1408 5007 1437 5060 et
1451 5003 1558 5073 Tobiae,
1579 5003 1725 5078 quoniam
1746 5021 1828 5060 acce-

111 5095 250 5167 angelica
262 5095 409 5152 divisione
416 5099 589 5167 conspecta,
601 5109 655 5166 per
667 5093 731 5150 dies
742 5093 852 5151 multos
865 5094 944 5150 elan·
996 5101 1067 5171 ptus
1079 5099 1142 5153 erat
1157 5094 1316 5151 tentatione
1331 5093 1463 5167 probari.
1480 5093 1582 5168 ltaque
1593 5111 1647 5168 per
1661 5097 1787 5166 septem,
1799 5097 1829 5149 at

112 5185 188 5256 guil.
205 5185 277 5241 Hinc
301 5183 396 5241 Jacob
417 5182 559 5254 angelum
586 5181 745 5252 stringens,
774 5182 944 5240 claudicare
997 5184 1295 5258 eoampliusannos,
1310 5184 1414 5240 lumen
1429 5183 1586 5240 oculorum
1608 5181 1718 5239 amisit.
1747 5183 1827 5246 Quos

112 5272 215 5347 coepit.
230 5273 380 5340 Quoniam
393 5271 446 5345 qui
461 5271 585 5344 spiritali
607 5271 702 5342 gratia
723 5271 899 5344 completur,
926 5287 944 5328 a
997 5279 1100 5332 tamen
1113 5273 1155 5330 ita
1169 5273 1357 5348 perspicaces
1370 5271 1512 5340 habebat,
1529 5275 1561 5328 ut
1585 5269 1658 5326 nihil
1682 5267 1828 5325 caecicatis

113 5377 260 5436 corporea
273 5360 381 5418 virtute
395 5363 562 5418 enervatur.
586 5363 687 5434 ltaque
711 5359 838 5416 exterior
850 5359 944 5416 bomo
997 5363 1061 5438 pati
1072 5361 1250 5420 crederetur.
1265 5363 1330 5428 Qua
1342 5360 1536 5434 percussione
1552 5372 1614 5413 nou
1639 5355 1739 5412 solum
1764 5371 1827 5414 non

113 5439 377 5523 corrumpebatur,
388 5465 459 5508 cum
472 5448 594 5506 interior
607 5449 645 5506 de
654 5449 703 5506 die
720 5449 752 5506 iu
764 5447 846 5505 diem
858 5463 945 5506 reno·
998 5453 1103 5522 doluit,
1112 5452 1166 5510 sed
1175 5452 1264 5510 etiam
1276 5450 1442 5526 plurimum
1454 5451 1498 5505 est
1511 5445 1632 5516 gavisus
1642 5445 1674 5502 in
1686 5445 1826 5518 Domino,

112 5543 247 5598 veretur.
998 5542 1083 5616 quod
1096 5558 1166 5600 eum
1180 5541 1330 5612 flagellare
1345 5539 1486 5609 dignatus
1501 5535 1547 5592 sit.
1570 5535 1686 5610 Quippe
1700 5551 1762 5592 uon
1776 5551 1828 5591 ne·

152 5635 174 5689 l.
195 5629 334 5699 Quadam
347 5632 449 5690 autem
461 5627 510 5687 die
522 5627 946 5705 cuminoppidoesset,quod
1000 5629 1091 5704 scius,
1118 5629 1191 5704 quia
1213 5645 1275 5687 non
1298 5626 1398 5686 omnis
1414 5623 1466 5698 qui
1487 5623 1654 5697 flagellatur
1674 5623 1754 5681 filius
1778 5623 1825 5695 sit,
