4120 6154
238 173 292 231 las
761 185 789 242 S.
810 186 940 244 ODONlS
965 187 1113 265 inserts
1138 193 1388 260 cavellicensis
1407 203 1429 259 ll
1898 217 1951 272 sis

240 300 416 365 conteretur,
428 299 553 370 quando
568 303 732 374 praedicata
746 307 815 365 tidei
831 308 926 380 gratia
940 311 1071 384 superba
1085 317 1109 371 A
1124 317 1303 381 ohscursum
1318 325 1455 400 vittisque
1468 329 1661 388 tenebrosum
1681 332 1856 392 visitationis
1868 334 1951 395 timo·

238 383 313 454 legis
329 385 464 450 operatio
479 389 672 464 reprobatur,
683 410 752 450 cum
767 396 875 454 dicitur
892 415 898 454 ε
916 421 930 448 «
945 402 985 454 Ex
1000 415 1070 472 ope·
1123 423 1180 465 rer
1199 412 1337 486 primore,
1353 421 1382 474 et
1396 417 1432 475 ad
1449 418 1616 478 lamentum
1631 425 1871 496 compunctionis
1881 442 1948 500 pre

238 472 322 528 ribus
336 472 411 543 legis
422 489 483 531 non
492 477 705 548 justificabitur
715 486 814 541 omnis
828 502 898 544 caro
914 488 1008 559 (Rom.
1027 505 1068 559 ιιι,
1123 513 1240 560 vocare.
1256 505 1295 560 lta
1310 505 1357 561 his
1373 507 1527 576 gressibus
1541 510 1687 584 Propheta
1702 513 1765 570 ait:
1783 536 1798 564 «
1812 515 1870 572 vtsi
1882 523 1950 575 sunt

237 562 292 633 20).
307 561 443 618 latites:
474 565 549 631 Quid
579 583 712 642 namque
735 575 886 630 excelsum
910 575 1069 634 brachium
1122 585 1275 659 ingressus
1286 593 1338 663 ιιιι,
1352 596 1438 664 Deus,
1456 597 1611 669 ingressus
1627 599 1678 656 Dei
1691 601 1749 658 mei
1762 602 1857 676 (Psoi.
1868 621 1947 676 ιιιιι,

238 648 393 720 accipitur,
405 651 463 708 nisi
476 655 607 727 superba
621 660 792 718 antichristi
807 663 951 720 celsitudo
965 665 979 721 ι
1000 681 1068 739 quae

238 753 330 810 super
339 740 484 811 reprobas
499 748 615 801 mentes
629 747 798 820 hominum,
813 751 892 809 fastu
908 752 1069 823 gloriasse-

238 826 348 882 cularis
363 828 495 899 erigitur,
512 831 553 888 ita
577 839 608 890 ut
635 839 729 894 Deum
755 857 785 896 se
814 857 904 914 super
931 843 1068 900 homines

237 915 410 972 mentiatur.
426 919 508 975 Unde
523 923 631 979 Paulus
648 929 800 998 apostolus
822 930 914 986 dicit:
945 954 958 980 α
972 936 1013 988 lta
1036 937 1069 990 ut

238 1003 270 1059 ιιι
284 1006 397 1078 templo
411 1007 460 1063 llei
477 1010 589 1079 sedeat,
614 1017 774 1073 ostendens
807 1035 838 1075 se
858 1024 1006 1093 tanquam
1031 1022 1068 1080 sit

240 1095 317 1149 Deris
332 1094 380 1164 (II
406 1095 504 1154 Thess.
518 1115 548 1166 ιι,
575 1103 632 1173 it.»
660 1106 784 1171 «Quem
815 1109 959 1165 Dominus
982 1113 1067 1168 lesus

239 1181 382 1253 ChristuS,
396 1206 410 1233 ι
426 1185 501 1242 ειειιι
515 1187 595 1245 ιιιειιι
616 1191 658 1247 aii
681 1196 852 1268 Apostolus,
883 1220 897 1247 α
915 1199 1068 1257 Ιιιιειιιειει

238 1267 343 1339 εριιιιιι
359 1271 419 1328 οιιε
435 1274 492 1346 ειιι,
506 1281 534 1332 ει
546 1278 677 1338 destruet
703 1284 897 1344 illustratione
919 1289 1067 1347 adventus

238 1355 285 1410 sui
299 1357 400 1427 (ibid,
416 1363 473 1434 8).›>
489 1367 646 1425 Excelsnm
671 1372 783 1446 quippe
808 1373 968 1432 brachium
998 1381 1067 1434 tune

238 1445 443 1521 confringitur,
458 1453 530 1524 quia
552 1456 696 1515 celsitudo
725 1461 823 1518 cordis
851 1464 927 1521 ultra
953 1471 1067 1524 naturae

238 1532 374 1592 ordinem
396 1539 541 1598 violenter
566 1551 684 1618 arrepta
712 1550 820 1608 divina
841 1553 961 1623 justitiae
975 1557 1067 1614 modo

1123 679 1179 744 25).
1196 701 1210 728 ι
1228 681 1382 754 Sequitur:

1159 769 1244 824 Vens.
1261 770 1302 826 lt.
1318 773 1465 848 Nunqoid
1478 783 1591 847 aperta
1605 779 1660 837 tibi
1672 789 1743 838 sant
1753 783 1852 852 portoe
1870 801 1949 843 mor·

1123 854 1160 910 tis
1175 861 1202 912 et
1216 861 1291 916 ostio
1304 864 1458 922 tenebrosa
1473 863 1577 923 uidisti
1588 871 1603 924 t
1615 869 1752 926 -Portae
1773 869 1854 930 enirn
1870 889 1949 932 mor-

1122 941 1170 1014 tis,
1182 949 1342 1016 potestates
1354 956 1423 1009 sunt
1434 953 1577 1024 adversae,
1593 967 1670 1030 quas
1685 958 1871 1019 descendens
1896 966 1948 1021 lto·

1122 1032 1221 1090 minus
1233 1039 1358 1110 apernit,
1375 1042 1447 1114 quia
1458 1059 1562 1101 aarum
1577 1043 1782 1106 fortitudinem
1792 1052 1948 1110 moriendo

1122 1126 1283 1195 superavit,
1299 1143 1366 1202 quae
1375 1132 1575 1205 appellatione
1587 1152 1709 1210 quoque
1720 1137 1779 1197 alia
1791 1141 1949 1202 tenebrosa

1122 1212 1199 1269 ostia
1214 1222 1368 1291 vocantur,
1383 1221 1456 1295 quia
1476 1221 1550 1280 dum
1575 1241 1630 1298 per
1651 1227 1859 1286 occultationis
1886 1249 1948 1290 sua
2049 1229 2050 1236 '

1121 1299 1243 1360 insidias
1254 1321 1316 1363 non
1327 1309 1475 1381 videntur,
1482 1313 1614 1388 deceptis
1622 1317 1773 1374 mentibus
1783 1319 1861 1377 dam
1870 1336 1949 1380 mor·

1121 1389 1158 1444 tis
1174 1394 1300 1464 apernit.
1317 1398 1387 1463 Qua
1402 1400 1561 1458 tenebrosa
1580 1403 1657 1460 ostia
1684 1406 1830 1464 Dominus
1855 1401 1948 1474 videt..

1121 1478 1192 1550 quia
1207 1479 1434 1544 immundorum
1447 1488 1604 1561 spirituum
1619 1491 1840 1554 fraudulentam
1865 1499 1948 1556 mali·
2049 1535 2050 1556 t

1121 1565 1194 1622 tinm
1206 1573 1235 1625 et
1244 1573 1364 1646 respicit
1376 1580 1405 1633 et
1416 1578 1533 1650 premit,
1549 1596 1618 1653 quae
1631 1582 1790 1642 tenebrosa
1802 1587 1879 1643 ostia
1891 1604 1947 1646 nos

231 1621 413 1696 dissipatur,
427 1632 460 1684 ut
473 1645 566 1702 quarn
582 1649 614 1689 se
629 1650 769 1708 perverse
784 1641 814 1696 in
828 1641 910 1699 brevi
924 1651 1065 1716 erexerat,
1084 1666 1106 1724 Β
1123 1655 1212 1714 etiam
1226 1661 1386 1732 cernimus,
1401 1667 1525 1740 quando
1539 1686 1675 1743 superam
1688 1672 1763 1730 lucis
1784 1675 1841 1749 (62)
1862 1677 1945 1734 illus·

237 1723 291 1780 per
303 1712 424 1781 pondus
435 1716 540 1785 judicii
561 1720 591 1776 in
616 1727 760 1784 aeternum
783 1728 875 1787 [rasta
893 1739 1064 1803 cognoscat.

239 1799 397 1870 Sequitur:

273 1887 356 1942 Vens.
377 1892 419 1946 te.
434 1892 581 1967 Nunquid
595 1903 746 1972 ingressus
761 1923 790 1964 es
801 1909 991 1980 profundum
1003 1929 1066 1972 mc·

237 1973 356 2029 rist-
382 1983 423 2034 Ac
452 1981 476 2037 si
501 1983 590 2057 dicat,
613 1995 723 2062 utego.
741 1995 862 2053 sienim
877 2013 1067 2060 meramors

236 2061 331 2120 divini
346 2066 456 2140 eloquii
469 2074 612 2133 secutum
627 2079 717 2138 debet
729 2083 861 2156 intelligi,
875 2087 917 2144 nil
928 2091 1067 2163 prohibet

235 2151 387 2223 profunda
400 2159 492 2216 maris
503 2161 610 2222 inferni
624 2167 753 2230 claustra
769 2176 886 2234 sentire.
903 2179 989 2244 Qtrod
999 2197 1067 2255 pro·

235 2237 365 2298 fundum
380 2247 473 2303 maris
488 2251 634 2312 Dominus
649 2259 741 2331 petiit,
758 2278 826 2320 cum
841 2265 949 2323 inferni
963 2269 1065 2326 novis·

235 2326 312 2384 sitne
326 2329 488 2393 electorum
501 2356 628 2400 suornm
641 2350 760 2406 animas
787 2359 943 2426 erepturus
971 2357 1063 2414 intra-

780 2440 785 2450 '
822 2457 853 2496 r:
874 2444 1023 2502 arosutsti
1033 2448 1064 2503 ιιι

816 2535 847 2584 nt
858 2530 973 2588 liberati
994 2535 1062 2606 (iso.

234 2607 265 2660 v,
284 2593 355 2664 tot.»
371 2597 551 2660 ltlonmrren.
568 2608 646 2664 ltere
660 2611 774 2686 quippe
789 2620 835 2672 est
847 2635 933 2676 mens
956 2623 1063 2681 huma-

234 2693 275 2736 na
295 2683 381 2752 cujus
396 2687 549 2757 profunda
563 2696 640 2750 Deus
656 2698 831 2776 ingreditur,
846 2709 970 2780 quando
985 2712 1063 2784 prio·

230 3121 336 3190 miliat,
348 3127 396 3182 sel
408 3132 533 3201 quando
548 3136 667 3198 visitare
681 3149 797 3202 mentis
820 3151 910 3208 etiam
940 3169 1060 3228 pressas

231 3210 393 3270 sceleribus
405 3233 468 3275 non
478 3221 669 3296 dedignatur.
687 3233 825 3306 Sequitur
842 3257 848 3295 :
866 3242 904 3300 Et
918 3245 950 3300 in
965 3249 1060 3304 novis-

230 3299 312 3355 simis
326 3301 428 3372 abyssi
440 3307 641 3372 deambulasti
653 3318 666 3372 ‘t
677 3350 712 3360 -
725 3324 812 3387 Quod
827 3344 920 3402 snpra
934 3334 1059 3406 prolun-

229 3383 304 3441 dum
319 3390 411 3446 maris
417 3392 542 3469 dixerat,
551 3400 608 3458 hoe
620 3404 684 3462 aliis
694 3410 792 3468 verbis
802 3417 961 3492 replicans,
973 3424 1059 3494 odys·

229 3476 257 3530 si
267 3478 459 3540 ocissimum
474 3493 569 3559 vocat,
581 3493 653 3564 quia
667 3496 743 3556 sicut
763 3517 844 3576 aqua
854 3523 913 3564 um
928 3511 1059 3584 abyssus

228 3563 313 3620 nulla
331 3572 435 3626 nostra
450 3572 565 3632 visione
587 3587 862 3666 comprehenditur,
877 3596 917 3654 ita
941 3601 1059 3660 occulta

227 3649 314 3708 inferi
327 3655 410 3713 nullo
425 3675 443 3715 a
459 3663 547 3720 nohis
557 3669 744 3738 cogitationis
754 3692 1056 3761 sensnpenetrantur,

227 3739 423 3803 deambulare
438 3751 551 3826 quippe
565 3773 628 3816 non
651 3769 812 3838 constricti,
828 3775 881 3831 sed
906 3775 990 3836 liberi
1002 3787 1055 3838 est.

227 3829 304 3895 Quia
330 3831 420 3903 igitur
436 3840 579 3900 eominus
593 3849 676 3908 nulia
698 3860 813 3928 peccati
827 3866 1057 3942 vinnulapertu·

225 3917 268 3989 lit,
282 3918 312 3976 in
325 3919 476 3984 infernum
490 3929 704 4016 deambulavit,
717 3945 793 4004 liher
820 3953 933 4030 quippe
955 3957 995 4014 ad
1020 3959 1055 4017 li-

226 4011 312 4077 gatos
327 4013 415 4071 venit.
432 4017 513 4077 Unde
525 4025 744 4100 scriptumest:
759 4059 772 4088 s
786 4042 891 4100 Factus
901 4062 969 4106 snm
991 4048 1055 4108 sina

224 4096 374 4169 adjutorio
398 4103 475 4164 inter
495 4119 629 4176 mortuos
642 4120 718 4181 ldier
733 4128 827 4196 (Psoi.
853 4150 980 4210 cxxxvii,
997 4141 1053 4214 5)·’'

224 4183 299 4242 Hinc
313 4191 416 4248 Petrus
429 4196 470 4254 ait
487 4217 520 4255 :s
533 4203 641 4266 solutis
656 4211 763 4272 interni
786 4218 950 4296 dotormus,
968 4229 1054 4302 Juxta

222 4274 502 4352 quodimpossibile
525 4299 588 4350 erat
602 4300 693 4358 teneri
713 4303 798 4363 illum
813 4309 853 4367 ah
871 4329 907 4370 eo
934 4316 1009 4388 (Act.
1021 4337 1051 4393 ιι,

222 4362 361 4434 24).»Vel
380 4375 459 4429 carte
484 4380 556 4449 quia
585 4383 812 4453 deambulando
839 4415 895 4459 nos
920 4421 989 4464 cum
1013 4378 1089 4468 deD

221 4447 289 4505 loco
302 4453 342 4508 ad
352 4453 454 4516 locum
469 4463 617 4540 ducimur,
634 4475 681 4534 hic
694 4478 813 4556 illioque
828 4499 990 4562 presentes
1005 4499 1050 4556 in-

221 4537 370 4600 venimur.
384 4548 564 4614 ambulasse
579 4559 610 4617 in
624 4563 741 4626 interno
760 4574 904 4636 Dominus
917 4609 919 4612 ·
932 4584 1047 4659 dicitur,

220 4632 253 4684 ut
266 4627 365 4690 slechs
381 4639 541 4702 animabus
560 4648 591 4707 ιιι
604 4651 679 4712 loeis
693 4657 817 4734 singulis
831 4683 885 4741 per
911 4673 1048 4736 divinita·

219 4716 256 4773 ιιε
270 4725 435 4793 potentiam
449 4747 584 4804 proesens
595 4741 688 4804 fuisse
711 4760 907 4818 monstratur.
928 4765 1049 4826 nonin-

218 4821 280 4864 rea.
296 4813 373 4877 Quid
387 4821 467 4880 enim
483 4831 529 4884 est
543 4831 672 4906 abyssus
697 4842 755 4900 nisi
776 4861 862 4906 mens
882 4851 1046 4918 humanat

218 4895 303 4996 oue,
314 4899 389 4960 dum
404 4916 599 4990 semetipsam
615 4932 869 5003 comprehendere
881 4959 942 5003 non
956 4949 1044 5023 velet,

216 4997 281 5040 sese
295 5003 327 5044 ιιι
338 5006 428 5052 omne
439 5004 523 5072 quod
535 5013 578 5065 est
589 5012 670 5074 velut
680 5018 812 5082 obscura
825 5029 1042 5104 abyssnslatet.

215 5069 301 5132 Unde
315 5077 392 5137 bene
412 5101 467 5158 per
481 5097 660 5168 prophetam
674 5107 800 5170 dicitur:
825 5141 838 5167 «
855 5123 939 5182 Dedit
952 5127 1044 5202 abys-

214 5176 266 5218 sus
280 5182 385 5227 vocem
401 5189 487 5234 snam
502 5181 626 5251 (Hebae.
642 5208 681 5263 ιιι,
700 5202 754 5268 ιθ).
773 5225 787 5252 ι
803 5211 968 5273 nouissimis
996 5233 1042 5275 er-

213 5264 252 5321 go
262 5255 365 5328 abyssi
379 5263 438 5322 Deo
449 5267 645 5336 deambulare
655 5289 708 5353 est,
725 5291 814 5350 etiam
841 5303 1041 5374 nequissimo·

211 5353 281 5398 rum
304 5347 464 5456 hominum
491 5363 584 5460 corda
608 5381 789 5451 convertere,
812 5390 840 5442 et
866 5389 1040 5466 desperatas

619 5463 749 5536 vestigiis
777 5476 928 5547 tangendo
947 5484 1039 5543 mira·

211 5513 308 5578 bihter
321 5527 494 5606 reformare,
510 5546 600 5618 atque
614 5555 684 5621 post
698 5554 848 5621 immensa
863 5569 974 5630 seelera
987 5590 1039 5633 cor

245 5607 301 5682 (62)
314 5615 558 5694 nesideraturtn'e
568 5635 773 5708 substantivus
784 5651 956 5718 inahlativo
966 5665 1053 5737 cuius
1065 5685 1116 5726 mo

1123 1749 1246 1804 tramur.
1264 1752 1346 1808 Unde
1361 1758 1391 1811 et
1404 1771 1458 1830 per
1468 1758 1645 1831 Prophetam
1662 1761 1769 1820 dicitur
1790 1781 1797 1822 ε
1818 1787 1833 1816 a
1852 1768 1947 1824 Dom'e

1122 1850 1179 1891 nus
1190 1838 1262 1895 mihi
1278 1841 1398 1913 adjutor
1414 1849 1467 1914 cst,
1481 1852 1509 1904 et
1523 1863 1580 1920 ego
1594 1849 1702 1908 ridebo
1711 1849 1848 1912 inimicos
1862 1873 1947 1915 meos

1122 1923 1214 1996 (Psoi.
1236 1939 1323 1999 cxvtr,
1340 1929 1396 2001 7).»
1413 1934 1517 1992 Hostes
1533 1933 1622 2008 igitur
1635 1945 1753 1997 nostros
1767 1942 1830 2017 ipse
1854 1946 1944 2016 videt,

1120 2013 1191 2086 quia
1213 2031 1283 2073 suos
1307 2034 1360 2076 eos
1385 2037 1509 2080 munere
1531 2024 1619 2082 nohis
1644 2027 1773 2086 risibiles
1794 2030 1873 2090 iacit.
1900 2034 1946 2090 Vel

1121 2107 1197 2159 serie
1213 2107 1367 2167 tenebrosa
1381 2113 1456 2168 ostio
1468 2113 1610 2171 hominiis
1625 2116 1711 2186 ridet,
1729 2135 1798 2176 cum
1817 2121 1945 2182 claustra

1119 2189 1225 2249 interni
1247 2202 1417 2270 penetrans,
1445 2202 1580 2260 crudeles
1608 2205 1728 2278 spiritus
1756 2211 1892 2283 perculit,
1919 2217 1945 2270 ct

1118 2281 1222 2336 mortis
1235 2286 1410 2358 praepositos
1425 2289 1581 2348 moriendo
1596 2290 1761 2353 damnasti.
1773 2289 1942 2358 ιιοιιιιιτιιιι.

1118 2369 1210 2425 Portae
1233 2368 1312 2428 enim
1335 2377 1438 2433 mortis
1461 2383 1530 2436 suut
1555 2382 1759 2458 cogitationes,
1784 2401 1861 2460 quas
1887 2391 1944 2446 lieo

1117 2458 1290 2529 pandimus,
1307 2465 1430 2536 quando
1446 2468 1536 2524 casin
1551 2470 1725 2542 poenitentia
1738 2474 1838 2532 tlcndo
1856 2477 1944 2535 conii-

1117 2551 1223 2604 temur.
1239 2552 1320 2608 'tunc
1335 2554 1447 2628 quippe
1460 2557 1537 2614 viam
1549 2560 1605 2616 sihi
1615 2561 1645 2616 in
1655 2563 1749 2635 portis
1762 2565 1866 2622 mortis
1876 2583 1943 2641 ape·

1116 2635 1162 2708 rit,
1178 2640 1418 2711 quandosolutis
1443 2647 1544 2718 pravis
1572 2649 1803 2722 cogitationibus
1828 2656 1867 2712 ad
1889 2673 1943 2714 nos

1116 2731 1184 2798 post
1198 2729 1417 2790 contessionem
1433 2735 1519 2794 ιειιιι.
1528 2729 1706 2798 'renebrcsa
1720 2747 1853 2818 namque
1869 2737 1942 2804 ostia

1248 3103 1283 3142 ex
1299 3090 1350 3162 qui
1365 3091 1447 3148 sedet
1459 3093 1489 3149 in
1504 3095 1579 3172 solio
1590 3097 1706 3169 judicii,
1717 3099 1845 3174 dissipat
1854 3118 1943 3160 omne

1114 3170 1229 3230 malum
1246 3173 1350 3234 intuitu
1364 3178 1529 3249 suotPro'e.
1546 3201 1593 3252 ιιι,
1609 3187 1647 3259 8).
1666 3205 1680 3237 s
1695 3187 1852 3262 Sequitur!

1129 3264 1233 3320 ·Vens.
1261 3269 1305 3322 its
1344 3270 1490 3343 Nunqaist
1522 3273 1721 3334 eoondcresii·
1753 3271 1943 3339 latitudinem

1114 3353 1228 3408 tei-ra?
1243 3386 1277 3395 -
1293 3358 1369 3414 [trun
1390 3359 1471 3417 enim
1495 3361 1639 3422 boninus
1662 3369 1815 3438 angustias
1837 3373 1942 3429 mortis

1113 3439 1205 3512 petiit,
1221 3441 1312 3500 fidem
1327 3461 1412 3504 suam
1429 3451 1567 3520 gentihus
1582 3453 1725 3525 dilatavit,
1742 3461 1832 3531 atque
1854 3459 1888 3517 in
1901 3461 1942 3518 in·

1113 3541 1239 3584 numera
1261 3532 1353 3590 corda
1375 3543 1510 3596 sanctam
1539 3541 1701 3600 Ecclesiam
1725 3545 1867 3604 extendit.
1891 3547 1942 3605 cui

1113 3629 1166 3687 per
1188 3619 1368 3692 prophetam
1397 3623 1525 3684 dicitur:
1556 3653 1570 3681 «
1586 3631 1679 3689 liliata
1699 3632 1800 3692 locum
1825 3637 1940 3694 tentorii

1112 3705 1164 3772 tui,
1178 3711 1206 3762 et
1218 3708 1309 3780 pelles
1324 3711 1585 3777 tabernaculorum
1601 3727 1721 3780 tuorum
1742 3725 1879 3796 extende,
1903 3741 1939 3783 nc

1111 3797 1237 3867 pareas;
1259 3794 1366 3871 longos
1381 3803 1428 3860 tac
1440 3800 1589 3866 funiculos
1602 3815 1680 3879 tuos,
1706 3817 1734 3870 et
1752 3809 1853 3872 claros
1873 3817 1939 3874 tuos

1111 3884 1276 3944 consolida.
1292 3889 1337 3946 hd
1352 3891 1504 3953 dexteram
1519 3899 1599 3956 enim
1616 3905 1644 3958 et
1657 3903 1697 3960 ad
1719 3903 1826 3963 laevam
1846 3923 1938 3982 pens-

1110 3973 1212 4045 trabis,
1238 3981 1267 4034 et
1289 3995 1391 4039 semen
1416 3987 1502 4042 turim
1526 3993 1629 4058 gentes
1656 3993 1844 4053 hereditabit
1866 3998 1936 4070 (Iso.

1111 4078 1164 4130 ιιι,
1180 4067 1207 4134 2,
1223 4065 1260 4138 3).
1278 4090 1292 4118 n
1307 4070 1395 4128 Pauci
1410 4075 1490 4132 enim
1511 4093 1547 4134 ex
1568 4079 1656 4152 plebe
1681 4083 1849 4155 israelitica,
1873 4086 1937 4161 ipso

1108 4152 1298 4225 predicante,
1315 4158 1688 4236 crediderunt;innumeri
1710 4187 1779 4230 vero
1803 4175 1937 4244 genuum

1107 4237 1211 4314 populi
1225 4243 1307 4300 viam
1323 4246 1388 4304 vitre
1403 4249 1454 4307 illo
1475 4255 1621 4313 moriente
1646 4262 1674 4314 st
1693 4266 1868 4334 resurgente
1891 4280 1936 4320 se-

1107 4331 1166 4404 cuti
1180 4335 1425 4396 suntlionnnrsn.
1452 4342 1510 4400 Nisi
1539 4345 1618 4402 enim
1641 4349 1762 4408 virtutes
1786 4352 1935 4410 animum.

1106 4417 1274 4495 dilatarent,
1289 4441 1483 4503 nequaquam
1497 4434 1607 4492 Paulus
1624 4438 1780 4498 Corinthiis
1804 4441 1934 4500 diceret:

1105 4527 1119 4558 u
1132 4509 1300 4572 bilatamini
1315 4522 1343 4574 et
1357 4533 1419 4589 vos,
1437 4527 1465 4578 et
1480 4522 1569 4582 nolite
1581 4526 1805 4598 jugumducere
1815 4533 1936 4590 cumin-

1103 4595 1242 4658 fidelihus
1258 4603 1380 4676 (licor.
1393 4624 1433 4678 vr,
1447 4613 1489 4680 ts,
1506 4611 1558 4686 ιι).
1573 4635 1586 4664 ³
1603 4617 1784 4676 intuendum
1796 4621 1934 4695 estquod
2049 4607 2050 4618 ³

1103 4689 1219 4764 dicitur,
1239 4696 1443 4757 comiderosti.
1466 4693 1603 4761 Latiiudo
1624 4721 1756 4781 namque
1781 4707 1934 4768 honorum

1101 4778 1222 4838 interior
1236 4789 1290 4856 est,
1310 4790 1339 4842 et
1361 4804 1556 4866 nequaquam
1577 4797 1852 4870 comprehenditur,
1875 4801 1934 4856 nisi

1101 4873 1187 4926 caute
1200 4873 1413 4934 consideratur.
1430 4881 1505 4937 Nam
1526 4881 1704 4959 plerumque
1728 4901 1780 4943 eos
1802 4887 1936 4945 exterius

1100 4955 1201 5031 inopia
1222 4960 1370 5036 humiliat,
1394 4981 1501 5040 poenas
1525 4972 1675 5030 cruciatus
1699 4979 1852 5046 angustat.
1875 4977 1935 5034 Sed

1099 5051 1199 5104 tamen
1212 5051 1288 5108 inter
1301 5053 1365 5112 haec
1380 5073 1499 5133 semper
1523 5061 1643 5119 interior
1666 5063 1809 5122 fortitudo
1836 5082 1935 5140 usquo

1098 5137 1137 5192 ad
1157 5141 1309 5212 speranda
1332 5145 1464 5206 coelestia
1487 5149 1597 5209 dilatatv
1626 5153 1775 5226 Scriptum
1796 5169 1936 5229 namque

1097 5229 1141 5283 est
1154 5226 1192 5285 de
1207 5233 1368 5304 apostolis:
1390 5257 1404 5288 ι(
1421 5237 1506 5296 lbani
1530 5241 1695 5310 gaudentes
1724 5257 1742 5299 a
1765 5249 1933 5317 conspectu

1096 5317 1225 5390 consilii,
1263 5324 1409 5396 quoniam
1445 5327 1530 5399 digni
1566 5329 1660 5387 hahiti
1690 5335 1760 5388 sunt
1785 5347 1842 5405 pro
1876 5347 1931 5390 no-

1094 5405 1175 5463 mine
1191 5411 1259 5466 lesu
1277 5415 1490 5477 contumeliam
1510 5418 1573 5494 pati
1594 5419 1670 5495 (Act.
1687 5423 1805 5491 ν,ιι).»
1824 5422 1929 5495 Sequi·

1093 5497 1156 5553 tur:

1128 5585 1211 5643 Vens.
1231 5591 1272 5645 ι9.
1288 5591 1395 5652 Indica
1409 5598 1495 5666 ιιιιἹιι,
1507 5603 1538 5658 st'
1549 5600 1629 5673 aetii
1637 5598 1749 5686 omniq,
1762 5599 1794 5655 itt
1803 5613 1863 5684 qua
1878 5602 1927 5660 vid

1118 5669 1149 5728 di
1163 5680 1339 5748 potestesse
1355 5683 1478 5757 (radiis).
1608 5677 1625 5684 ⁸
1643 5677 1681 5686 ’
1698 5689 1700 5704 “
1837 5685 1842 5696 ’
