4104 6162
821 175 929 234 ataui
949 173 1127 244 QUATUOR.

261 607 262 610 ,
354 509 445 628 [ill
494 509 554 629 B.
608 506 941 628 utullus)
993 503 1443 628 ANTlPHONAE
1489 509 1596 628 Xll

734 801 952 870 AUCTORE
974 802 1012 869 S.
1040 801 1211 874 ODONE.

609 1031 694 1098 (Apud
706 1030 815 1087 blarricr.
828 1029 986 1081 Bibliotheca
999 1029 1185 1086 mariacensis,
1198 1044 1253 1095 pag.
1270 1030 1338 1094 itt.)

156 1385 177 1440 l.
199 1386 325 1442 Sanctus
348 1382 489 1442 Marinus
515 1381 630 1439 obitum
654 1397 743 1438 suurn
764 1381 853 1452 longe
876 1382 945 1436 anto
963 1387 1124 1452 Aquoquc
1138 1383 1323 1438 monstratus
1338 1385 1383 1437 est
1395 1396 1516 1452 gemma
1531 1383 1733 1442 sacerdotum.

118 1471 277 1546 praescivit,
292 1471 385 1545 quiet
406 1470 571 1544 discipulos
593 1469 626 1526 in
645 1485 739 1526 uuum
754 1466 949 1540 congregavit
1037 1467 1111 1526 Vlll.
1132 1467 1293 1526 Glorificati
1312 1469 1444 1526 hominis
1465 1469 1605 1529 viderunt
1624 1471 1751 1543 gloriam
1777 1471 1829 1545 qui

120 1564 210 1634 atque
223 1560 269 1617 sui
283 1559 509 1617 dissolutionem
524 1558 682 1616 imminere
697 1557 843 1631 praedixit.
1001 1555 1162 1614 adfuerunt
1178 1574 1184 1613 :
1201 1573 1272 1614 nam
1288 1574 1359 1614 caro
1373 1575 1467 1630 quum
1479 1559 1554 1642 cinis
1577 1577 1697 1634 semper
1711 1562 1830 1618 obtexe-

156 1649 189 1704 ll.
211 1651 284 1706 Cum
300 1652 420 1722 repente
439 1647 552 1704 viribus
565 1645 699 1721 corporis
713 1645 803 1720 ooepit
815 1644 945 1713 destitui,
1001 1648 1056 1712 rat,
1070 1643 1112 1702 ita
1120 1645 1314 1719 resplenduit,
1326 1651 1358 1703 ut
1367 1647 1524 1719 quoddam
1538 1649 1763 1707 resurrectionis
1777 1650 1830 1707 de·

118 1740 192 1794 tunc
208 1753 319 1794 moeror
330 1742 359 1794 et
372 1736 470 1796 luctus
484 1735 631 1805 omnium,
643 1751 703 1792 vox
727 1733 946 1808 plangentium,
1001 1750 1054 1792 cue
1064 1737 1093 1792 et
1105 1735 1250 1792 exstincta
1265 1735 1419 1808 proferret.

118 1842 241 1900 unaque
254 1826 463 1900 precantium:
480 1829 531 1894 lie,
547 1829 660 1899 pastor,
676 1840 748 1882 oves
760 1824 893 1881 deseres.
1036 1825 1079 1880 lx.
1099 1823 1190 1881 Adest
1202 1824 1362 1881 multitudo
1377 1825 1597 1882 monachorum
1611 1841 1647 1882 ac
1666 1826 1829 1898 virginum,

155 1919 201 1972 lll.
223 1917 340 1974 Scimus
354 1915 479 1989 quidem
502 1920 541 1985 te,
560 1917 655 1985 Pater,
671 1913 842 1970 desiderare
868 1911 948 1971 Chri·
1000 1911 1033 1968 hi
1045 1911 1167 1984 speciali
1179 1911 1273 1982 gloria
1286 1913 1437 1988 praecipue
1459 1913 1582 1981 flebant,
1596 1931 1667 1972 cum
1688 1915 1831 1973 sentirent

119 2007 211 2072 stum,
226 2003 278 2058 scd
299 2002 385 2058 salva
404 2006 473 2059 sunt
497 2001 550 2058 tibi
573 2001 698 2074 proemia
712 2005 774 2069 tua,
789 1999 882 2058 nostri
894 2015 948 2072 pc·
1002 1999 1101 2070 magis
1127 2016 1192 2057 esse
1213 2001 1421 2072 gaudendum,
1437 2002 1461 2059 si
1481 2003 1629 2061 rationem
1653 2004 1696 2062 vis
1719 2004 1831 2062 doloris

118 2091 180 2147 tius
193 2091 334 2146 miserere
347 2105 425 2164 quos
441 2088 563 2159 deseris,
577 2089 673 2145 Pater.
1003 2086 1181 2144 admitteret.

160 2181 204 2234 lv.
228 2177 363 2247 bomine,
376 2176 440 2247 jam
460 2175 532 2234 satis
554 2179 599 2233 est
618 2175 702 2248 quod
720 2175 877 2248 hucusque
890 2191 950 2232 cer·
1038 2179 1069 2232 ll.
1089 2177 1244 2249 Exsequias
1258 2177 1374 2236 Martini
1396 2195 1458 2236 non
1478 2179 1621 2238 dicantur
1639 2181 1763 2255 funeris,
1778 2181 1831 2238 sed

118 2268 190 2333 tavi,
206 2267 258 2324 sed
274 2265 377 2340 quoad
391 2266 455 2340 ipse
467 2265 594 2337 jusseris
604 2265 755 2330 militabo;
766 2281 802 2322 ac
812 2265 837 2320 si
851 2265 949 2338 parcis
1004 2265 1147 2338 triumphi
1162 2281 1170 2320 :
1184 2281 1255 2322 nam
1270 2281 1375 2336 greges
1395 2283 1468 2324 suos
1488 2271 1540 2341 qui
1555 2269 1646 2326 ductu
1662 2271 1727 2343 ejus
1741 2285 1831 2326 mun·
1894 2315 1897 2320 .

117 2355 209 2427 aetad,
224 2355 342 2412 bonum
366 2360 412 2412 est
435 2355 527 2424 mihi;
549 2355 604 2411 hos
627 2353 738 2428 quibus
760 2353 861 2424 dmeo,
884 2354 949 2427 ipsc
1003 2353 1076 2409 dum
1099 2352 1233 2410 vicerant
1255 2355 1365 2424 agebat
1385 2359 1453 2412 ante
1478 2371 1509 2412 se
1533 2361 1635 2430 pastor
1658 2359 1832 2424 exstinctus,

118 2443 283 2501 custodias.
1002 2441 1056 2515 qui
1070 2457 1180 2516 corpus
1192 2441 1231 2500 ad
1245 2443 1418 2516 sepulcrum
1441 2451 1599 2518 sequentes
1619 2446 1790 2520 psallebant
1803 2450 1832 2504 et

154 2535 188 2589 v,
207 2536 296 2590 Artos
308 2531 390 2588 lebre
405 2531 574 2588 fatiscentes
593 2531 709 2605 spiritui
730 2531 839 2589 servire
860 2547 948 2603 coge·
1002 2529 1126 2588 flebant.

116 2623 182 2694 bat,
198 2627 352 2696 stratuque
366 2637 422 2679 suo
436 2621 486 2678 illo
498 2620 592 2678 nobili
606 2621 701 2678 cilicio
715 2621 876 2690 recubans,
892 2638 948 2680 neo
1038 2621 1088 2677 Xl.
1109 2621 1249 2678 Martinus
1264 2621 1461 2696 signipotens,
1474 2623 1589 2694 fulgore
1605 2624 1744 2682 virtutum
1763 2625 1831 2700 ipsa

116 2718 230 2770 terram
244 2711 347 2768 ridere
359 2711 423 2783 J'am
442 2711 596 2782 dignatus,
609 2710 685 2768 colo
710 2715 788 2768 totus
801 2710 947 2768 inhiabat.
968 2737 988 2792 B
1001 2708 1173 2766 reverberat
1187 2715 1277 2783 astra,
1292 2712 1340 2768 hio
1361 2711 1481 2769 diversa
1495 2713 1659 2770 multorum
1671 2713 1833 2788 complevit

157 2801 205 2855 Vl.
228 2799 318 2859 Sinite
333 2815 392 2868 me,
406 2799 512 2880 inquit,
524 2799 634 2856 coelum
648 2799 759 2870 videre,
776 2803 809 2856 ut
826 2799 948 2872 spiritus
1002 2813 1091 2865 unus,
1107 2797 1188 2854 unde
1203 2803 1232 2854 et
1246 2800 1389 2873 apostolis
1404 2817 1439 2857 ac
1451 2801 1615 2874 prophetis,
1625 2818 1699 2875 pace
1714 2807 1832 2860 sancto-

116 2889 269 2960 dirigatur
282 2888 321 2945 ad
333 2888 504 2956 Dominum,
515 2886 588 2943 nihil
601 2888 633 2943 in
643 2903 692 2943 me
706 2887 832 2960 reperiet
853 2887 950 2945 inimi·
1002 2901 1072 2942 rum
1086 2885 1235 2959 omnium,
1248 2893 1404 2944 consertus
1414 2893 1469 2944 est.

115 2997 185 3047 cua,
198 2978 251 3036 sed
270 2977 354 3034 sinus
366 2977 492 3033 Abrabae
506 2992 555 3033 me
566 2975 717 3048 suscipiet.
1038 2973 1094 3030 xll.
1117 2975 1223 3030 overe
1242 2977 1376 3045 beatum,
1391 2991 1410 3032 o
1432 2975 1624 3042 ineffabilem,
1643 2977 1762 3050 pietate,
1779 2978 1833 3034 mi·

159 3071 213 3124 Vll.
234 3065 425 3126 lledianoctc
441 3065 596 3123 [lominica
610 3069 730 3122 sauctus
744 3065 889 3132 discessit,
901 3065 950 3122 oui
1004 3061 1174 3130 sericordia,
1191 3062 1351 3120 charitatel
1367 3079 1498 3137 qiiamm
1521 3068 1553 3120 ut
1572 3064 1735 3121 visceribus
1757 3082 1833 3122 sem·

116 3155 188 3214 coeli
203 3157 282 3214 cirea
296 3171 368 3212 mox
391 3153 525 3212 obviant.
539 3152 619 3212 ltulti
638 3153 799 3210 audierunt
817 3169 904 3210 voces
918 3153 950 3210 in
1003 3165 1057 3224 per
1068 3153 1148 3207 totus
1163 3150 1307 3209 affluebat
1317 3151 1346 3208 in
1364 3151 1501 3222 Domino,
1514 3151 1556 3208 cic
1570 3168 1632 3210 non
1642 3153 1719 3210 desit
1732 3153 1830 3210 nobis.

116 3245 254 3315 sublimi,
270 3245 323 3320 qui
337 3249 366 3302 et
374 3244 449 3302 vitro
460 3242 573 3317 purior,
589 3242 666 3299 lacte
679 3241 845 3312 candidior,
859 3257 950 3299 carne
1003 3253 1065 3296 non
1080 3237 1157 3296 desit
1169 3239 1201 3296 in
1211 3256 1320 3298 aevum.

429 3597 482 3722 S.
532 3593 805 3722 01)οΝΙὸ
858 3599 1101 3718 Hl'iiNI
1153 3595 1519 3742 OUATUOR.
1590 3661 1595 3666 ·

870 3906 1072 3916 m..-

524 4070 545 4124 1.
970 4065 990 4121 C
1402 4064 1436 4119 11.

166 4195 211 4252 De
222 4197 410 4252 sacramento
422 4193 556 4262 corporis
569 4196 597 4248 et
609 4190 765 4262 sangoinis
779 4188 909 4246 Domini.

202 4317 297 4390 [Apud
312 4315 444 4379 Marrier,
458 4313 639 4386 bibliotheca
650 4311 873 4384 cluniacensis]

159 4442 305 4501 Convivas
320 4441 399 4515 epuli
415 4439 547 4498 mundos
558 4442 636 4496 lleus
650 4454 716 4496 esse
732 4437 855 4511 superni

117 4531 243 4600 Edocet,
261 4533 290 4588 et
303 4529 397 4587 servis
410 4528 554 4586 Dominus
567 4525 691 4598 vestigia
702 4525 783 4583 lavit.

117 4619 294 4680 Muneribus
307 4618 408 4691 variis,
424 4620 453 4674 et
467 4615 603 4690 pluribus
615 4615 686 4672 inde
698 4613 825 4686 rejectis,

118 4710 318 4765 Frumentum
326 4710 356 4764 et
366 4705 471 4763 vinum
482 4703 597 4760 cunctis
610 4703 668 4760 hoc
676 4699 798 4776 protulit
808 4717 913 4757 unum.

119 4801 183 4856 tloc
191 4800 300 4866 sacrat,
308 4797 366 4853 hcc
378 4791 606 4866 nimium‚quod
616 4791 758 4860 fitbreve,
768 4788 851 4864 quod
861 4789 951 4846 nimis

832 4875 950 4950 [altum,

119 4965 950 5045 Tammodicumsumptum,tamiacileatqueparatum;

119 5067 197 5122 Tam
210 5063 337 5120 sublime
352 5067 453 5119 umen
467 5058 551 5130 quod
567 5062 660 5116 totam
671 5055 782 5114 babeat
800 5054 951 5124 deitatem,

121 5152 239 5211 Sufficit
248 5153 306 5210 boo
320 5151 419 5210 solum
433 5147 540 5208 mundi
552 5161 682 5222 purgare
697 5144 838 5219 piaclum.

120 5243 199 5300 Hinc
214 5242 376 5316 placetboc
386 5255 510 5308 munus,
520 5237 604 5312 quod
613 5235 647 5292 fit
660 5234 698 5292 de
708 5233 845 5308 pluribus
856 5249 952 5290 unum

120 5333 240 5406 Corpus
254 5332 324 5390 binc
338 5329 438 5405 capiti,
450 5332 541 5402 caput
554 5326 625 5384 indo
639 5325 769 5382 cohaeret
781 5327 809 5380 et
822 5322 880 5393 illi,

121 5421 188 5481 Hoc
198 5437 304 5494 genus,
312 5421 371 5478 hoc
381 5435 477 5476 unum
487 5416 659 5492 placet,hoc
669 5411 831 5472 durabitin
842 5427 950 5480 oerum,
968 5426 989 5480 p

120 5511 188 5568 Hoc
226 5511 312 5570 facile
347 5513 401 5579 est,
440 5507 579 5580 nitidum,
622 5503 749 5577 simplex
783 5501 952 5662 dfitlateque

816 5605 951 5663 penum.

1215 4183 1260 4242 Dc
1271 4184 1308 4240 Β.
1324 4183 1425 4240 Μανία
1437 4183 1627 4254 Magdelena.

1375 4307 1468 4380 [nra]

1184 4432 1297 4503 lauda,
1313 4437 1410 4490 mater
1425 4432 1565 4503 Ecclesia,

1149 4521 1254 4579 Lauda
1269 4521 1374 4580 Christi
1387 4521 1577 4580 clementiam
1593 4539 1600 4578 :

1147 4609 1203 4676 Qui
1218 4613 1332 4684 septam
1345 4615 1454 4683 purgat
1467 4611 1541 4668 vilia

1147 4700 1203 4755 Per
1217 4697 1421 4772 septilormem
1431 4699 1573 4770 gratim.

1182 4787 1272 4844 llario
1287 4803 1372 4844 soror
1388 4787 1488 4844 Lazari

1151 4877 1222 4942 Quae
1233 4879 1277 4932 tot
1287 4876 1437 4933 commisit
1451 4875 1587 4948 crimina,

1148 4962 1193 5021 Ab
1209 4963 1276 5037 ipsa
1290 4964 1355 5022 lace
1364 4965 1467 5022 tartari

1148 5053 1233 5110 Redit
1246 5053 1363 5111 advitae
1378 5054 1514 5129 proemia.

1183 5143 1254 5200 Post
1269 5143 1357 5200 tluxae
1370 5145 1468 5201 carnis
1483 5144 1627 5202 scandala

1148 5231 1190 5288 Fit
1204 5247 1240 5288 ex
1254 5231 1349 5289 lebete
1364 5233 1466 5307 phiala
1479 5253 1491 5304 ;-

1147 5319 1180 5376 ln
1194 5335 1248 5376 vas
1261 5321 1405 5379 translata
1415 5321 1516 5392 glorios

1148 5411 1189 5467 De
1199 5425 1270 5467 vase
1285 5409 1484 5468 contumelia.

1181 5501 1269 5571 AEgra
1283 5499 1374 5556 eurrit
1384 5498 1423 5554 ad
1438 5497 1593 5566 lledicum,

1147 5591 1204 5647 Vae
1215 5587 1315 5646 terens
1327 5587 1536 5656 aromaticum,
