4120 6154
137 75 183 128 ssr
437 87 439 92 v
532 71 680 128 arrrcun
699 55 885 128 nonantula
905 67 933 124 s.
954 61 1056 123 caan.
1078 66 1112 123 tn
1131 65 1203 125 toa.
1226 101 1259 112 -
1279 74 1345 130 nra.
1367 73 1421 130 rua
1784 75 1836 132 aaa

135 189 185 248 tuti
195 189 357 261 subjiciunt
370 193 459 264 atque
474 191 513 246 ab
526 190 639 246 infimis
654 190 693 246 ad
718 191 873 264 superiora
891 193 953 246 ten-
969 193 992 244 Α
1012 191 1068 257 tur,
1082 187 1203 246 dicens:
1218 191 1301 248 Pacis
1315 192 1439 266 quidem
1450 210 1525 252 meaa
1537 197 1680 268 tempore,
1695 210 1750 269 per
1763 195 1837 253 alios

134 281 251 348 duntur.
268 280 460 337 Pensandum
475 295 597 354 quoque
610 284 654 336 est
677 282 760 354 quod
787 280 900 338 chorda
926 279 956 334 in
1011 291 1105 348 parva
1120 295 1203 336 more
1217 279 1347 350 cithara,
1362 297 1416 354 per
1431 283 1505 340 alios
1529 300 1598 340 vero
1623 300 1705 342 ruore
1730 287 1836 356 organi

134 369 243 428 cithara
255 369 280 425 si
304 369 405 426 minus
422 369 558 434 tenditur,
577 385 640 426 non
662 375 758 440 sonat,
774 371 799 426 si
816 369 955 442 amplius,
1010 381 1123 436 magna
1137 372 1165 424 et
1179 384 1289 427 sonora
1301 370 1519 442 praedicabam.
1537 373 1594 430 Sed
1608 388 1699 443 nunc,
1710 373 1742 430 in
1755 374 1837 432 luctu

132 475 255 515 raucum
266 463 361 516 sonat.
376 457 449 524 Quia
457 458 599 514 nimirum
614 458 958 515 virtusabstinentiaeaut
1010 454 1124 512 cithara
1137 461 1165 516 et
1178 473 1327 528 organum
1340 464 1514 516 versumest
1528 461 1610 532 quia,
1621 461 1696 518 dum
1707 478 1756 518 me
1768 479 1837 520 con·

133 546 254 604 omnino
270 546 354 603 nulla
378 550 431 614 est,
446 546 471 602 si
491 551 609 603 tantum
625 547 754 621 quisque
770 563 880 621 corpus
894 563 956 602 non
1010 545 1272 619 temniconspicio,
1284 562 1336 604 eos
1345 547 1398 620 qui
1408 547 1630 621 predicationis
1639 555 1763 608 cautum
1775 568 1836 610 non

134 635 251 692 edomat
260 639 408 708 quantum
420 635 519 703 valet;
536 640 586 693 aut
599 636 687 692 valde
711 636 883 692 inordinata
901 641 955 706 est,
1011 634 1138 691 audiunt
1151 635 1285 708 deploro.
1300 637 1369 694 Hccc
1383 652 1437 710 per
1452 637 1604 710 quosdam
1619 643 1724 698 sancta
1737 642 1836 698 Eccle-

133 725 155 781 si
169 739 276 796 corpus
291 724 466 798 atteritplus
485 741 578 798 quarn
593 725 681 787 valet.
698 731 738 782 lic
751 727 774 781 si
787 741 858 795 ergo
873 741 958 782 sanc·
1011 721 1054 778 sia
1066 722 1097 778 in
1110 723 1169 779 tine
1183 723 1299 780 lactura
1313 728 1358 782 esi
1373 741 1379 780 :
1396 725 1460 782 haec
1473 741 1526 799 per
1540 726 1693 799 quosdam
1720 729 1751 785 in
1775 730 1836 787 suis

132 817 160 870 ta
174 812 305 869 Ecclesia
324 813 463 870 extremis
477 814 736 886 persecutionibus
749 831 853 887 pressa
866 814 957 871 latea-
1006 811 1071 882 jam
1085 812 1215 868 exordiis
1229 812 1307 870 iecit.

592 1219 761 1306 arnan
806 1216 1098 1304 tuenstuens
1133 1175 1371 1306 ¹rnruua

428 1617 541 1673 CAPUT
563 1618 649 1674 xxxi.
974 1623 994 1676 Β
1008 1623 1051 1674 tes
1062 1623 1248 1676 amaverant.
1264 1619 1350 1686 Quod
1361 1619 1497 1676 videlicet
1509 1619 1696 1678 alienationis
1709 1621 1837 1679 verbum

161 1707 228 1770 Oua
242 1705 344 1778 itaque
359 1710 480 1762 sancius
494 1705 539 1762 vir
554 1705 726 1763 fortitudine
737 1706 776 1763 ab
791 1707 874 1764 omni
889 1707 953 1780 lap·
1008 1707 1113 1764 durius
1128 1712 1258 1776 sonaret,
1275 1709 1300 1764 si
1311 1708 1369 1766 boc
1380 1709 1526 1782 interpres
1537 1709 1569 1766 in
1585 1725 1646 1766 susa
1660 1709 1770 1780 linguae
1782 1727 1836 1768 vo-

123 1810 160 1850 su
176 1795 389 1852 exteriorasua
403 1795 543 1852 custodie
555 1794 703 1852 interioris
715 1795 875 1869 disciplina
886 1812 955 1852 con·
1009 1813 1042 1852 ce
1057 1797 1210 1854 tenuisset.
1227 1798 1313 1864 Quod
1326 1799 1406 1854 enim
1422 1798 1504 1871 apud
1528 1814 1583 1855 nos
1609 1798 1757 1868 alienatio,
1779 1800 1837 1857 boc

122 1883 283 1952 strinxerit,
297 1883 543 1940 insinuatdicens
559 1902 566 1940 :
1010 1886 1092 1957 apud
1108 1886 1245 1942 llabraeos
1255 1887 1417 1944 anatliema
1431 1886 1548 1945 dicitur.
1565 1891 1646 1946 Tunc
1672 1905 1744 1960 ergo
1769 1887 1838 1946 alie·

158 1973 244 2027 Vens.
259 1971 404 2042 erepat
416 1973 515 2041 sadus
528 1988 595 2028 eum
610 1973 842 2040 conlisionem
858 1989 896 2030 nc
909 1988 956 2029 cc·
1010 1974 1091 2030 natio
1106 1973 1160 2029 erit
1169 1974 1314 2047 reprobis,
1325 1992 1394 2031 cum
1405 1976 1487 2049 apud
1497 1977 1702 2036 hereditatem
1712 1977 1837 2036 districti

120 2059 256 2128 gilarem
270 2058 389 2130 quidem
404 2060 440 2116 de
460 2060 586 2131 virgine.
609 2091 644 2100 —
660 2059 735 2116 Cum
754 2059 790 2116 sit
802 2059 957 2116 invisibilis
1009 2061 1163 2133 judicis,se
1175 2063 1338 2120 anathema
1348 2079 1413 2120 esse
1428 2065 1705 2139 conspiciuntque
1713 2067 1838 2126 bicaum

119 2146 239 2213 anima,
255 2162 450 2220 nequaquam
465 2163 516 2204 cor
530 2163 635 2204 aarum
646 2164 747 2206 rerum
761 2149 956 2206 delectatione
1011 2151 1160 2222 perversis
1173 2151 1309 2208 moribus
1323 2155 1576 2226 contempserunt.
1590 2156 1747 2228 Sequitur:

117 2235 266 2305 tangitur,
278 2235 336 2292 nisi
345 2237 429 2310 quod
449 2237 599 2294 inhaerens
619 2239 747 2311 corpori,
772 2237 862 2311 quasi
876 2255 956 2312 quae·
1045 2241 1129 2296 Vnus.
1144 2243 1171 2296 l.
1186 2241 1293 2297 Nonne
1303 2242 1366 2311 ipsa
1376 2243 1544 2300 considerat
1558 2244 1719 2311 viasmeas,
1730 2249 1840 2302 atcun-

117 2323 194 2380 dam
210 2324 383 2394 egrediendi
399 2325 549 2383 foramina
563 2326 699 2398 ejusdcm
724 2327 858 2400 corporis
888 2343 956 2384 sen·
1009 2333 1071 2384 ctos
1084 2343 1202 2400 gressus
1218 2345 1295 2386 meos
1309 2329 1483 2387 dinumerat
1498 2334 1513 2386 i
1526 2331 1649 2398 -ouid
1661 2331 1777 2388 viarum
1787 2348 1839 2390 no-

118 2429 172 2469 sus
186 2411 290 2470 habet.
306 2413 392 2470 Visus
404 2415 528 2487 quippe,
551 2413 683 2485 auditus,
704 2419 822 2486 gustus,
849 2415 955 2474 odora·
1009 2415 1098 2485 mins,
1111 2417 1167 2474 nisi
1182 2418 1314 2474 actiones
1325 2417 1482 2476 denuntiat
1496 2419 1509 2474 t
1524 2419 1598 2476 liino
1613 2420 1694 2476 enim
1719 2436 1773 2494 per
1794 2423 1838 2478 Je-

118 2505 167 2558 tus
183 2504 214 2558 et
230 2505 335 2570 bolus,
351 2502 439 2575 quasi
453 2503 597 2576 quadam
608 2503 661 2560 vica
668 2504 778 2561 mentis
794 2509 874 2568 sunt,
886 2505 953 2578 qui·
1007 2505 1134 2562 iamiam
1149 2505 1275 2562 dicitur:
1293 2527 1307 2555 u
1320 2509 1417 2564 Bonas
1432 2505 1518 2564 facite
1530 2507 1594 2564 vias
1602 2511 1726 2579 vestras,
1737 2513 1767 2566 et
1778 2512 1839 2566 stu·

117 2591 272 2649 bussoras
288 2592 397 2661 veniat,
414 2597 490 2650 etea
504 2609 573 2666 qum
587 2599 671 2650 extra
694 2594 759 2665 ejus
784 2598 854 2650 sunt
882 2594 953 2650 sub-
1007 2592 1058 2651 dia
1072 2599 1171 2652 vestra
1187 2597 1256 2666 (der.
1272 2612 1323 2662 vu,
1344 2597 1381 2668 3).
1400 2617 1415 2646 »
1440 2595 1516 2660 Quid
1541 2613 1612 2654 vero
1637 2598 1837 2672 appellatione
1925 2647 1930 2656 .

117 2681 265 2738 stantiam
290 2681 494 2754 concupiscat.
519 2685 572 2739 Per
594 2683 651 2739 bos
680 2683 790 2738 etenim
818 2683 952 2757 corporis
1008 2698 1177 2754 gressuum,
1191 2684 1248 2740 nisi
1262 2685 1530 2756 motusmentium,
1545 2686 1592 2742 vel
1606 2687 1839 2759 prolectusacoi-

116 2786 242 2837 sensus,
268 2771 437 2844 quasi·per
462 2770 606 2828 lenestras
629 2771 780 2845 quasdam
808 2771 955 2829 exteriora
1008 2771 1109 2843 pimus
1126 2771 1298 2828 taediorum
1312 2772 1326 2828 'l
1341 2771 1455 2837 Quibus
1468 2773 1602 2844 proiecto
1614 2777 1775 2845 gressibus,
1798 2777 1838 2832 ad

111 2875 252 2934 quasque
280 2860 385 2918 amma
412 2861 545 2934 respicit,
569 2861 730 2935 respiciens
758 2861 951 2934 concupiscit.
1009 2859 1202 2931 semetipsam
1218 2875 1273 2916 nos
1286 2860 1396 2916 Veritas
1412 2865 1499 2917 vocat
1512 2860 1615 2918 dicens
1631 2881 1638 2918 ι
1655 2885 1670 2912 «
1684 2864 1788 2921 Venite
1799 2865 1839 2922 ad

111 2951 186 3008 ilinc
198 2949 291 3008 cuim
304 2949 448 3008 ieremias
459 2950 500 3006 ait
515 2967 522 3006 :
541 2969 555 3004 e
570 2950 711 3006 Ascendit
725 2965 807 3006 mors
834 2965 889 3023 per
914 2950 954 3006 le-
972 2969 992 3025 C
1007 2963 1067 3016 me,
1081 2948 1252 3020 omnesqui
1266 2947 1419 3012 laboratis,
1437 2951 1466 3004 et
1485 2949 1600 3006 onerati
1621 2951 1690 3006 estis
1717 2952 1837 3022 (Mutila

112 3044 232 3097 uestras
250 3042 382 3109 nostras,
397 3038 534 3110 ingressa
550 3041 596 3095 est
610 3039 721 3095 domus
733 3043 852 3096 nostras
881 3040 951 3111 (der.
1007 3055 1048 3105 xa,
1068 3037 1142 3108 2⁸)·”
1160 3036 1206 3093 Sic
1220 3040 1322 3094 autem
1336 3037 1480 3094 [lominus
1491 3037 1732 3112 uniuscujusque
1745 3040 1840 3096 consi-

113 3144 152 3198 ιι,
170 3129 252 3201 21).»
267 3127 410 3201 Quisquis
425 3143 496 3184 vero
510 3143 565 3201 per
578 3127 635 3185 bas
651 3127 786 3200 corporis
808 3127 953 3185 fenestras
1008 3126 1093 3183 derat
1107 3125 1182 3193 vias,
1200 3125 1242 3181 sic
1255 3125 1428 3182 dinumerat
1436 3141 1568 3197 gressus,
1584 3129 1617 3183 ut
1631 3142 1670 3184 ne
1680 3127 1841 3184 minutissi-

112 3215 238 3274 incaute
255 3214 387 3272 exterius
399 3214 529 3288 respicii,
544 3214 723 3289 plerumque
739 3215 771 3271 in
785 3214 955 3272 delectatio-
1007 3231 1065 3273 mse
1079 3215 1408 3288 quidemcogitationes
1418 3214 1449 3272 in
1460 3215 1526 3288 ejus
1547 3215 1673 3291 judicio,
1694 3233 1729 3274 aa
1746 3216 1840 3274 verba

111 3320 185 3362 nem
202 3303 326 3378 peccati
340 3303 431 3360 etiam
445 3303 551 3360 nolens
572 3303 661 3369 cadit,
686 3307 777 3376 atquc
804 3302 954 3375 obligatus
1008 3303 1840 3378 tenuissimaqueapadnosusuviluerunt,indiscussa

112 3393 291 3464 desideriis,
305 3393 409 3467 incipit
423 3392 498 3450 velle
512 3393 595 3466 quod
609 3392 714 3450 noluit.
732 3395 766 3450 Ut
780 3392 862 3450 enim
884 3408 954 3450 san·
1008 3398 1193 3452 remaneant.
1212 3393 1283 3450 ilinc
1297 3393 1407 3450 etenim
1415 3393 1487 3450 dicit
1502 3411 1508 3450 :
1523 3393 1601 3460 «Qui
1610 3394 1748 3452 irascitur
1757 3395 1840 3452 tratri

112 3488 180 3540 ctus
194 3483 246 3541 vir
261 3481 458 3553 cogitationes
466 3482 565 3540 cordis
573 3487 653 3540 casta
664 3497 783 3540 servare
797 3482 953 3556 potuisset,
1009 3499 1064 3540 suo
1074 3499 1143 3540 reus
1157 3481 1211 3538 erit
1222 3481 1336 3554 judicic
1351 3483 1471 3555 (Mutia.
1488 3499 1514 3552 v,
1530 3484 1604 3552 idi·
1619 3483 1777 3557 Sequitur:

111 3571 218 3630 toedus
235 3587 309 3629 cum
323 3570 417 3628 oculis
432 3571 556 3645 pepigit,
574 3588 611 3628 ne
628 3572 712 3645 prius
727 3571 846 3628 incaute
874 3571 954 3644 aspi·
1044 3576 1130 3630 Vens.
1147 3573 1472 3642 assimilatorem
1491 3575 1634 3646 vanitate,
1651 3581 1705 3631 aut
1715 3575 1840 3644 festina·

111 3667 196 3719 cerei
211 3659 302 3734 quod
315 3662 511 3733 postmodum
526 3661 664 3718 incautus
680 3665 796 3717 amaret
812 3677 819 3716 :
836 3665 865 3717 et
882 3660 956 3733 quia
1009 3663 1052 3720 vit
1067 3663 1099 3718 ia
1109 3662 1179 3718 dolo
1190 3676 1243 3732 pes
1256 3677 1348 3730 meus,
1358 3663 1511 3732 appendat
1525 3677 1570 3719 rae
1580 3664 1611 3718 ia
1622 3669 1736 3721 statera
1745 3665 1838 3733 justa,

107 3751 219 3806 nonin
239 3764 274 3804 se
290 3748 439 3804 actionem
454 3748 732 3818 tantummodo,sed
745 3747 835 3804 etiam
846 3747 956 3818 cogita·
1009 3757 1037 3809 et
1051 3751 1212 3808 seiatlleas
1226 3751 1449 3820 simplieitatem
1462 3765 1567 3807 meam.
1584 3781 1619 3791 -
1635 3751 1715 3808 Scire
1730 3752 1781 3808 Dei
1796 3751 1840 3808 di-

110 3839 235 3895 tionem
251 3835 378 3892 luxurire
392 3835 542 3900 exstinxit,
558 3839 676 3892 secutus
689 3835 848 3906 adiunxit:
868 3836 906 3892 Ut
920 3851 957 3892 aa
1010 3840 1085 3896 citur
1097 3838 1172 3894 scire
1186 3853 1244 3894 nos
1259 3837 1367 3895 facere.
1383 3837 1455 3904 Quis
1471 3853 1543 3893 vero
1562 3841 1678 3894 antara
1706 3840 1839 3909 nomine,

108 3930 293 3999 cogitarem
307 3924 425 3994 quidem
438 3923 474 3981 de
484 3925 610 3994 cirqiae.
628 3923 785 3995 Sequitur:
1010 3926 1068 3983 nisi
1081 3925 1228 3982 mediator
1241 3925 1301 3994 liei,
1313 3929 1342 3982 et
1354 3925 1513 3980 hominum
1524 3924 1699 3994 designatur
1709 3926 1722 3980 i
1734 3926 1765 3980 iu
1778 3942 1840 3997 quo

145 4019 248 4071 Vens.
263 4016 291 4069 2.
306 4013 401 4079 Quam
413 4013 491 4068 enim
505 4017 625 4081 partem
638 4012 760 4068 liaberet
774 4013 806 4067 ia
820 4026 867 4066 me
880 4013 958 4067 neas
1012 4029 1100 4086 aequa
1109 4013 1196 4070 lance
1208 4013 1312 4069 omnia
1323 4012 1428 4068 merita
1442 4016 1547 4068 nostra
1561 4015 1738 4084 pensantur,
1755 4016 1783 4069 et
1808 4013 1839 4068 in

103 4106 263 4174 desuper,
277 4099 518 4158 etboereditatem
533 4099 723 4168 Omnipotens
738 4099 958 4156 weacelais.-
1012 4103 1099 4174 cuius
1113 4101 1269 4175 preceptis
1284 4103 1489 4172 agnoscimus,
1501 4100 1575 4174 quid
1596 4100 1628 4156 in
1656 4104 1760 4158 nostra
1780 4101 1842 4157 viia

105 4199 148 4252 lic
165 4193 194 4250 si
211 4192 322 4264 aperte
331 4188 433 4247 dicat:
451 4189 480 4248 Si
496 4192 629 4248 menum
643 4188 675 4245 in
691 4187 869 4260 cogitatione
894 4188 957 4262 pol-
1012 4190 1112 4247 minus
1125 4189 1304 4246 habeamus.
1321 4193 1353 4245 ln
1368 4189 1426 4245 bac
1440 4193 1540 4246 autem
1557 4193 1671 4248 statera
1697 4188 1841 4262 appendi·

104 4283 214 4354 luerit,
232 4278 368 4352 ejusqui
382 4277 539 4336 munditie
550 4282 710 4335 auctorest
721 4294 787 4334 esse
798 4277 958 4334 hereditas
973 4314 995 4369 D
1011 4295 1090 4347 mur,
1105 4278 1223 4352 quotics
1238 4277 1277 4334 ad
1292 4277 1359 4334 vitae
1370 4277 1435 4348 ejus
1461 4276 1599 4351 exempla
1625 4292 1839 4350 provocamus.

106 4383 322 4445 nequaquam
335 4381 471 4440 possum.
484 4365 570 4424 Nulla
595 4366 676 4423 enim
701 4365 783 4423 bona
803 4369 872 4422 sunt
899 4382 956 4423 cea·
1012 4391 1026 4419 ι(
1043 4367 1176 4427 Christus
1190 4382 1298 4440 passus
1311 4369 1355 4422 est
1370 4363 1534 4438 pronobis,
1559 4363 1646 4422 vobis
1668 4364 1841 4440 relinquens

105 4465 184 4532 tera,
217 4458 247 4514 si
277 4455 385 4514 occulti
408 4455 518 4529 judicis
531 4454 625 4512 oculis
652 4453 794 4512 castitatis
807 4454 957 4512 testistes-
1011 4454 1195 4528 exemplum,
1212 4458 1245 4511 ut
1259 4453 1429 4527 sequamini
1437 4453 1562 4526 vestigia
1577 4453 1653 4526 ejus,
1669 4454 1841 4528 quipecca·

105 4547 248 4606 timonio
267 4561 329 4602 non
345 4545 564 4619 approbantia,
578 4560 613 4602 aa
623 4545 648 4600 si
657 4543 903 4618 apertelateatur,
914 4543 957 4600 di·
1012 4548 1075 4602 tum
1089 4559 1151 4600 ncn
1163 4542 1241 4611 lecit,
1257 4559 1314 4600 nec
1329 4542 1418 4600 dolus
1432 4542 1570 4598 inventus
1582 4545 1628 4599 est
1642 4542 1673 4598 in
1692 4558 1743 4599 ore
1772 4543 1840 4612 eius

105 4655 183 4696 cens
200 4655 208 4693 ε
228 4635 351 4693 Habere
367 4651 415 4691 me
428 4633 651 4708 possessionem
665 4647 752 4690 suam
771 4632 958 4690 excelsorum
1011 4632 1041 4705 (l
1050 4633 1133 4688 Patr.
1149 4648 1178 4700 u,
1194 4635 1241 4703 at,
1255 4634 1331 4696 22).»
1344 4636 1384 4686 nc
1400 4629 1425 4685 si
1440 4635 1541 4702 aperte
1555 4629 1652 4686 dicat:
1668 4628 1698 4686 Si
1709 4645 1771 4702 qua
1783 4643 1840 4684 un-

105 4727 261 4786 conditor
277 4723 385 4792 renuit,
401 4725 426 4780 si
438 4739 524 4779 mens
535 4737 605 4779 mea
619 4727 688 4779 ante
703 4725 901 4795 conspectum
925 4721 958 4778 il·
1010 4736 1105 4792 quam
1114 4719 1226 4788 leviter,
1244 4718 1268 4774 si
1279 4734 1342 4790 qua
1352 4716 1518 4798 perniciose
1532 4715 1713 4790 perpetravi,
1736 4715 1787 4773 llci
1814 4720 1843 4774 et

103 4816 166 4875 lius
179 4817 217 4874 in
234 4811 370 4872 infirmis
385 4811 540 4870 desideriis
555 4810 690 4868 tabescit.
708 4810 866 4884 Sequitur:
1010 4807 1170 4865 bominum
1179 4805 1329 4863 mediator
1343 4808 1499 4879 appareat,
1511 4807 1544 4862 ut
1557 4804 1588 4861 in
1615 4804 1681 4878 ejus
1705 4805 1767 4863 vita
1792 4821 1840 4864 co

141 4909 238 4962 vans.
258 4907 289 4960 3.
305 4901 452 4972 Nonquia
465 4917 524 4958 aon
535 4901 665 4970 perditio
675 4905 717 4957 est
725 4901 876 4970 iniquaet
885 4900 958 4956 alie·
1011 4911 1156 4970 gnoscam
1169 4911 1209 4952 an
1234 4910 1290 4966 ego
1317 4894 1462 4952 veraciter
1488 4893 1615 4967 simplex
1641 4893 1693 4952 lui.
1722 4895 1842 4953 vanitas

103 4996 194 5054 natio
208 4990 414 5064 operantibus
429 4991 619 5062 iniquitatem
630 4993 679 5045 ?-
688 4987 808 5045 Festina
822 4987 957 5044 consola·
1011 4985 1124 5060 quippe
1135 4983 1176 5040 ad
1187 4983 1349 5057 levitatem,
1364 4983 1452 5041 dolus
1467 4999 1538 5041 vero
1554 4983 1595 5041 ad
1608 4984 1755 5042 malitiam
1777 4997 1843 5057 par-

104 5087 190 5143 tione
205 5083 369 5140 bonorum
385 5079 592 5138 consideratur
605 5077 675 5135 linis
689 5077 850 5134 malorum.
881 5080 957 5134 llum
1011 5074 1092 5130 tinet.
1110 5075 1143 5129 ut
1171 5071 1349 5145 plerumque
1378 5071 1515 5129 nonnulli
1545 5072 1586 5129 ad
1606 5073 1749 5146 quaedam
1774 5073 1843 5141 post

103 5175 193 5232 enim
210 5188 255 5229 εχ
269 5185 377 5226 eorum
391 5168 510 5226 interitu
525 5168 641 5226 malum
658 5166 851 5240 conspiciunt
873 5165 957 5238 quod
1010 5157 1159 5215 malitiosa
1173 5159 1359 5230 perveniunt,
1375 5161 1447 5233 quia
1459 5159 1542 5234 prius
1566 5159 1644 5216 levia
1665 5171 1728 5213 non
1754 5151 1843 5208 dccli.

102 5259 267 5323 evadunt,
282 5252 348 5310 leve
369 5253 539 5310 existimant
561 5253 636 5324 quid
663 5251 827 5309 adversum
853 5249 884 5304 in
898 5249 957 5305 bac
1012 5251 1096 5305 nant.
1116 5247 1275 5320 Sequitur:

103 5349 169 5406 vita
185 5345 365 5422 patiuntur.
382 5345 457 5398 Eant
468 5356 539 5410 ergo
551 5356 632 5396 nunc
646 5339 777 5414 reprobi,
793 5342 821 5394 et
831 5337 957 5394 delecta·
1045 5339 1128 5392 Vens.
1145 5342 1172 5392 7.
1183 5335 1216 5392 Si
1225 5336 1388 5394 declinavit
1400 5351 1520 5407 gressus
1535 5347 1617 5389 meas
1631 5331 1668 5385 de
1680 5331 1777 5386 cia—
1791 5332 1843 5388 lo

104 5439 236 5494 bonum
254 5447 383 5490 suarum
393 5428 541 5485 desideria
555 5428 735 5502 compleant,
757 5428 789 5484 iu
816 5425 885 5482 linis
910 5425 956 5481 sui
1011 5425 1064 5481 tias
1075 5425 1113 5481 de
1129 5424 1178 5481 via
1192 5440 1312 5496 gressus
1326 5425 1465 5488 declinat,
1483 5418 1600 5492 quotics
1616 5421 1720 5478 nostra
1732 5418 1842 5492 cogita·

103 5516 757 5589 damnationasensurisunt,quiamcrtem
766 5515 955 5574 maleviven-
1013 5515 1054 5571 tio
1080 5513 1135 5571 iter
1159 5514 1346 5572 rectitudinis
1369 5527 1423 5583 per
1442 5521 1564 5563 sensum
1597 5507 1737 5582 relinquit
1763 5522 1842 5565 erro-
