4160 6162
278 201 331 264 tis·
799 205 828 263 s.
849 202 978 263 onouts
997 193 1144 258 lauert-s
1163 185 1416 254 neumanensis
1437 195 1459 252 n
1937 191 1993 249 tat

277 334 358 390 tibus
370 333 437 406 post
451 329 573 388 virtutes
597 329 758 401 desideret,
784 344 821 388 ne
843 331 929 405 pejus
954 341 990 386 er
1013 323 1144 386 confisa
1163 321 1265 396 quoad
1280 325 1476 392 numentum
1495 318 1622 394 proflat,
1637 318 1677 375 ad
1688 317 1866 375 mastonem
1884 320 1990 390 tendit,

278 423 379 482 cienda
389 420 532 478 virtutum
546 419 644 479 cadat.
660 423 731 479 ilinc
746 423 890 496 scriptum
905 426 948 478 est
962 420 972 476 :'
986 415 1106 476 «Proba
1163 413 1235 486 quia
1249 417 1386 485 tempore
1400 410 1541 485 percepta
1560 407 1750 484 praetercunt,
1775 417 1843 464 cum
1865 413 1993 468 ventura

278 527 336 581 ure,
366 509 501 582 bomine,
530 514 559 568 et
585 515 666 570 tenta
694 527 742 568 me
766 509 861 584 (Ptol.
887 525 949 576 xxv,
974 511 1044 580 ni.»
1074 510 1104 562 tn
1161 501 1343 558 breviantur.
1360 499 1494 557 velocius
1513 503 1587 570 ergo
1599 497 1992 570 dnsumseunt,qutateta

278 613 386 657 somno
400 598 514 674 quippe
537 601 663 675 peccati,
678 600 779 657 lumen
806 599 925 672 justitiae
954 595 1105 672 quaeritur,
1162 591 1331 648 tarditatem
1351 589 1500 664 profectus
1524 585 1625 657 babet,
1649 586 1710 643 rita
1735 587 1835 644 aulem
1859 595 1993 660 praetem

278 695 306 747 et
319 705 390 747 cum
402 689 546 747 virtutum
572 707 719 765 prospera
738 693 869 747 mentem
885 689 995 756 levant,
1021 685 1107 758 adju·
1162 691 1279 738 moram
1295 679 1429 737 deiectus
1441 687 1502 736 non
1517 677 1618 734 nabet.
1634 676 1680 733 ltd
1696 675 1791 732 finem
1804 677 1917 752 qnippe
1939 691 1993 735 no

279 780 335 838 trix
368 779 533 838 adversitas
568 779 765 837 desideratur.
795 777 1010 852 Exspeclamus
1039 786 1107 848 pro·
1164 769 1216 826 stri
1231 769 1344 826 binatis
1356 770 1448 826 etiem
1461 765 1644 842 quiescendo
1665 766 1869 840 pervenimus,
1889 769 1919 824 et
1940 780 1994 841 per

280 885 378 944 spera,
393 869 591 926 formidamus
607 870 744 927 adversa.
770 868 818 925 Vir
839 867 928 938 igitur
948 869 1047 940 justus
1060 879 1110 921 ve·
1164 872 1285 917 tursum
1300 859 1394 916 nostrl
1402 858 1543 915 transitus
1555 855 1835 914 etiamdormlentes
1844 856 1994 927 ituus,Se-·

282 971 404 1032 sperum
419 963 581 1033 exspectat,
598 959 669 1032 quia
685 975 754 1016 cum
770 958 898 1015 exerceri
924 957 1004 1013 hunc
1019 955 1110 1012 tribu·
1165 949 1266 1022 quitur
1282 962 1288 1005 ε
1304 949 1343 1005 Et
1354 946 1523 1018 coeamptt
1535 951 1607 1003 seat
1619 945 1729 1018 obsqoe
1743 946 1813 1003 cllo
1823 957 1884 1017 spe.
1902 979 1937 988 —
1952 949 1995 1004 ac

282 1049 391 1106 latione
406 1063 527 1105 necesse
542 1051 595 1118 est,
611 1047 759 1122 ipsatltei
776 1047 1109 1119 atlversltasprospers.
1166 1039 1189 1096 sl
1205 1043 1305 1113 aperte
1320 1037 1466 1096 mearam
1482 1055 1488 1095 ε
1505 1037 1606 1096 nands
1631 1031 1776 1092 fiduciam
1801 1035 1998 1111 inpraesenti

283 1139 380 1194 Potest
393 1137 507 1210 vesperi
526 1137 647 1194 nomine
670 1137 759 1195 etiam
782 1137 897 1210 peccati
920 1134 1041 1192 lenutio
1060 1131 1111 1189 dc·
1166 1128 1225 1186 titt
1240 1140 1302 1184 non
1315 1127 1413 1202 posui,
1429 1126 1502 1201 qnia
1517 1135 1610 1184 omne
1622 1127 1707 1200 quod
1720 1126 1860 1199 praeterit,
1875 1125 1995 1184 cucan-

285 1225 407 1298 signari.
424 1227 494 1283 lliuc
509 1229 624 1300 Moyses
640 1227 680 1283 ait
696 1245 702 1282 :
721 1249 734 1276 α
752 1229 873 1284 Factum
896 1227 941 1282 est
962 1235 1062 1294 mane,
1085 1223 1114 1277 et
1167 1215 1207 1273 do
1222 1219 1330 1290 sprevi.
1345 1216 1551 1292 reproborum
1565 1215 1674 1274 eteu'm
1688 1223 1775 1272 mens
1790 1213 1852 1272 dies
1865 1225 1997 1290 praesen·a

287 1315 397 1373 lercium
412 1319 458 1372 est
472 1331 596 1388 vespere
610 1315 694 1388 (Gen.
712 1331 731 1384 1,
748 1319 785 1384 5).
802 1339 816 1366 »
841 1309 924 1374 Mane
939 1313 1051 1386 quippe
1075 1309 1114 1367 ad
1168 1311 1211 1363 tes
1226 1315 1330 1363 amore
1344 1305 1527 1377 constringit,
1542 1303 1575 1362 ut
1589 1305 1630 1362 sic
1650 1313 1771 1378 semper
1783 1301 1831 1362 liic
1855 1306 1999 1380 appetant

288 1411 443 1480 uesperum
456 1403 585 1477 ducitur,
600 1405 672 1479 qnia
687 1405 829 1461 nimirum
847 1401 945 1460 lucem
968 1399 1115 1458 rectitudl·
1168 1391 1277 1482 rivere.
1293 1401 1444 1469 quatenus
1457 1395 1482 1452 si
1496 1390 1625 1464 valeant,
1640 1395 1761 1452 mendi
1775 1406 1897 1452 mesum
1919 1394 1997 1453 desi·

286 1493 332 1550 nis
344 1491 454 1550 umbra
478 1493 611 1567 sequitur
632 1494 814 1551 tentationis.
839 1490 928 1549 Electi
954 1499 1028 1562 ergo
1048 1491 1116 1563 post
1169 1483 1276 1542 derant
1289 1493 1446 1558 nunqnam
1460 1483 1557 1541 linire
1573 1487 1610 1541 lt
1623 1489 1726 1542 contre
1741 1489 1891 1542 rectorum
1912 1497 1999 1543 mens

287 1595 429 1640 somnum
444 1579 692 1640 resurrectionem
712 1580 948 1657 appetantque
962 1583 990 1637 et
1004 1579 1116 1653 depae
1171 1569 1210 1630 ati
1236 1571 1407 1631 aeternitatis
1422 1571 1618 1631 intentionenr
1644 1571 1783 1645 tenditur,
1813 1575 1903 1631 retiam
1930 1583 2000 1632 cum

288 1676 355 1728 cato
370 1668 409 1728 ad
421 1671 543 1744 justitie
557 1672 660 1728 lumen
675 1671 825 1743 evigilant,
841 1671 908 1728 eliu
923 1671 990 1745 ipso
997 1667 1117 1742 iustitia
1133 1673 1153 1754 ’Β
1171 1673 1304 1750 presens
1318 1671 1385 1721 eam
1400 1658 1521 1721 feliciter
1533 1663 1593 1721 vita
1607 1663 1774 1721 comitatur.
1791 1661 1951 1738 Sequitur:

288 1755 402 1816 lumine
414 1759 513 1833 positi,
529 1770 649 1834 semper
668 1777 699 1819 se
724 1767 828 1818 contra
849 1755 1003 1817 illecebras
1025 1761 1118 1815 teuta-
1207 1748 1283 1805 VM
1303 1747 1329 1806 7·
1351 1749 1499 1806 Memmii
1515 1750 1588 1821 pato
1605 1757 1712 1806 velim!
1734 1753 1776 1806 ἔθ’
1799 1751 1864 1806 iffa
1879 1764 1953 1807 M·
1967 1770 2002 1790 ⁶*

290 1847 407 1904 nonum
427 1854 546 1922 parant.
564 1847 646 1916 Quas
669 1847 812 1907 nimirum
839 1856 901 1905 non
926 1849 1039 1916 timent,
1066 1845 1119 1903 sed
1173 1841 1215 1895 lio
1225 1839 1249 1894 sl
1263 1842 1364 1912 aperte
1379 1837 1545 1896 dicaretur:
1562 1837 1786 1895 Transeuntum
1801 1837 1941 1895 velociter
1951 1839 2001 1895 be-

291 1939 474 2011 exspectant,
502 1939 574 2012 q'nia
597 1937 713 1998 utilitati
740 1953 801 1996 sure
818 1933 1001 1996 rectitudinis
1028 1934 1119 1994 etiam
1173 1928 1282 1999 ilignae
1296 1928 1420 2002 respice,
1432 1928 1484 2002 tiul
1499 1931 1528 1985 cl
1542 1929 1626 1985 tanto
1638 1927 1860 2012 misericordius
1879 1932 1943 1986 ate
1962 1929 2003 1984 ri·

293 2027 475 2084 tentamenta
488 2028 634 2100 proficere
648 2040 709 2086 nou
727 2027 876 2101 ignorant.
901 2022 1039 2100 Sequitur
1054 2039 1061 2081 t
1082 2023 1119 2081 Et
1173 2015 1237 2073 (leti
1249 2015 1355 2084 dflbQQ
1371 2021 1485 2090 (iflflflffi
1499 2017 1565 2089 li>se
1578 2033 1596 2073 Β
1610 2013 1845 2072 mmmm
1868 2015 2002 2073 metm·

293 2111 431 2186 captator
440 2111 593 2174 doloribus
606 2120 751 2191 usquead
764 2114 909 2175 tenebrat.
934 2149 969 2158 -
994 2119 1026 2172 Et
1049 2113 1121 2188 qnia
1175 2108 1211 2165 tis
1225 2115 1300 2163 meae
1315 2105 1418 2164 doulos
1433 2113 1494 2163 nou
1507 2111 1611 2163 atarto
1626 2121 1632 2162 ε
1649 2105 1684 2161 lli
1698 2105 1807 2163 etenim
1830 2105 1922 2163 vllam
1938 2117 2003 2163 car-

294 2197 385 2261 rtrotio
400 2205 553 2277 surgentia
563 2203 756 2264 vilianellum
767 2205 864 2264 carnis
879 2205 1017 2276 excitant,
1028 2203 1120 2260 modo
1175 2197 1222 2254 nis
1236 2195 1322 2270 qnasi
1342 2197 1569 2270 permanentem
1583 2195 1719 2266 diligunt,
1745 2195 1816 2268 qula
1831 2197 1947 2268 quauta
1969 2197 2003 2253 sit

293 2285 560 2352 clevictaantmum
576 2295 615 2354 ad
641 2295 802 2354 matonam
827 2295 945 2353 vocant.
972 2291 1121 2352 Bonorum
1176 2287 1243 2343 rita
1258 2283 1409 2359 sequentis
1424 2283 1572 2342 aeternitas
1586 2291 1645 2341 tion
1657 2284 1824 2341 intendunt.
1841 2285 1940 2342 Sancti
1954 2301 2004 2342 au·

293 2381 354 2441 rtta
372 2389 468 2458 usque
484 2383 523 2441 ad
542 2379 680 2443 tenebras
707 2385 863 2444 dolodbus
883 2383 1021 2459 repletur,
1051 2381 1122 2456 qnia
1177 2379 1236 2431 tem
1251 2373 1316 2446 viri,
1332 2374 1416 2448 qnod
1431 2375 1470 2432 ad
1485 2379 1596 2431 aterna
1610 2390 1661 2431 cor
1674 2373 1902 2448 elevantquam
1914 2375 2004 2431 breve

294 2479 455 2546 quousque
469 2477 588 2548 tempus
602 2473 801 2550 corruptionis
814 2475 885 2547 ggii,
901 2475 1018 2532 interna
1032 2475 1123 2529 exten
1177 2465 1214 2520 sit
1227 2463 1311 2552 quod
1325 2462 1388 2520 line
1401 2459 1548 2522 clauditur
1562 2463 1700 2537 pensant,
1726 2467 1754 2520 et
1775 2473 1880 2520 eorum
1905 2467 2006 2522 sensui

296 2569 396 2636 daque
409 2561 567 2621 afflictione
586 2565 763 2634 concutitur,
780 2571 808 2622 et
819 2565 924 2621 salutis
934 2563 1123 2620 securitatem
1177 2551 1289 2610 tilestll
1302 2551 1385 2625 (IUOd
1398 2551 1536 2627 limittit,
1550 2563 1611 2627 (1Πο
1626 2553 1785 2610 intellectui
1800 2551 1905 2621 tuditi,
1922 2557 1952 2610 vl
1965 2553 2006 2610 in·

296 2657 358 2707 non
371 2649 491 2720 invenit,
511 2651 568 2708 nisi
595 2665 664 2710 cnm
688 2651 768 2710 diem
793 2653 928 2711 tantitas
954 2647 1124 2710 tentationis
1180 2641 1300 2698 terlucet
1310 2639 1393 2715 qnod
1408 2645 1566 2714 acceptum
1583 2649 1741 2714 nunquam
1765 2638 1885 2698 recedit.
1908 2639 2008 2715 sequt-

296 2732 445 2813 relinquit,
463 2737 602 2815 sequiiup
618 2759 624 2798 :
1178 2731 1228 2787 tur
1243 2748 1249 2787 :
1264 2731 1325 2788 Nec
1338 2731 1510 2788 reuertatur
1524 2729 1630 2788 ocutos
1641 2743 1732 2800 metes,
1754 2733 1788 2788 ut
1798 2731 1898 2789 mco!
1920 2731 2006 2790 bono.

332 2821 803 2886 Vers.t.1ndutacstcaromeo
815 2825 977 2899 putredine
989 2825 1017 2884 et
1028 2825 1124 2883 sordi-
1178 2848 1214 2862 —-
1229 2813 1273 2876 td
1285 2819 1415 2877 videnda
1429 2819 1510 2877 bona
1526 2819 1689 2877 exstinctus
1704 2819 1808 2877 oculos
1835 2830 1897 2877 non
1923 2819 2008 2890 redit,

299 2913 352 2972 tas
364 2911 509 2986 prttccrte.
525 2949 559 2957 -
573 2921 614 2973 ac
636 2915 660 2973 si
680 2919 781 2992 aperte
805 2916 939 2975 diceret:
968 2915 1124 2976 camalam
1180 2909 1252 2984 qnia
1266 2907 1306 2967 ad
1318 2909 1489 2966 exhibenda
1503 2913 1584 2966 recta
1594 2917 1686 2982 opera
1697 2912 1786 2967 exuta
1796 2921 1896 2982 carne,
1908 2912 2009 2968 anima

297 3003 390 3062 vitatu
403 3013 496 3079 quam
510 3005 617 3079 patior,
634 3005 686 3063 aut
698 3005 782 3066 labes
797 3007 920 3065 lubricat
944 3002 1126 3081 operationis
1180 3011 1241 3057 nou
1261 2999 1392 3056 recurrit.
1420 2999 1492 3056 ilinc
1518 2997 1660 3056 Salomon
1688 2999 1751 3056 ait:
1777 3021 1792 3049 «
1804 2999 2010 3073 Quodcunque

298 3087 535 3167 pollicitantur
550 3091 691 3153 vitiorum
712 3095 868 3168 memoria,
896 3093 995 3166 caligo
1010 3095 1126 3152 misera
1180 3091 1279 3166 potest
1291 3101 1400 3146 manns
1415 3093 1467 3146 tua
1486 3088 1593 3156 lacere,
1620 3085 1765 3145 instanter
1780 3098 1914 3162 operare,
1941 3090 2011 3162 qnia

298 3181 486 3254 cogitationis
512 3183 632 3258 premit.
663 3181 881 3244 consendendo
910 3183 1022 3259 qnippe
1047 3179 1125 3240 vitiis
1181 3191 1236 3238 neo
1250 3187 1339 3253 opus,
1355 3191 1410 3236 nec
1434 3177 1520 3247 ratio,
1545 3187 1602 3235 nee
1629 3177 1761 3251 scientia,
1786 3187 1841 3236 uec
1864 3179 2012 3252 sapientia

299 3267 456 3342 prttrediue
484 3271 647 3340 atterimur,
667 3271 809 3329 vitiorum
833 3285 904 3329 vero
927 3271 1075 3342 imagines
1096 3269 1126 3328 in
1181 3271 1235 3328 erit
1249 3263 1332 3344 apud
1345 3265 1456 3326 interos
1470 3282 1531 3343 qno
1546 3270 1577 3326 tu
1591 3278 1736 3342 properas
1750 3265 1857 3342 (Ereta
1873 3285 1914 3338 rx,
1933 3271 1986 3340 io).
1999 3293 2011 3318 n

299 3355 389 3413 corde
402 3355 557 3414 tolerando
573 3357 711 3416 sordibus
722 3359 852 3434 pulveris
859 3359 1018 3417 laedamur.
1028 3359 1126 3416 aliter.
1182 3359 1343 3434 Sequitur:

300 3445 379 3504 litulti
397 3447 509 3522 quippe
533 3447 564 3504 in
589 3451 693 3506 sancta
720 3453 788 3507 sunt
811 3447 950 3518 Ecclesia,
977 3449 1030 3523 qui
1054 3447 1128 3505 dum
1217 3447 1303 3502 Vens.
1320 3446 1346 3502 8.
1362 3447 1424 3504 Nec
1438 3445 1545 3516 cepidi
1559 3453 1606 3503 mc
1623 3447 1704 3504 citas
1723 3445 1859 3504 tomtntr.
1877 3443 2012 3502 —Visus

301 3535 397 3592 amori
412 3535 511 3592 carnis
536 3535 711 3606 inserviunt,
727 3537 830 3596 ioetore
853 3535 979 3595 luxurias
1003 3551 1127 3611 compu-
1182 3533 1297 3608 quippe
1325 3533 1456 3590 hominis
1483 3539 1529 3592 est
1557 3531 1761 3592 misericordia
1795 3533 2012 3608 Redemptoris,

301 3625 441 3694 treacunt,
456 3627 485 3681 et
498 3629 568 3681 sunt
583 3625 729 3695 nonnulli,
743 3627 795 3700 qul
810 3637 828 3684 a
842 3623 995 3684 voluntate
1005 3625 1129 3699 quidem
1182 3633 1261 3696 quae,
1275 3623 1508 3681 insensibilitatis
1531 3625 1640 3682 nosuoe
1664 3621 1805 3682 duritiam
1829 3637 1901 3681 cum
1922 3623 2014 3698 respi-

302 3710 401 3770 catuis
412 3713 571 3783 abstineut,
583 3715 636 3771 sed
650 3713 751 3772 tamen
767 3719 828 3774 tota
841 3719 940 3774 mente
954 3717 985 3772 in
1006 3715 1129 3772 terrenis
1183 3712 1231 3780 cit,
1248 3711 1369 3770 emollit.
1392 3712 1474 3770 [lude
1488 3717 1561 3772 teste
1588 3715 1747 3786 Evangelio
1772 3713 1902 3771 dicitnr:
1929 3735 1945 3763 o
1962 3717 2014 3770 ite-

301 3799 417 3860 actibas
429 3801 540 3876 iacent.
554 3805 595 3861 ac
610 3803 635 3861 si
649 3819 720 3877 ergo
735 3805 838 3863 dicat:
860 3809 892 3862 ln
907 3803 963 3862 iliis
989 3816 1067 3879 qnos
1087 3801 1130 3860 lu·
1184 3801 1281 3876 spexit
1304 3803 1388 3859 lesus
1417 3803 1577 3860 Petrumo
1603 3803 1637 3862 rt
1662 3823 1669 3862 :
1696 3825 1711 3854 o
1727 3803 1909 3864 Recordatur
1931 3803 2016 3861 veria·

300 3885 400 3949 irrisos
413 3891 516 3963 tolero,
531 3893 1128 3969 carnemridelicetputrcscentemgemo.
1184 3891 1607 3966 qnoddirerattcsus.»ltt:
1629 3895 1802 3967 «Egressus
1829 3885 1910 3952 toras
1934 3893 2017 3950 flevit

303 3975 334 4038 itt
348 3979 413 4039 istis
424 3983 525 4040 autem
537 3987 614 4058 quos
629 3985 739 4042 terram
754 3987 920 4058 quaerentes
933 3983 1042 4058 patior,
1057 3981 1131 4056 qnid
1184 3993 1287 4040 amare
1302 3981 1385 4051 (Luc.
1412 3996 1479 4052 rrn,
1504 3983 1548 4053 tl,
1563 3983 1618 4058 ta).
1638 4005 1653 4036 o
1678 3985 1804 4041 erutam
1829 3993 1901 4040 rero
1924 3997 2017 4040 carue

302 4071 384 4130 allud
396 4083 490 4147 quam
504 4073 667 4132 romaum
683 4073 815 4148 pulveris
836 4073 945 4148 porto?
969 4071 1129 4148 Sequitur:
1185 4073 1319 4130 animaru
1334 4083 1529 4148 nequaquam
1545 4073 1627 4132 viem
1651 4071 1781 4132 hominis
1803 4073 1919 4147 aspicit,
1945 4073 2019 4147 qnia

304 4163 384 4220 t'atis
405 4177 472 4222 mea
493 4165 631 4233 amitat
651 4169 806 4222 eontracta
821 4167 873 4222 eet.
903 4196 937 4204 -
962 4162 994 4220 tn
1020 4165 1131 4219 sanctae
1186 4165 1399 4237 postmortem
1412 4179 1474 4220 non
1488 4163 1604 4234 liberm,
1618 4178 1709 4236 quem
1723 4167 1794 4220 ante
1807 4165 1934 4220 mortem
1949 4175 2019 4232 gra-

302 4252 415 4326 quippe
428 4251 565 4309 Ecclesiae
579 4269 705 4327 corpore
718 4253 749 4310 hi
763 4253 816 4329 qui
840 4253 911 4311 solis
936 4251 1132 4310 cautioribus
1186 4253 1227 4311 tia
1242 4253 1409 4310 adveniam
1423 4269 1484 4310 nou
1499 4249 1650 4309 reiormat.
1677 4248 1750 4310 ilinc
1775 4251 1884 4310 etenim
1907 4251 2019 4309 Paulus

303 4341 383 4396 coris
396 4339 570 4412 inserviunt,
587 4356 718 4413 congrue
733 4343 809 4398 eutis
822 4347 978 4399 vocantur.
1000 4341 1072 4408 Quae
1086 4339 1130 4396 ni-
1187 4341 1229 4400 ait
1250 4359 1286 4397 :o
1297 4342 1369 4398 Ecce
1384 4356 1464 4398 nunc
1491 4344 1610 4416 tempus
1626 4339 1809 4416 acceptabile
1837 4338 1883 4414 (rt
1894 4341 1966 4399 Cor.
1981 4354 2019 4408 rr,

303 4429 414 4486 mirum
440 4429 516 4486 cutis
540 4429 705 4487 arescendo
724 4429 890 4502 attrahitur,
920 4429 992 4505 quia
1015 4434 1130 4488 mentes
1146 4392 1169 4461 ὓ
1186 4432 1224 4503 t).
1234 4453 1248 4482 a
1264 4434 1297 4488 Et
1311 4429 1434 4503 reliqua.
1448 4423 1519 4487 ilinc
1531 4427 1724 4488 Salomonait
1737 4429 1891 4504 «Lignum
1907 4427 1961 4487 nbi
1976 4445 2022 4486 ce

304 4517 483 4591 carnalium,
512 4517 587 4576 dum
617 4519 778 4593 praeseutia
810 4517 946 4592 diligunt,
989 4521 1019 4576 et
1045 4519 1133 4593 quasi
1187 4517 1267 4589 cidit,
1279 4517 1340 4575 site
1351 4513 1390 4576 ad
1403 4521 1549 4588 anstrum,
1566 4517 1625 4576 sive
1641 4517 1681 4577 ad
1693 4519 1877 4596 aquilonem,
1904 4519 1947 4577 ibi
1967 4521 2021 4576 erit

301 4609 388 4689 iuxta
399 4607 497 4684 posita
509 4607 735 4684 concupiscunt,
759 4607 799 4667 ad
812 4605 912 4667 lutura
935 4607 1056 4666 undere
1078 4622 1133 4683 per
1187 4603 1294 4682 (ticeli.
1304 4623 1334 4680 n,
1346 4609 1383 4682 3).
1399 4608 1470 4666 »Vn
1479 4601 1568 4681 igitur
1580 4610 1702 4667 sanctus
1712 4607 1962 4666 damnannmani
1973 4622 2022 4680 ge

303 4699 562 4773 longanimitatem
576 4695 691 4758 nolunt.
707 4699 763 4768 0111
772 4700 846 4758 dum
859 4699 984 4757 internae
995 4699 1058 4772 spei
1068 4699 1133 4773 pin-
1187 4697 1266 4756 neris
1279 4697 1458 4768 considerat,
1475 4697 1558 4772 qnod
1571 4715 1589 4755 a
1602 4700 1740 4772 praesenti
1760 4697 1880 4768 sectile,
1893 4699 1959 4756 sine
1970 4699 2022 4754 lte-

242 4851 248 4866 ·
305 4789 466 4861 guediuem
480 4785 644 4862 negligunt,
672 4793 706 4847 ut
728 4789 917 4848 attrahantur
940 4785 1077 4859 armant,
1105 4793 1134 4846 et
1187 4787 1351 4862 demptoris
1384 4787 1535 4860 agnitione
1564 4783 1756 4855 subtrabitur,
1784 4789 1875 4860 atque
1902 4785 2022 4844 aterub

304 4880 376 4952 qula
391 4879 415 4935 si
431 4895 536 4937 eorum
552 4879 643 4938 corda
655 4877 826 4954 desperatio
845 4890 907 4937 uon
922 4877 1055 4948 siccaret,
1080 4890 1132 4934 ne-
1186 4877 1307 4950 lgulbus
1322 4873 1554 4953 irreparabiliter
1568 4873 1718 4950 sepelitur,
1746 4877 1774 4932 et
1795 4888 1831 4932 ex
1856 4875 1924 4950 ejus
1948 4889 2022 4934 voce

304 4971 461 5041 quaquam
484 4971 575 5024 astus
603 4970 667 5026 hec
686 4965 940 5043 pusillanimitatis
962 4967 1130 5027 atraheret.
1186 4969 1275 5026 dicit:
1292 4967 1353 5026 Nec
1368 4965 1651 5039 amictotmectscc
1663 4963 1800 5021 dominu
1815 4997 1848 5005 —
1861 4965 2022 5040 Sequitur:

242 5125 247 5134 ¹
306 5049 387 5113 ilaue
400 5071 533 5130 namque
548 5057 753 5115 attractionem
770 5057 926 5136 Psalmista
951 5054 1132 5115 formidare·
1188 5059 1277 5116 Oceli
1290 5057 1334 5114 tat
1347 5059 1378 5115 in
1392 5071 1448 5128 me,
1463 5063 1492 5114 et
1505 5069 1565 5113 non
1581 5055 1749 5112 moestam.
1766 5087 1800 5096 -
1815 5057 1855 5111 ac
1871 5055 1896 5111 sl
1919 5057 2025 5128 aperte

304 5149 360 5212 rat,
372 5157 443 5201 cum
454 5145 617 5202 siccitatem
629 5149 765 5204 manens
778 5145 914 5203 dicebat:
927 5168 942 5196 a
954 5143 1034 5203 Sicut
1044 5145 1133 5219 adipe
1186 5145 1305 5216 diceret,
1322 5139 1473 5202 distdctus
1486 5141 1525 5200 ad
1538 5139 1685 5216 judicium
1698 5141 1830 5214 veniens,
1845 5141 1884 5199 ad
1906 5139 2029 5199 sairam

305 5237 335 5292 et
346 5231 529 5310 pinguedine
543 5231 693 5307 repleatur
716 5236 817 5292 anima
842 5249 911 5292 mea
939 5235 1030 5308 (Ptol.
1056 5245 1131 5298 sart,
1186 5237 1260 5295 dum
1274 5246 1336 5294 uon
1350 5235 1444 5303 rides
1455 5231 1495 5291 ed
1507 5229 1673 5289 ledendum
1689 5231 1782 5289 tides.
1796 5229 1870 5298 Quia
1884 5239 1979 5304 quem
1995 5229 2028 5288 in

305 5327 343 5400 a).
362 5344 376 5378 a
393 5321 551 5399 sequitur:
1186 5325 1326 5404 prasenti
1336 5321 1634 5396 vitadispeusetionls
1646 5325 1704 5378 tua
1711 5319 1972 5378 miserationenon
1982 5335 2030 5376 re·

343 5411 426 5466 Vras.
443 5413 470 5466 c.
487 5409 555 5467 Dies
569 5410 628 5466 mci
649 5409 778 5466 velotius
800 5411 988 5468 transierunt
1010 5421 1134 5482 quomo
1188 5415 1288 5494 spicis,
1299 5409 1689 5487 respiciendopoatmodum
1701 5407 2031 5484 perjustltiaurexstin·

308 5505 425 5557 urente
439 5501 499 5558 telo
510 5499 685 5558 catamitae.
702 5531 736 5541 -
750 5501 889 5572 congrua
902 5499 987 5557 valde
1002 5499 1135 5560 similitu·
1188 5506 1263 5580 guis.
1271 5497 1352 5562 ione
1363 5501 1475 5575 quippe
1483 5503 1624 5576 peccator
1632 5509 1694 5558 non
1710 5497 1848 5568 substitit,
1872 5499 1944 5572 quia
1954 5513 2030 5555 cum

307 5585 377 5645 diue
391 5587 452 5645 rita
466 5591 563 5647 carnis
579 5587 640 5648 tete
654 5593 856 5665 comparatur,
881 5591 953 5666 quia
978 5591 1054 5649 sicut
1077 5591 1135 5650 teta
1187 5595 1336 5653 districtis
1350 5589 1443 5648 iudet
1456 5591 1561 5648 merita
1577 5587 1722 5648 subtiliter
1744 5585 1875 5663 inquirit,
1900 5595 1972 5644 reus
1987 5587 2030 5644 ad

307 5676 378 5754 iilis,
393 5679 435 5736 sic
449 5681 509 5743 tila
520 5681 654 5742 mortalis
668 5681 775 5742 diebus
789 5681 913 5754 singulis
929 5680 1055 5768 proficit,
1080 5681 1134 5741 sed
1186 5685 1335 5743 tormenta
1350 5693 1412 5740 non
1423 5677 1859 5750 sufficit.0uamtlsirocetiam
1867 5677 2027 5750 iustorum
