4160 6162
127 108 174 162 ιιι
372 105 373 110 ‘
525 69 673 166 arrroun
693 109 879 166 acnuunu
900 109 928 163 s.
949 109 1051 162 unae.
1073 107 1106 163 m
1130 109 1201 167 roa.
1226 145 1262 154 -
1283 117 1346 172 um.
1369 120 1423 174 vu.
1781 126 1829 182 rao

124 227 222 285 salvos
236 231 265 298 tl
274 231 343 286 Cor.
358 247 394 296 ur,
411 231 450 299 ιθ,
466 229 521 300 ii).
536 253 549 279 ι
564 234 645 286 Tunc
655 231 743 286 etiam
759 230 846 303 pleue
858 227 949 284 vinci·
968 231 991 284 Α
1005 229 1206 288 retributionis
1233 235 1363 304 intelligi.
1392 240 1422 294 tn
1440 241 1625 300 abnndantia
1644 261 1714 316 argo
1730 247 1829 320 scpul-

124 323 170 374 tur
182 324 351 390 peceatum,
365 337 435 376 cum
447 335 483 376 ex
497 335 552 376 sua
581 320 774 376 similitudine
790 317 950 390 unusquis·
1005 333 1089 372 crum
1105 319 1277 387 ingreditur,
1296 325 1347 396 qui
1361 333 1428 397 post
1440 337 1582 399 congesta
1594 337 1659 390 vitre
1676 337 1830 407 praesentis

123 425 181 478 que
194 409 515 482 perpenditquomodo
527 409 557 464 in
571 409 727 465 dilectione
738 409 865 482 proximi
879 407 951 462 dila·
1005 421 1096 479 opera
1111 425 1128 464 a
1143 411 1338 468 mutabilitate
1353 429 1408 470 sua
1424 419 1511 488 plene
1523 425 1657 477 mortuus
1673 424 1702 479 in
1719 431 1830 482 secreto

124 502 210 552 tetur.
229 498 368 570 Sequitur
382 517 388 553 :
1006 496 1067 550 reri
1082 497 1201 553 luminis
1217 501 1391 558 occultatur.
1405 505 1486 559 Unde
1497 523 1550 577 per
1561 510 1751 568 Psalmistam
1762 513 1832 570 dici-

160 587 597 658 tis-:usitatttsciesquouiam
613 589 951 657 muttipteueritsemeu
1006 588 1080 640 tur:
1111 588 1827 670 -mscondeseosrnabscondituvuuussui,1

124 683 219 730 trium.
237 707 270 726 -ι
285 676 358 730 tium
369 691 440 732 vero
453 691 471 731 a
486 675 563 732 vitiis
576 693 645 732 caro
666 677 864 744 restringitur,
881 690 950 730 crim
1006 679 1035 729 et
1058 675 1171 748 reliqua
1196 679 1291 743 (Psoi.
1307 697 1376 746 xxx,
1392 685 1447 751 it).
1466 683 1604 754 Sequitur
1620 703 1626 740 :
1642 689 1727 746 Sicut
1742 693 1831 762 affer·-

31 831 33 834 .
123 779 211 818 mem
234 763 391 818 virtutibus
415 770 579 835 exercetur,
603 770 693 821 restat
732 771 763 822 ut
798 763 951 836 loquendo
1006 769 1058 817 tui·
1076 779 1199 820 aceruus
1212 769 1306 822 tritici
1330 770 1361 822 iu
1377 774 1506 839 tempore
1517 777 1831 836 suu-numentum

122 851 477 924 quisquedooeatvitam
500 870 593 926 quam
622 854 756 910 moribus
771 859 878 909 servat.
903 851 951 906 ille
1005 853 1117 924 quippo
1145 854 1175 908 in
1204 860 1300 924 segete
1329 857 1390 914 sole
1407 859 1547 928 tangitur,
1562 861 1632 932 quia
1658 863 1756 920 inbac
1772 868 1831 924 vita

122 941 202 997 enim
220 940 328 996 uberes
343 941 456 998 fructus
468 943 689 1016 praedicationis
701 942 820 1012 colligit,
837 942 888 1014 qui
905 957 951 996 se·
1005 941 1151 998 buurana.
1167 943 1268 998 anima
1284 952 1419 1016 respectu
1432 951 1553 1020 superni
1568 949 1689 1007 liuninis
1707 953 1833 1012 illustra·

125 1029 206 1084 mina
234 1029 322 1086 bonta
338 1029 522 1102 operationis
547 1030 704 1102 praemittit.
734 1033 766 1086 Et
779 1037 860 1086 tanto
887 1030 952 1100 ejus
1010 1033 1063 1084 tur.
1092 1032 1209 1086 t’turias
1239 1033 1372 1106 percipit,
1399 1037 1471 1108 quia
1490 1038 1831 1116 veritatiseloquiopin-

124 1117 280 1176 lecundius
295 1119 516 1191 praedicationis
530 1120 678 1190 tribuitur,
707 1125 822 1192 (quanto
845 1120 902 1174 troc
921 1119 951 1177 in
1007 1119 1131 1184 griescit.
1158 1121 1255 1176 Ventis
1284 1124 1460 1186 concutitur.
1497 1129 1569 1198 quia
1606 1132 1831 1201 tempestatibus

123 1210 188 1280 ejus
203 1212 322 1281 pectore
336 1208 458 1281 perlecti
471 1209 569 1281 operis
581 1210 753 1265 exaratione
764 1208 948 1281 praevenitur.
1006 1212 1159 1262 excreetur
1170 1225 1176 1266 ι
1189 1214 1216 1263 et
1231 1225 1334 1265 seeum
1347 1220 1514 1270 crescentes
1525 1217 1627 1288 paleas
1637 1223 1744 1290 portat,
1760 1221 1832 1293 quia

124 1297 262 1370 Sequitur
279 1315 284 1352 :
299 1299 339 1354 Ει
352 1299 508 1368 progenies
523 1304 576 1354 tua
597 1300 674 1354 sicut
695 1299 787 1354 bertin
803 1304 900 1352 terrae.
916 1327 953 1336 —
1006 1295 1181 1366 nequiorem
1203 1304 1305 1354 contra
1335 1317 1365 1355 se
1391 1301 1523 1372 quotidie
1537 1305 1628 1360 vitam
1643 1309 1831 1378 precantium

122 1387 197 1452 Quia
222 1386 259 1442 de
281 1385 346 1456 ejus
374 1386 539 1442 imitatione
562 1387 703 1454 nascitur,
724 1387 797 1440 (lum
818 1391 950 1440 arentem
1007 1383 1126 1448 tolerat3
1154 1389 1244 1456 atque
1268 1385 1423 1443 adamam
1451 1389 1614 1448 deductum
1640 1395 1832 1451 triturationis

122 1474 278 1547 praesentis
293 1473 358 1530 vitm
373 1474 499 1544 gloriam
513 1475 631 1541 descrit,
647 1491 701 1546 spe
712 1475 742 1529 in
758 1481 869 1529 retema
884 1473 950 1527 viri-
1006 1471 1139 1542 pondero
1155 1473 1308 1543 premitur,
1325 1479 1355 1530 ut
1370 1492 1388 1530 a
1402 1476 1559 1548 palearum
1575 1483 1761 1540 connexione
1773 1484 1831 1539 sol-

121 1563 226 1618 descit.
244 1561 293 1618 Vel
307 1564 464 1634 cericiusti
479 1564 638 1635 progenies
658 1563 734 1618 sicut
748 1563 843 1620 ber-ba
869 1568 951 1616 terrra
972 1577 991 1630 g
1007 1565 1102 1614 vatur.
1120 1561 1194 1625 Ouia
1219 1577 1304 1616 mens
1328 1567 1431 1619 nostra
1457 1566 1567 1622 crelesti
1582 1567 1747 1642 disciplinae
1763 1587 1832 1644 sup-

122 1655 226 1720 oritur,
242 1652 314 1725 quia
337 1653 410 1708 dum
439 1653 567 1708 vivendo
583 1657 730 1708 monstrat
747 1652 830 1724 quod
845 1651 950 1724 praedi-
1007 1649 1111 1719 posita.
1127 1650 1200 1704 «lum
1216 1651 1407 1706 correctionis
1423 1651 1541 1722 llagella
1554 1657 1686 1728 percipit,
1706 1673 1724 1714 a
1740 1675 1832 1715 socie·

122 1742 222 1798 cando
238 1741 351 1808 asserit,
367 1741 527 1798 multitudo
540 1743 729 1814 sequentium
749 1740 951 1796 innumerabi-
1007 1740 1063 1790 tate
1078 1737 1243 1792 carnalium
1260 1739 1400 1794 mundior
1414 1741 1532 1807 recedit,
1555 1747 1583 1797 et
1596 1743 1704 1799 relictis
1727 1745 1830 1818 paleis,

121 1828 159 1882 lis
176 1829 317 1900 exsrrrgtt.
336 1830 491 1902 sequitur:
1006 1825 1044 1880 ad
1059 1825 1200 1880 borreum
1214 1827 1333 1882 ducitur
1350 1831 1440 1900 :quia
1453 1830 1523 1885 loris
1550 1835 1775 1890 remanentibus
1788 1851 1831 1890 re-

161 1920 243 1973 Vsns.
258 1919 301 1974 et.
321 1919 501 1992 ingredieris
516 1920 548 1974 iu
563 1919 752 1973 abundantio
769 1919 949 1986 sepuitorem.
1006 1913 1120 1985 probis,
1136 1915 1229 1970 electa
1254 1917 1356 1972 anima
1376 1918 1415 1972 ad
1428 1935 1565 1991 superum
1581 1923 1744 1978 mansionis
1759 1941 1831 1995 gau-

120 2007 249 2072 -Quid
265 2007 345 2062 enim
358 2006 487 2079 sepulcri
506 2007 638 2076 nomine,
652 2007 708 2062 rusi
723 2006 953 2078 corrtcmplativa
1006 2003 1056 2059 dia
1069 2009 1179 2062 aeterna
1194 2005 1374 2067 sublevatur.
1397 2011 1429 2062 Et
1443 2009 1470 2064 iu
1494 2010 1592 2065 alieno
1618 2011 1740 2086 quidem
1756 2017 1831 2070 tem-

120 2096 187 2150 vita
200 2095 357 2166 signatur?
369 2096 470 2151 activa
495 2111 617 2168 quoque
631 2095 690 2151 vitu
714 2095 884 2166 sepulcrum
899 2099 952 2164 est,
1007 2107 1079 2165 pore
1103 2094 1310 2164 percussiones
1326 2096 1466 2162 sentiunt,
1491 2099 1541 2154 sed
1563 2099 1594 2154 in
1611 2117 1666 2156 suo
1681 2117 1699 2157 a
1714 2117 1832 2174 pereus-

120 2183 951 2257 quiaapravisnosoperibusmortuostegitSert‹roir-
1008 2181 1092 2236 sioue
1119 2181 1318 2252 requiescunt.
1353 2183 1456 2238 illectis
1484 2187 1596 2258 quippe
1636 2193 1753 2260 tempus
1787 2195 1833 2246 est

121 2271 299 2344 templatim
314 2272 442 2344 perfecte
466 2272 578 2344 sepelit,
595 2272 667 2344 quia
682 2289 700 2327 a
717 2271 830 2327 crinctis
847 2271 950 2326 mundi
1007 2270 1138 2325 alienum
1153 2269 1210 2324 vita
1224 2287 1355 2342 praesens
1369 2272 1448 2326 rande
1463 2273 1647 2346 quibusdam
1673 2277 1772 2332 adbuc
1788 2279 1833 2333 in-

122 2360 297 2416 actionibus
322 2359 456 2418 funditus
483 2361 596 2416 dividit.
614 2361 685 2416 ilinc
702 2360 809 2416 Paulus
830 2360 953 2432 sepultis
1006 2357 1145 2413 fidelibus
1162 2357 1271 2414 Veritas
1282 2359 1352 2414 dicit
1369 2377 1375 2414 :
1395 2379 1405 2410 ι
1424 2363 1552 2434 Tempus
1576 2378 1677 2418 meum
1697 2365 1834 2420 noudum

121 2449 244 2505 dicebat
260 2467 266 2504 :
281 2473 293 2498 ι
311 2450 414 2506 Μοιιιιι
424 2450 504 2506 ιιιιιιιι
519 2450 599 2520 estis,
614 2473 628 2499 a
654 2449 806 2523 etreliqua
822 2453 893 2519 (ent.
913 2467 952 2519 m,
1007 2447 1094 2510 venit,
1112 2451 1230 2518 tempus
1241 2452 1341 2503 autem
1355 2455 1488 2506 vestrum
1503 2465 1621 2523 semper
1635 2455 1681 2508 est
1694 2457 1833 2523 paratum

122 2538 250 2606 Sillim
274 2541 318 2592 cst
345 2537 597 2609 quodAbraham
617 2539 777 2610 conjugem
803 2545 953 2594 mortuam
1006 2537 1217 2606 (·louu.vu,6l.
1265 2536 1426 2608 Sequitur:

122 2627 155 2681 ιιι
179 2626 316 2698 sepulcro
341 2625 453 2699 duplici
482 2626 594 2699 sepelit.
612 2627 658 2681 Vir
677 2627 789 2698 quippe
804 2628 952 2700 perlectus
1044 2627 1127 2680 Vens.
1141 2629 1186 2678 ιι.
1210 2626 1287 2680 Erre
1300 2627 1354 2681 boe
1369 2633 1401 2680 ut
1416 2628 1659 2698 investiverimus
1674 2631 1715 2687 itu
1732 2637 1782 2687 est.
1799 2664 1833 2673 -

121 2713 297 2786 sepulcrum
322 2715 351 2770 in
378 2715 564 2772 abundantia
590 2715 764 2784 ingreditur,
780 2717 851 2788 quia
872 2717 954 2788 prius
1010 2715 1108 2788 Liquet
1126 2715 1258 2786 prolecto
1271 2715 1353 2786 quod
1369 2716 1398 2770 ιιι
1410 2716 1455 2771 bis
1468 2717 1509 2772 nil
1525 2717 1564 2772 ab
1579 2735 1615 2774 eo
1628 2720 1713 2790 juxta
1729 2737 1833 2794 super-

122 2804 227 2860 actives
243 2805 307 2859 vitae
323 2819 415 2876 opera
427 2809 602 2874 congregat,
626 2810 654 2860 et
668 2805 865 2876 postmodum
890 2821 953 2860 oar·
1008 2805 1106 2860 ficiem
1116 2803 1232 2858 dicitur.
1250 2804 1321 2874 qnia
1334 2804 1474 2859 nimirum
1487 2811 1555 2861 autc
1566 2807 1671 2863 taciem
1685 2825 1743 2864 non
1757 2811 1836 2880 iacet

122 2893 172 2949 uis
193 2909 315 2948 sensum
329 2909 381 2966 per
395 2894 680 2966 contemplationem
695 2899 857 2962 mortuum,
874 2893 954 2948 bum
974 2922 994 2976 C
1009 2891 1092 2964 qnod
1108 2892 1310 2958 investigatur.
1324 2892 1378 2956 Oui
1394 2907 1464 2962 ergo
1479 2894 1542 2947 brec
1558 2894 1735 2964 investigare
1748 2914 1778 2953 se
1793 2898 1835 2952 ιιι-

123 2981 242 3038 mundo
264 2981 400 3038 funditus
416 2979 554 3038 occultat.
577 2981 708 3038 Actionis
731 2997 863 3053 namque
881 2987 954 3038 tem-
1010 2981 1100 3046 (Sciit,
1116 2980 1188 3051 quia
1199 2996 1227 3033 m
1244 2978 1343 3034 verbis
1354 2979 1548 3036 exterioribus
1561 2981 1700 3038 interiora
1713 2983 1836 3055 quaesie-

123 3087 184 3142 pus
215 3069 347 3143 primum
381 3075 425 3126 est
452 3087 458 3124 :
488 3069 747 3142 contemplationis
778 3075 954 3125 exuemum.
1011 3069 1046 3124 rit
1067 3068 1262 3122 demonstrat.
1286 3065 1423 3138 Sequitur
1446 3067 1555 3133 :Quod
1577 3069 1837 3136 auditorumque

125 3159 211 3216 Unde
237 3175 359 3216 necesse
390 3163 443 3226 eet,
475 3163 506 3214 ut
538 3159 687 3232 perlectus
718 3159 846 3231 quisque
872 3159 957 3232 prius
1009 3161 1173 3228 pertracta.
1205 3186 1240 3196 -
1266 3154 1455 3221 Quantalibet
1482 3157 1562 3212 enim
1587 3157 1722 3214 doctrina
1750 3175 1836 3215 mens

123 3253 260 3304 mentem
271 3248 430 3306 virtutibus
453 3253 599 3314 exerceat,
624 3253 713 3321 atque
730 3250 807 3307 trane
822 3255 954 3320 postmo-
1010 3247 1129 3319 polleat,
1142 3245 1240 3312 gravis
1256 3246 1321 3315 ejus
1338 3243 1484 3318 imperitia
1499 3250 1543 3302 est
1558 3246 1632 3302 velle
1644 3247 1751 3303 docere
1778 3265 1838 3304 ma

123 3339 203 3393 dum
226 3339 256 3394 in
280 3339 421 3395 borreum
448 3338 556 3412 quietis
583 3339 701 3394 condat.
726 3339 799 3394 ilino
818 3339 955 3411 estquod
1010 3337 1123 3392 liorem.
1141 3335 1221 3391 ttnde
1237 3339 1264 3389 et
1277 3349 1312 3389 ea
1327 3351 1394 3406 quae
1409 3333 1448 3390 ab
1463 3334 1591 3390 inimicis
1615 3341 1696 3392 recta
1720 3337 1835 3410 prolata

123 3427 221 3483 iacob
243 3443 299 3500 pro
314 3427 423 3484 Rachel
454 3427 583 3498 servivit,
599 3431 627 3483 et
650 3427 731 3484 Liam
761 3429 883 3500 accepit.
902 3431 954 3484 Po·
1011 3431 1090 3487 sunt,
1107 3424 1146 3481 ab
1159 3424 1275 3479 interno
1289 3423 1402 3478 arbitro
1424 3439 1485 3480 non
1509 3423 1786 3495 rectajudicautur.
1805 3431 1836 3481 tn

123 3519 186 3572 test
211 3515 300 3572 etiam
326 3533 379 3588 per
392 3517 563 3589 sepulcrum
579 3532 640 3572 non
656 3515 754 3572 solum
780 3515 809 3571 in
824 3517 881 3574 bac
896 3517 956 3573 vita
1010 3531 1191 3587 cenamque
1206 3513 1265 3570 vim
1288 3529 1349 3568 sure
1375 3513 1558 3570 rectitudinis
1580 3513 1728 3578 amittunt,
1754 3515 1837 3588 quod

123 3609 231 3661 nostra
243 3605 465 3678 contemplatio,
482 3605 535 3661 sed
559 3604 644 3678 quies
660 3607 778 3662 aeterne
801 3611 829 3662 et
843 3605 956 3662 intimae
1011 3604 1139 3684 auditori
1153 3619 1214 3660 uon
1225 3607 1405 3674 congruunt.

733 3895 904 3986 Llsslili
947 3893 1235 3982 SEPTIMUS.

916 4077 1064 4091 m

454 4169 565 4224 CAPUT
584 4169 630 4224 Vt.

158 4261 248 4314 Vaas.
268 4261 292 4326 t,
306 4259 332 4314 3.
367 4258 485 4314 Utinam
512 4255 812 4328 apprehenderentur
834 4273 870 4328 pe
883 4267 956 4313 rato
1013 4257 1152 4330 suspirat.
1165 4255 1220 4324 Qui
1235 4256 1315 4314 enim
1330 4257 1600 4330 peregrinationem
1614 4273 1668 4334 pro
1681 4257 1779 4332 patria
1794 4256 1838 4314 di-

975 4170 998 4222 [t
1013 4167 1085 4242 quia
1094 4183 1254 4241 quousque
1263 4167 1590 4242 praesentialelerat,ad
1599 4165 1839 4242 aliudloqueudo

121 4363 193 4406 meu
203 4347 308 4419 quibus
328 4347 405 4404 irum
415 4348 520 4416 acerui,
532 4353 559 4404 et
571 4348 729 4404 catamitos
742 4363 831 4420 qrrom
840 4349 953 4417 patior,

121 4441 156 4494 iu
166 4441 298 4494 statera!
313 4437 402 4508 quusi
411 4451 503 4492 uranu
516 4437 609 4492 moris
618 4437 680 4494 liae
692 4437 817 4507 grauior
827 4452 955 4511 appare-

123 4533 222 4582 ret.—
233 4528 353 4584 Stateue
362 4525 484 4582 nomine
497 4525 546 4581 Dei
555 4529 583 4582 et
593 4525 752 4582 hominum
761 4525 901 4582 Mediator
909 4543 957 4580 en-

124 4615 276 4692 primitur,
292 4613 344 4688 qui
358 4614 398 4672 ad
412 4615 603 4692 pausandum
616 4614 681 4672 vitre
692 4619 801 4670 nostra
816 4615 953 4672 meritum

123 4705 218 4772 venit,
240 4721 274 4760 ac
290 4721 392 4760 secum
405 4704 550 4776 justitiam
561 4703 650 4760 simui
669 4708 697 4760 et
720 4703 956 4760 misericordiam

124 4779 241 4850 detulit.
254 4791 310 4848 Sed
325 4791 537 4848 misericordiae
550 4792 635 4848 lance
645 4791 880 4866 praeponderans
896 4791 956 4848 cul-

123 4898 185 4956 pas
195 4881 484 4956 nostras,parcendo
497 4881 646 4954 levigavit.
661 4881 819 4938 calamitas
834 4880 954 4956 quidem

123 4971 158 5026 in
174 4972 283 5026 statera
302 4969 401 5042 gravis
415 4970 563 5044 apparuit,
577 4969 649 5044 quia
664 4969 778 5026 malum
794 4969 876 5044 quod
888 4985 956 5042 per-

123 5059 202 5128 tulit,
219 5059 338 5116 uonnisi
362 5060 570 5134 inpraesentia
595 5059 798 5132 Redemptoris
824 5057 945 5130 agnovit

124 5150 225 5220 Magni
236 5155 336 5208 autem
347 5167 439 5206 arena
450 5151 542 5208 maris
553 5155 599 5206 cst
608 5149 762 5224 ponderis,
774 5148 827 5204 sed
838 5148 957 5204 calami·

124 5239 413 5296 tashomiuisarcna
426 5241 517 5294 maris
531 5239 650 5310 gravior
660 5239 778 5305 dicitur,
794 5239 866 5310 quia
881 5238 957 5294 dura

124 5329 218 5386 luisse
229 5345 320 5404 prena
328 5329 503 5394 ostenditur,
511 5328 584 5384 dum
595 5343 649 5402 per
659 5326 960 5398 misericordissimi,

124 5435 194 5476 cem
208 5419 296 5494 culpa
304 5419 462 5488 levigatur.
474 5417 611 5490 Sequitur
632 5435 638 5470 ε
659 5418 739 5474 Unde
749 5423 775 5474 et
790 5417 879 5474 verbu
892 5431 957 5474 ineu

123 5507 231 5565 dolore
242 5515 312 5566 sunt
320 5509 423 5580 plenu.
433 5538 467 5545 —
477 5506 550 5562 tosti
561 5506 650 5562 verba
661 5507 763 5564 dolore
774 5505 865 5580 plena
876 5509 954 5576 sunt,

1010 4345 1084 4418 ligit,
1098 4345 1233 4402 dolorem
1248 4346 1337 4404 etiam
1348 4347 1423 4404 inter
1432 4346 1551 4406 dolores
1565 4347 1666 4404 nescit.
1678 4347 1815 4424 Sequitm
1831 4365 1837 4404 :

1046 4437 1132 4492 Vnus.
1148 4439 1174 4492 i.
1192 4437 1267 4504 Quia
1280 4438 1398 4508 sagittae
1410 4438 1532 4494 Domini
1545 4439 1577 4494 in
1591 4453 1637 4496 me
1647 4442 1726 4496 suut.
1739 4470 1771 4477 -
1789 4439 1839 4497 Sa.-

1011 4524 1152 4596 gittarum
1160 4525 1272 4600 quippe
1285 4525 1407 4582 nomine
1418 4525 1581 4599 aliquando
1592 4525 1839 4598 praedicationum

1011 4615 1104 4673 verba
1112 4615 1278 4688 signantur.
1288 4618 1326 4672 tie
1336 4615 1383 4670 bis
1393 4615 1548 4672 Psalmisla
1559 4615 1598 4671 ait
1610 4632 1616 4669 ε
1630 4640 1643 4668 ι
1655 4613 1772 4684 Sagittae
1783 4619 1839 4670 tuae

1012 4709 1140 4773 acutam
1154 4705 1310 4778 etreliqua
1325 4705 1385 4776 (Pa.
1401 4721 1467 4772 run,
1477 4706 1515 4772 o).
1534 4707 1565 4760 Et
1575 4703 1664 4760 isaias
1682 4721 1712 4758 :a
1729 4702 1839 4760 lttittam

1011 4793 1107 4850 exitis
1130 4793 1182 4866 qui
1197 4793 1300 4849 salvati
1316 4793 1424 4854 luerint
1451 4794 1491 4850 ad
1517 4797 1619 4865 gentes
1646 4793 1677 4850 iu
1703 4791 1788 4864 mari,
1809 4793 1840 4850 in

1011 4881 1119 4954 sirica,
1136 4881 1167 4936 in
1192 4880 1294 4954 Lydia,
1316 4886 1447 4940 tenentes
1463 4883 1596 4954 sagittas,
1619 4882 1649 4940 iu
1671 4882 1797 4953 ltaliam,
1812 4887 1842 4952 et

1012 4971 1155 5031 Graeciam
1168 4972 1237 5040 (Iso.
1249 4987 1324 5044 mvi,
1339 4973 1390 5044 ta).
1405 4971 1596 5046 »Aliquando
1607 4973 1840 5033 animadversio·

1012 5061 1059 5116 nis
1074 5059 1221 5117 sententia
1244 5060 1427 5132 designatur,
1455 5062 1529 5118 sicut
1547 5064 1618 5120 Joas
1637 5063 1700 5136 regi
1714 5079 1767 5136 per
1783 5062 1839 5118 Eli-

1013 5167 1098 5207 seum
1114 5151 1239 5206 dicitur:
1254 5151 1345 5206 atace
1361 5151 1501 5222 sagittam
1517 5151 1574 5224 (IV
1585 5154 1656 5225 lieu.
1676 5169 1734 5220 ιιιι,
1753 5151 1806 5218 tr).
1826 5171 1839 5196 u

1013 5239 1078 5303 Quo
1090 5238 1206 5308 jacente
1222 5237 1263 5293 ait
1277 5255 1283 5291 1
1296 5260 1309 5288 u
1326 5239 1472 5294 Percuties
1485 5239 1611 5312 Syriam,
1621 5239 1717 5294 donec
1733 5249 1841 5288 cousu-

1012 5343 1076 5382 mes
1091 5342 1158 5383 eam
1173 5326 1387 5398 (retulinus
1400 5328 1607 5400 ergodiceret:
1623 5326 1682 5390 Ego
1692 5323 1722 5376 in
1736 5319 1840 5378 exsilio

1012 5415 1214 5474 damnationis
1237 5431 1298 5472 nou
1320 5417 1449 5488 gaudeo,
1477 5416 1549 5488 quia
1566 5411 1626 5466 ιιιιι
1638 5410 1840 5482 percussionis

1012 5521 1154 5592 agnosco.
1168 5505 1322 5580 Sequitur:
1334 5507 1467 5576 Quarum
1477 5498 1647 5572 urucam
1657 5498 1746 5560 ettttt
1754 5502 1840 5572 spiri-
