4120 6154
95 160 141 216 ru
482 112 632 212 errrore
650 151 834 214 scaurus
852 151 882 210 s.
901 151 1004 209 case.
1024 154 1059 211 ru
1077 153 1148 214 roa
1168 179 1204 198 -
1222 155 1289 212 rra.
1310 156 1402 220 xxia.
1741 163 1796 220 sse

93 278 206 344 herhas,
222 279 333 334 sanctae
357 277 502 334 dootdnra
528 276 685 334 scientiam
698 274 747 334 rel
760 289 914 344 congruas
928 279 953 334 Α
967 275 1087 349 ooelum,
1101 281 1131 334 et
1144 277 1253 352 loquar
1280 279 1525 353 (fsa.nxv1,l).»
1548 281 1622 342 Hine
1650 283 1797 344 Dominus

94 365 274 440 operationes
288 366 465 439 accipimus,
481 365 638 440 quiadum
646 363 914 437 sancireprsedica·
967 363 1028 422 ait:
1045 387 1060 416 ιι
1074 365 1223 424 celorum
1247 367 1322 426 mibi
1342 369 1429 426 sedes
1452 375 1499 428 est
1511 371 1641 444 tibur.»
1665 374 1706 430 [te
1733 389 1796 446 qua

94 455 173 516 tionis
184 453 315 512 imbrem
332 454 479 526 gentilitas
492 454 628 528 percipit,
643 458 673 512 et
694 454 763 512 vita
780 468 872 527 opera
886 455 916 509 et
967 454 1124 514 sedealias
1140 456 1286 530 scriptum
1302 461 1366 516 est:
1394 459 1529 516 «Anima
1545 461 1619 532 justi
1643 462 1731 520 sedes
1751 467 1796 522 est

92 543 227 604 doctrinar
251 542 344 600 rerba
371 543 558 616 germinavit.
587 543 660 600 tlinc
684 543 833 616 Propheta
847 539 912 598 ait:
968 543 1134 616 sapientire.
1148 565 1164 598 s
1180 545 1256 614 Quia
1267 546 1515 626 ergosapientia
1535 552 1581 606 est
1594 552 1685 620 Deus,
1707 551 1796 612 sedes

92 630 359 700 «meabilibusin
373 631 485 705 quibus
505 631 589 705 prius
612 631 789 692 babitabant
811 629 916 688 draco-
967 632 1019 690 Dei
1034 633 1144 692 coelum
1157 637 1212 704 est,
1227 634 1330 694 anima
1351 635 1424 708 justi
1445 635 1531 692 sedes
1556 637 1721 711 sapientia.
1734 643 1797 700 (ἔω-

90 737 149 790 nes,
169 720 280 778 orietur
288 719 370 778 viror
383 719 495 778 calami
509 725 539 778 et
550 721 636 794 junci
652 721 721 794 (Iso.
736 737 829 790 xxxv,
842 723 882 790 7).
899 741 914 770 r
934 793 937 801 Ι
967 719 1031 780 lum
1045 725 1091 778 est
1102 722 1204 796 utique
1215 722 1317 780 anima
1329 723 1411 796 justi.
1431 723 1547 782 Coelum
1561 725 1617 782 tuit
1629 727 1795 798 abraham,

91 811 141 868 Ubi
157 809 189 866 in
201 809 331 878 mismo,
347 809 506 882 scriptores
518 826 526 878 ;
541 809 574 866 in
585 810 689 882 junco,
702 808 855 868 auditores
866 808 916 868 de·
968 809 1052 866 isaac
1064 811 1204 870 etiaeob.
1217 812 1274 869 Sed
1286 812 1360 886 quia
1371 817 1577 890 persecutores
1592 815 1709 874 Domini
1720 831 1796 890 pon·

91 899 232 970 signarit3
248 898 280 955 in
294 898 463 956 draconum
477 898 638 968 cubilibus,
652 898 811 973 populum,
821 913 915 971 quem
967 897 1061 956 titiees
1074 899 1259 973 iudeorum,
1273 901 1408 975 pertidia
1422 905 1542 976 torpore
1555 903 1666 976 frigidi,
1682 904 1721 962 de
1731 903 1796 960 illo-

90 988 177 1046 hostis
189 987 305 1044 matitia
323 987 507 1061 possidebat.
522 990 915 1046 herisimallesertaterra
967 1003 1035 1044 rum
1046 991 1167 1061 patrum
1181 991 1555 1065 progenieproeessertmt,
1571 991 1796 1067 quasidecoelo
1861 1063 1864 1070 Ι

90 1081 164 1148 sunt,
179 1075 233 1150 qui
247 1075 318 1134 fidei
338 1075 462 1134 nomine
481 1081 652 1150 censentur,
665 1076 760 1134 verba
774 1076 839 1133 vitre
862 1091 915 1133 au·
968 1076 1037 1148 gelu
1050 1078 1129 1135 exiit.
1146 1079 1233 1146 Quod
1248 1085 1349 1138 umen
1364 1081 1434 1152 gelu
1447 1081 1559 1140 idcirco
1581 1082 1670 1140 nobis
1698 1080 1797 1140 ilenri-

88 1167 170 1224 dium
182 1165 318 1238 auribus,
333 1164 387 1222 sed
401 1181 437 1222 ea
465 1165 590 1223 hansire
617 1182 714 1239 usque
737 1165 779 1224 ad
797 1165 916 1224 interna
966 1183 1026 1224 nus
1039 1169 1178 1238 genuisse
1189 1185 1221 1226 se
1234 1170 1316 1240 dicit,
1328 1171 1530 1244 quiaiudsos
1538 1171 1796 1246 quosnaturaliter

88 1255 182 1312 cordis
191 1253 315 1311 minime
330 1253 514 1326 permittunt.
529 1255 600 1318 Quae
613 1254 723 1312 scilicet
731 1257 808 1312 terra
818 1253 915 1312 bomi-
967 1255 1031 1330 ipse
1040 1255 1139 1314 bonos
1153 1258 1297 1328 condidit,
1320 1259 1404 1331 justo
1415 1259 1530 1332 judicio
1542 1276 1599 1334 pro
1613 1275 1719 1318 eorum
1732 1275 1797 1318 ma·

87 1359 152 1401 nem
164 1357 228 1401 non
242 1343 344 1414 habet,
357 1343 547 1417 quiaeorum
571 1359 659 1402 mens
676 1360 767 1402 sensu
789 1344 914 1402 rationis
966 1344 1029 1402 litia
1042 1345 1167 1416 frigidos
1182 1362 1245 1404 ase
1259 1347 1339 1404 exire
1352 1348 1797 1421 permisitllominusenimau·
1840 1359 1843 1366 ·

86 1439 173 1505 caret,
185 1438 214 1490 et
226 1432 328 1490 nrrllus
346 1433 520 1490 mortalium
534 1433 565 1490 in
577 1434 635 1490 hac
650 1437 727 1492 terra
741 1449 913 1490 commura-
968 1437 1032 1490 otor
1046 1439 1225 1507 estnatura,
1241 1451 1305 1492 non
1319 1435 1429 1510 culpa.
1441 1437 1552 1496 Aliter:
1568 1438 1601 1496 in
1614 1437 1683 1508 gelu
1695 1437 1796 1508 etgia·

87 1527 140 1586 tur.
153 1522 228 1596 quia
239 1525 269 1580 et
279 1521 304 1578 si
315 1521 441 1595 quando
453 1521 485 1578 in
498 1537 605 1578 eorum
620 1521 804 1580 conscientia
823 1522 913 1578 rasio-
967 1523 1010 1580 cie
1023 1525 1123 1592 Satan,
1137 1523 1211 1580 nihil
1225 1523 1326 1581 obstat
1342 1524 1474 1596 intelligi.
1486 1530 1552 1599 lpse
1574 1527 1688 1600 quippe
1707 1527 1797 1600 quasi

85 1610 229 1668 nubilium
241 1625 386 1666 sensuum
400 1610 596 1681 cogitationes
610 1611 743 1681 veniunt,
758 1625 820 1667 non
847 1626 913 1684 per·
928 1630 949 1686 g
966 1611 1003 1668 de
1015 1615 1075 1670 [teo
1087 1627 1159 1668 vero
1172 1611 1281 1684 glacies
1303 1613 1457 1686 prooessit,
1471 1614 1546 1688 quia
1561 1631 1580 1672 a
1593 1614 1693 1672 calore
1702 1629 1797 1672 secre-

86 1699 200 1756 sistunt.
218 1699 276 1757 Sed
297 1699 372 1756 dum
399 1698 568 1756 misericors
596 1699 685 1756 imbri
708 1716 764 1757 suo
789 1716 912 1756 cursum
966 1704 1065 1758 torum
1079 1701 1145 1772 eius
1158 1699 1280 1757 malitia
1293 1705 1412 1774 torpore
1436 1701 1563 1772 frigidus
1578 1700 1722 1772 magister
1741 1699 1796 1756 ini-

85 1785 155 1844 dare
169 1787 353 1858 designatur,
369 1787 543 1860 compuncti
556 1803 609 1860 per
620 1789 770 1844 internam
785 1788 912 1859 gratiam
965 1789 1087 1862 quitatis
1098 1789 1197 1846 exirit.
1213 1794 1279 1862 lpse
1290 1789 1361 1861 gelu
1370 1790 1409 1846 de
1423 1789 1499 1848 coelo
1514 1794 1558 1848 ost
1571 1789 1700 1861 genitus,
1722 1787 1796 1861 quia

85 1875 182 1932 verbis
194 1876 262 1933 vitae
276 1890 365 1934 aures
378 1875 478 1932 cordis
500 1880 648 1948 aperiunt.
675 1879 709 1934 iit
735 1877 841 1950 impiet
858 1881 914 1932 ter·
966 1879 1180 1936 constricturus
1193 1879 1286 1936 eorda
1299 1880 1508 1953 reproborum,
1518 1895 1537 1936 a
1547 1878 1674 1936 summis
1687 1877 1796 1936 eadere

83 1966 283 2035 ramiavicm,
297 1964 371 2037 quia
384 1963 459 2020 dum
474 1964 588 2036 prabet
603 1964 915 2035 auditumverbo,cu-
967 1971 1014 2024 est
1040 1967 1209 2039 promissus
1233 1968 1424 2040 [permissus]
1448 1968 1489 2044 ad
1515 1967 1586 2025 ima.
1615 1968 1794 2024 Moasurm.

82 2053 217 2110 mutatur
230 2051 386 2125 mysterio.
410 2053 451 2108 Et
472 2053 616 2122 producit
643 2052 751 2110 herbas
775 2054 913 2122 virentes,
968 2058 1077 2114 tientes
1091 2071 1225 2129 namque
1238 2057 1397 2114 hominum
1416 2057 1606 2130 omnipotens
1620 2059 1698 2114 flens
1720 2056 1796 2114 dum

81 2141 158 2214 quia
172 2156 225 2214 per
239 2141 368 2213 gratiam
380 2140 620 2214 compunctionis
634 2141 727 2198 rerba
739 2157 802 2198 non
816 2140 915 2198 solum
969 2145 1074 2202 timore
1088 2143 1209 2214 format,
1225 2147 1314 2219 quasi
1327 2145 1467 2218 concipit,
1482 2161 1593 2219 easque
1611 2145 1653 2204 ad
1677 2149 1796 2218 apertas

80 2229 209 2287 libenter
223 2229 341 2303 accipit,
358 2229 514 2288 sedetiam
528 2229 657 2288 ubertim
671 2229 779 2302 reddit,
790 2233 822 2286 ut
831 2234 915 2303 quod
968 2232 1092 2290 virtutes
1106 2232 1181 2288 dum
1195 2233 1343 2306 provehit,
1359 2233 1474 2304 gignit;
1490 2233 1543 2290 sed
1556 2233 1581 2289 si
1608 2233 1646 2289 de
1667 2231 1797 2306 acceph's

82 2317 187 2374 audire
212 2333 275 2374 non
288 2321 416 2392 poterat.
431 2320 497 2375 iam
511 2317 595 2391 loqui
617 2319 819 2391 concupiscat.
842 2318 915 2374 ilinc
968 2320 1127 2379 virtutibus
1141 2321 1333 2390 extolluntur,
1347 2320 1498 2394 relinquit.
1511 2318 1798 2388 Quasicnimdcllei

83 2406 227 2480 scriptum
240 2411 285 2464 est
301 2423 308 2462 :
325 2406 461 2464 «Emitte
475 2407 617 2480 Spiritum
632 2411 719 2464 tuum
726 2411 755 2466 et
767 2407 915 2464 creabun-
968 2415 1054 2467 utero
1068 2409 1180 2480 glacies
1192 2410 1352 2481 egreditur,
1367 2409 1492 2482 quando
1515 2409 1546 2468 hi
1560 2410 1614 2484 qui
1624 2409 1691 2482 jam
1716 2408 1798 2466 intus

83 2498 139 2565 tur,
154 2517 169 2546 s
186 2497 242 2552 etc.
257 2495 352 2566 (Prot.
372 2509 431 2563 eru,
447 2498 504 2560 ³0.)
519 2493 675 2568 Sequitur:
968 2496 1158 2554 incaluerunt
1170 2512 1207 2554 ex
1220 2498 1365 2555 virtutum
1380 2497 1462 2556 dono
1481 2497 1656 2570 frigescunt,
1672 2500 1701 2554 et
1726 2495 1797 2554 inde

116 2585 200 2639 vass.
216 2585 262 2664 28,
276 2583 346 2652 Quis
356 2589 400 2642 est
418 2583 530 2653 plecta
545 2589 642 2652 poter,
659 2584 707 2642 eet
720 2584 787 2655 quis
809 2585 914 2655 genuit
968 2586 1145 2644 exteriorem
1160 2586 1287 2660 gloriam
1302 2591 1453 2661 torpentes
1476 2591 1632 2662 appetunt.
1658 2585 1741 2644 [inde
1756 2582 1797 2642 ad

83 2673 182 2729 stittirs
195 2673 274 2730 mis
288 2677 348 2730 t·-
357 2675 400 2729 Aa
414 2672 440 2728 si
454 2671 582 2729 diceret:
610 2672 671 2730 Nisi
691 2687 774 2743 ergo,
788 2673 842 2746 qui
861 2673 916 2730 sie-
967 2675 1086 2734 interna
1112 2675 1269 2747 diligenda
1293 2676 1447 2736 ardentius
1460 2677 1589 2748 flagrare
1614 2675 1794 2734 debuerunt.

83 2775 149 2818 cam
160 2765 275 2818 terram
289 2761 416 2818 humani
431 2760 529 2818 cordis
542 2761 632 2832 guttis
641 2761 772 2818 somnum
779 2763 914 2832 gratmtrs
970 2768 1053 2823 lianc
1068 2764 1195 2837 glaciem
1207 2781 1289 2822 nune
1303 2765 1334 2822 in
1346 2769 1432 2825 utero
1444 2766 1591 2824 Dominus
1602 2767 1711 2840 portat,
1724 2762 1798 2838 qnia

83 2863 196 2921 spargo
207 2850 222 2907 f
233 2853 274 2906 lle
287 2849 347 2907 hac
356 2849 438 2906 enim
453 2848 557 2922 pluvia
569 2847 644 2905 alias
658 2847 788 2905 dieitur:
818 2869 833 2898 a
847 2846 915 2904 Plu·
969 2855 1047 2912 inira
1057 2855 1159 2912 sinum
1174 2859 1285 2912 srnrrae
1300 2855 1437 2912 sortem
1452 2855 1565 2924 tolerat,
1578 2855 1633 2912 rod
1642 2867 1696 2928 per
1704 2857 1798 2910 extre·

83 2937 161 2995 riam
173 2938 378 2996 voluntariam
392 2936 577 3009 segregabis,
600 2939 689 3004 Deus,
705 2957 720 2988 s
745 2941 800 2994 etc·
817 2936 912 3004 (wa
929 2979 951 3037 c
967 2961 1054 3002 mum
1066 2948 1095 3002 et
1103 2944 1441 3018 publicatumJ'udiclum
1451 2944 1667 3018 hancrapellet,
1676 2943 1795 3002 dicens:

83 3043 170 3096 mm,
192 3028 246 3097 to.)
258 3028 354 3086 Pili&
361 3027 476 3098 plecta
490 3029 568 3084 ⁰⁸⁰⁹
582 3025 700 3094 ditiiffl'r
720 3025 792 3099 (luit
810 3039 914 3099 ⁸11P01'·
968 3056 983 3087 s
999 3034 1102 3092 Nescio
1114 3049 1169 3090 ros
1184 3033 1265 3092 unde
1278 3033 1350 3104 sitis,
1361 3035 1532 3094 disceditea
1543 3045 1797 3104 maomnesope-

83 3133 122 3174 ne
134 3117 227 3176 nobis
241 3117 414 3192 predicatio
428 3131 491 3174 non
506 3116 544 3174 de
559 3121 662 3173 nostro
676 3115 793 3184 merito,
810 3115 864 3172 sed
876 3113 915 3170 de
967 3123 1038 3182 mn
1049 3123 1214 3196 iniquitatis
1228 3124 1311 3195 (Lm,
1326 3139 1392 3195 mr,
1408 3125 1483 3197 27)»
1498 3123 1614 3182 eoelum
1626 3121 1729 3195 usqua
1751 3135 1799 3178 gg.

83 3209 146 3280 ejus
161 3207 261 3281 gratia
273 3211 446 3280 genermur.
460 3205 550 3265 Stiliae
566 3205 647 3262 enim
660 3206 736 3263 roris
748 3204 806 3278 ipsi
820 3204 916 3262 saneti
969 3228 1055 3270 rrum
1065 3211 1223 3285 eloquium
1230 3211 1413 3284 intelligitur,
1425 3211 1510 3286 quod
1520 3212 1601 3270 diem
1614 3210 1702 3269 nobi.
1716 3207 1799 3266 rutel.

83 3298 296 3370 predicatores
318 3301 398 3368 sunt,
414 3295 468 3370 qui
481 3311 555 3353 arva
577 3295 705 3368 pectoris
732 3293 827 3351 nostri
839 3294 916 3352 iiiior
968 3301 1097 3373 ligantias
1112 3300 1250 3374 aperiens
1265 3300 1332 3358 Sole
1345 3317 1403 3358 nos
1414 3301 1535 3374 justitie
1553 3301 1690 3360 illustrat.
1710 3297 1799 3366 tluod

84 3386 163 3444 male
179 3385 248 3444 viter
261 3385 429 3460 pratentis,
443 3384 534 3459 quasi
553 3383 693 3442 wnebror
707 3383 793 3440 rite&
819 3381 916 3440 notfir
969 3390 1043 3448 dum
1056 3389 1188 3448 nosvitse
1201 3389 1358 3464 praesentis
1371 3405 1433 3448 nox
1446 3390 1588 3462 eontinet,
1604 3388 1696 3448 stellis
1710 3387 1799 3445 nobis

83 3477 200 3535 nenas
211 3475 307 3547 matis
321 3491 459 3550 superna
472 3474 618 3546 largitatis
627 3472 801 3531 infundunt.
817 3471 915 3530 Dahis
969 3476 1185 3536 mandatorum
1199 3477 1303 3550 fulget.
1320 3476 1378 3534 Sed
1396 3477 1470 3550 quia
1498 3480 1647 3551 «oportet
1669 3477 1798 3534 hereses

83 3563 165 3623 stibis
179 3565 352 3624 contumaci
363 3564 475 3622 Judeae
495 3563 603 3622 dicitur
618 3579 626 3621 :
642 3566 830 3637 «Propterea
848 3577 916 3636 pro-
968 3584 1044 3639 esse,
1072 3573 1105 3626 ut
1129 3567 1249 3642 probati
1274 3567 1429 3626 manifesti
1455 3567 1531 3626 fiant
1550 3569 1580 3640 (I
1587 3569 1657 3627 Cor.
1669 3584 1708 3636 n,
1726 3569 1767 3637 a),
1782 3585 1798 3618 s

83 3650 187 3711 bibitse
199 3656 271 3710 sunt
282 3652 367 3710 stilla
387 3651 567 3726 pluviarum,
593 3655 623 3709 et
646 3651 795 3708 serotinus
818 3650 916 3708 imber
969 3663 1075 3718 saneta
1088 3658 1240 3732 Scriptura
1248 3673 1300 3716 ros
1315 3659 1370 3732 qui
1384 3675 1417 3716 ss
1432 3657 1586 3733 superbire
1596 3659 1800 3732 appetuntat·

82 3755 149 3798 non
157 3741 300 3814 tuittler.
315 3755 358 3812 rn,
380 3743 417 3815 3).
434 3763 449 3794 ιι
472 3745 580 3800 liorem
605 3741 786 3814 aspergebat
808 3739 916 3799 Paulus
968 3763 1028 3822 que
1039 3747 1203 3804 estanores
1217 3746 1335 3804 favores
1353 3763 1407 3820 per
1420 3747 1503 3804 iliam
1525 3750 1705 3819 sequuntur,
1726 3760 1746 3803 a
1767 3759 1800 3801 sa

84 3845 153 3887 eum
163 3830 325 3888 Corinthiis
337 3830 449 3888 diceret
464 3847 471 3888 ε
487 3852 502 3882 e
518 3835 583 3888 Non
598 3831 679 3888 enim
704 3829 841 3902 judicare
866 3844 916 3885 me
969 3836 1094 3908 frigidos
1109 3835 1224 3903 emittit,
1239 3836 1291 3908 qui
1313 3835 1388 3908 dqm
1405 3851 1424 3892 r
1447 3849 1579 3908 superna
1605 3833 1801 3905 intelligentis

82 3920 157 3978 wire
169 3919 287 3993 aliquid
300 3919 446 3988 intervos,
455 3920 513 3976 ssiri
522 3923 625 3977 iesum
633 3919 782 3976 Christum
797 3917 916 3974 siliunt
969 3924 1185 3998 respondentes
1212 3923 1338 3996 eloquiis
1352 3928 1381 3982 et
1393 3923 1544 3990 obdurati,
1567 3922 1628 3995 ipsi
1654 3921 1802 3978 seducunt

83 4009 266 4066 crucifixum
276 4009 307 4079 tf
317 4008 387 4064 tior.
402 4023 433 4078 rr,
444 4009 470 4080 t)
488 4027 496 4075 r
511 4028 527 4060 a
541 4014 570 4066 et
579 4025 701 4066 rursum
710 4007 916 4082 pluviamma-
969 4019 1101 4080 risuros,
1117 4016 1261 4069 corruunt
1275 4013 1314 4068 ad
1326 4012 1389 4069 ima
1410 4011 1574 4079 venientes,
1585 4015 1615 4067 et
1633 4009 1702 4081 gelu
1718 4011 1798 4078 sunt,

83 4099 169 4156 navit
185 4096 289 4154 dicens
304 4115 311 4154 ε
328 4117 344 4147 α
357 4099 397 4156 Os
412 4102 548 4155 nostrum
560 4099 690 4172 pstetad
704 4115 767 4168 ros,
783 4112 802 4154 o
816 4096 917 4154 Corin·
970 4101 1084 4160 stallos
1096 4100 1275 4170 astringunt,
1291 4099 1479 4172 duratusque
1491 4099 1523 4156 in
1537 4098 1600 4158 ima
1612 4097 1734 4164 corruit,
1748 4097 1801 4170 qui

83 4185 144 4253 iiiii,
159 4189 368 4243 00¹²10⁵irum
381 4184 539 4244 dinumm
561 4191 605 4244 tsi
626 4187 675 4259 (II
686 4187 751 4245 Gor·
767 4203 808 4257 vi,
831 4186 885 4258 tl).
900 4207 915 4236 r
970 4192 1011 4250 ad
1023 4191 1224 4263 cognitionem
1238 4189 1291 4246 Dei
1304 4188 1388 4263 prius
1398 4187 1559 4246 tractabilis
1586 4188 1618 4246 in
1632 4186 1759 4244 summis
1772 4189 1802 4244 et

85 4275 160 4333 ilinc
174 4277 290 4348 lfoyses
302 4274 344 4332 ait
358 4291 365 4332 :
381 4295 396 4326 c
415 4278 607 4350 Exspectatur
631 4276 708 4333 sicut
731 4275 835 4349 pluria
855 4274 916 4331 elo·
970 4281 1103 4355 liquidus
1118 4280 1227 4339 stabat.
1239 4279 1384 4338 Dominus
1400 4283 1502 4336 tamen
1516 4279 1574 4336 hoe
1589 4278 1658 4350 gelu
1679 4277 1801 4349 gignere

83 4364 193 4436 quium
207 4379 320 4433 meum,
335 4364 564 4423 etdesoendant
578 4364 821 4423 sieutrosrerba
848 4380 918 4422 mea
970 4369 1155 4445 perhibetur,
1179 4383 1242 4426 non
1263 4384 1326 4442 quo
1348 4383 1515 4444 pravorum
1542 4371 1658 4424 mentes
1676 4366 1741 4440 ipsa
1761 4362 1802 4422 ad

85 4453 185 4525 (Dent.
196 4469 287 4518 mu,
303 4459 360 4524 rt.»
376 4457 533 4530 sequitur:
970 4457 1094 4530 culpam
1103 4457 1222 4524 formet,
1236 4457 1289 4514 sed
1300 4473 1363 4530 quo
1377 4456 1499 4530 sculpe
1513 4471 1576 4514 non
1588 4455 1704 4512 bberat
1721 4453 1802 4512 Sicut

119 4545 206 4600 vass.
221 4546 267 4600 29.
281 4543 327 4600 De
341 4557 427 4614 eurus
440 4550 525 4602 urm
540 4557 658 4616 egresse
672 4547 716 4600 est
726 4544 838 4614 pinder
853 4542 868 4598 t
890 4549 917 4600 et
971 4546 1170 4620 scriptumest
1181 4562 1188 4602 ε
1198 4567 1213 4596 r
1225 4541 1800 4616 Egoobdurabocorl’haraonistfiaod.

87 4633 156 4701 peta
171 4631 297 4689 decreto
312 4633 519 4706 qrssbgenam
539 4661 576 4674 --
590 4632 668 4695 Quid
682 4631 764 4688 eninr
783 4630 866 4688 atiud
886 4631 918 4688 in
970 4649 1011 4707 rr,
1024 4635 1210 4703 araneosa
1222 4633 1294 4691 etin
1308 4633 1423 4690 bonam
1435 4635 1553 4704 partem
1574 4631 1664 4688 nohis
1679 4631 1746 4701 ejus
1757 4628 1802 4684 in·

86 4719 155 4790 gelu
178 4720 225 4777 vel
249 4721 354 4793 glacie,
380 4721 439 4778 nisi
462 4722 571 4794 frigida
593 4725 623 4778 et
645 4721 779 4795 perfidiae
798 4726 917 4794 torpore
971 4723 1132 4793 telligentia
1142 4721 1207 4779 sine
1219 4719 1377 4778 obstaculo
1391 4717 1575 4776 diffloulutis
1588 4717 1722 4788 intelligi.
1733 4717 1801 4773 Tar-

85 4811 247 4867 coarmata
258 4811 424 4884 accipimus
439 4811 532 4868 corda
544 4811 813 4877 iudaeorumttlui
822 4826 918 4884 quon·
971 4812 1097 4870 raenim
1109 4811 1134 4868 si
1148 4815 1216 4883 post
1227 4810 1374 4882 jactatum
1397 4821 1501 4864 semen
1526 4805 1716 4880 compluitur,
1739 4802 1803 4862 irri-

85 4895 159 4954 dam
174 4913 229 4972 per
238 4899 443 4972 acceptionem
467 4900 554 4974 legis,
576 4915 631 4976 per
654 4901 808 4974 mysteria,
828 4900 917 4959 sacri
972 4905 1079 4974 gatur:
1096 4913 1191 4972 quam
1202 4899 1229 4955 si
1241 4897 1460 4956 immoderatis
1468 4898 1524 4970 (6³)
1537 4895 1654 4969 accipit,
1674 4896 1801 4970 pingue-

84 4983 154 5043 licia
170 5003 178 5056 ;
195 4988 243 5044 rel
256 4989 422 5062 prophetias
437 4989 686 5049 sicintrasinum
701 4990 803 5062 gratiis
828 4989 918 5065 quasi
970 4993 1074 5050 dinem
1083 4989 1225 5047 humenti
1237 4989 1439 5062 ¹virtutemque
1453 4992 1572 5046 mutatr
1594 4987 1682 5045 sedsi
1699 4985 1802 5061 pluria
1878 5027 1886 5038 .

85 5073 164 5133 intra
178 5081 297 5134 uterum
311 5081 456 5136 creatoris
465 5081 685 5139 habebantur?
702 5081 761 5138 Sed
771 5081 845 5154 quia
868 5095 917 5138 ve·
972 5081 1043 5153 gelu
1053 5080 1209 5154 premitur,
1219 5095 1281 5154 quo
1293 5084 1411 5137 vetatur
1422 5095 1528 5138 seman
1541 5077 1683 5153 progredi
1704 5075 1798 5141 foras,

85 5163 187 5222 niente
200 5166 492 5226 Dominooonstrieti
512 5170 625 5242 frigora
649 5169 794 5244 pertidia,
821 5169 918 5226 tervo-
970 5169 1088 5239 cogitur
1099 5169 1180 5225 inhrs
1192 5168 1322 5226 radicari
1343 5183 1380 5226 ao
1403 5168 1605 5242 multiplicari.
1627 5165 1705 5228 Quid
1728 5173 1800 5229 er8⁰

85 5265 150 5306 rem
161 5251 233 5309 fidei
244 5257 275 5310 et
283 5255 437 5314 maritatis
451 5258 617 5316 amiserunt
631 5273 650 5316 a
675 5261 789 5315 secreto
814 5257 917 5328 mabar
970 5261 1027 5328 est,
1043 5257 1281 5332 Dominusprius
1294 5257 1421 5332 quidam
1435 5263 1593 5332 patremse
1608 5251 1718 5329 pluviis
1729 5247 1801 5304 insi-

86 5339 156 5396 sinn
181 5343 318 5416 proterii,
344 5345 433 5417 quael
458 5345 568 5415 glacies
590 5347 629 5404 de
656 5351 742 5404 utero
771 5345 918 5404 creatoris
971 5353 1056 5420 nnat,
1070 5349 1268 5423 posmodum
1282 5349 1403 5407 vereda
1427 5361 1484 5405 suo
1505 5351 1591 5402 utero
1611 5338 1714 5412 osredi
1738 5337 1801 5410 81⁸·

86 5432 286 5498 egressiaunt.
297 5435 351 5490 Per
363 5433 475 5490 coelum
488 5439 591 5492 autem
606 5436 665 5494 vita
684 5435 823 5493 sublimis
849 5451 919 5493 san·
971 5438 1049 5496 ciem
1062 5441 1177 5508 narrat,
1190 5449 1283 5513 sequa
1297 5439 1368 5510 gelu
1380 5437 1503 5509 gignere
1514 5434 1553 5488 de
1565 5429 1641 5487 cralo
1665 5443 1800 5503 pronus-

86 5523 207 5577 etorum
229 5521 412 5596 inteblgitur,
436 5523 485 5579 cui
513 5524 588 5582 eoelo
607 5523 738 5584 dicitur:
765 5525 916 5583 «attende
972 5525 1105 5598 tiat,nisi
1120 5525 1288 5599 quodmiro
1301 5524 1394 5582 modo
1421 5519 1566 5578 boninus
1590 5517 1718 5594 pectoris
1744 5521 1800 5575 tar·

120 5609 184 5682 (eal
194 5611 292 5670 Oratio
305 5609 441 5672 fortassis
451 5613 663 5685 congruentior
678 5632 686 5671 ι
700 5629 768 5693 qun
780 5616 808 5673 si
820 5615 1054 5678 tendentis·
