4110 6138
125 139 178 194 soc
517 105 519 110 ’
777 143 962 201 oeuscunn
981 143 1027 200 na
1046 143 1186 201 nusrcn.
1781 155 1833 212 aro

125 258 233 316 eodem
248 259 524 334 multiplicationem
539 263 636 336 ponit;
652 263 785 321 decenus
798 265 829 322 in
844 281 950 323 secun·
966 269 990 324 X
1006 264 1045 322 de
1059 265 1184 324 articulo
1198 265 1389 339 abstrahitur,
1405 271 1437 327 in
1460 273 1594 330 secundo
1608 277 1687 333 retro
1700 277 1833 350 ponitur.

125 347 177 416 do,
193 353 334 406 centenus
346 349 377 406 in
393 351 486 418 tertio,
495 350 634 407 millenus
646 351 677 408 in
691 358 810 426 quarto,
821 355 953 411 decenus
1007 355 1074 410 llaec
1088 355 1126 410 de
1142 353 1270 428 simplici
1284 355 1433 414 divisione
1446 359 1605 419 sufficiant.

124 435 265 492 millenus
279 437 310 494 in
330 437 453 510 quinto:
478 439 519 496 sic
542 439 580 496 de
598 440 720 498 crateris.
737 442 812 500 lllud
831 459 953 517 quoque
1232 461 1266 500 nr
1284 461 1440 504 conrosrrs
1460 465 1605 507 nrvrsronn.

124 524 213 596 scias,
228 525 300 600 quia
324 526 442 596 digitus,
459 528 516 584 hoc
535 529 701 593 antemnis
716 547 861 589 numerus
876 531 954 588 inira
1042 533 1214 606 Composita
1228 539 1371 592 autemst
1385 537 1560 611 interrupta,
1575 541 1723 614 quianon
1738 558 1835 601 unum

123 614 230 671 decem
257 614 337 671 hanc
358 615 563 674 definitionem
584 633 639 690 per
661 622 688 692 8,
704 620 846 678 articulus
871 635 952 690 vere,
1005 623 1134 690 tantum,
1149 620 1201 678 sed
1216 621 1317 694 plures
1331 624 1476 682 divisores
1500 626 1652 699 habent,a
1667 630 1794 704 simplici
1804 632 1836 690 in

124 703 182 759 hoc
196 706 250 772 cst,
265 719 411 761 numerus
425 705 584 778 perlectus,
600 705 707 764 siontX
722 713 751 765 et
763 711 816 778 XX,
833 709 864 766 in
878 709 952 766 ulte-
1008 709 1203 782 sequentibus
1225 711 1423 770 divisionibus
1447 714 1602 772 dissident.
1616 719 1719 775 Positis
1734 722 1836 794 itaque

123 791 194 848 riori
208 808 281 850 arcu
294 797 520 852 transmutatur.
530 795 681 870 Quidquid
694 797 891 871 multiplicare
898 799 953 856 ha·
1005 796 1174 855 dividendis
1186 800 1333 872 partibus,
1348 805 1377 858 et
1399 802 1568 876 prepositis
1582 803 1771 880 divisoribus,
1788 825 1837 866 ea·

123 881 189 950 bes,
203 886 352 956 quotquot
363 881 395 940 in
407 900 527 942 summa
537 884 584 941 vel
597 885 628 942 iu
643 884 840 944 fundamento
853 887 952 961 ponis,
1005 887 1086 954 dem,
1103 903 1165 961 qna
1180 888 1307 963 simplex
1317 890 1438 962 divisor,
1453 893 1558 964 regula
1572 895 1717 967 ascendit,
1729 898 1782 954 sed
1792 914 1836 954 se·

124 986 143 1028 a
158 970 303 1042 singulari
312 970 457 1046 incipiens
469 989 576 1030 omnes
588 989 642 1046 per
656 975 793 1032 ordinem
812 975 954 1050 multipli·
968 977 991 1033 B
1005 977 1131 1048 quantes
1160 976 1305 1035 divisores
1334 979 1393 1036 alio
1418 980 1511 1038 modo
1535 981 1740 1055 accipiuntur;
1765 997 1836 1038 cum

123 1073 192 1116 care
206 1074 245 1116 ne
258 1058 435 1130 neglexeris.
452 1064 541 1120 Facta
553 1067 654 1120 autem
667 1063 914 1138 multiplicatione
929 1065 954 1123 si
1006 1063 1086 1120 enim
1100 1063 1220 1134 dixeris,
1238 1067 1322 1124 verbi
1347 1068 1461 1140 gratia:
1486 1069 1699 1136 Quaternarins
1718 1069 1836 1143 quoties

122 1163 159 1205 ex
172 1146 356 1208 adunatione
371 1151 579 1209 characterum
594 1152 843 1222 articulus,idest
856 1154 955 1227 major
1005 1156 1050 1209 est
1085 1152 1116 1209 in
1145 1154 1290 1212 senario?
1313 1155 1591 1216 denominationem
1616 1158 1835 1230 determinans,

122 1251 278 1308 numerus,
292 1239 479 1310 succreverit,
492 1240 610 1314 quoties
623 1257 768 1300 numerus
782 1243 954 1302 denariusX
1005 1240 1189 1314 respondes:
1218 1244 1325 1314 Semel,
1343 1249 1373 1302 ct
1393 1249 1551 1304 remanent
1572 1246 1645 1318 duo,
1665 1245 1776 1317 digitus
1797 1247 1836 1304 de
1941 1295 1944 1304 .

122 1325 302 1398 continetur,
325 1325 384 1386 hac
410 1329 515 1400 regula
541 1330 742 1388 transcendit:
771 1332 888 1406 quoties
916 1348 954 1390 ex
1004 1329 1109 1400 digito.
1126 1333 1288 1405 supposita
1310 1337 1412 1392 autem
1437 1335 1693 1404 denominatione,
1707 1352 1776 1410 quse
1790 1339 1836 1393 est

122 1415 295 1474 collectione
309 1417 516 1476 characterum
531 1419 625 1476 oritur
637 1420 789 1489 articulus,
800 1421 832 1478 in
844 1421 953 1478 eodem
1004 1419 1094 1475 semel
1115 1419 1325 1480 adverbialiter
1344 1423 1507 1497 prolatum,
1522 1423 1607 1498 quod
1630 1429 1674 1482 est
1688 1428 1710 1493 1,
1725 1426 1835 1494 unitas,

120 1524 184 1566 non
197 1509 374 1568 remanebit.
388 1511 607 1586 Perspoctaque
621 1512 788 1587 quantitate
802 1513 953 1572 characte-
1006 1507 1200 1579 sequentihus
1213 1510 1255 1566 sic
1270 1511 1356 1567 dahis
1371 1516 1483 1584 parics.
1495 1514 1606 1570 Omnes
1622 1518 1781 1587 sequentes
1789 1513 1835 1570 di-

120 1613 189 1656 rum
209 1599 297 1672 juxta
321 1599 411 1658 sitnm
433 1615 570 1671 arcuum,
597 1601 650 1676 qui
673 1617 710 1658 ex
732 1601 880 1675 superiori
905 1583 959 1659 vel*
1005 1595 1119 1654 visores
1133 1598 1285 1671 accipiunt
1298 1615 1352 1674 per
1370 1601 1649 1674 multiplicationem
1664 1603 1711 1660 sui
1725 1607 1835 1677 etpar·

119 1687 251 1747 interiori
265 1705 402 1760 numero,
418 1688 450 1748 id
464 1695 510 1748 cst
523 1706 561 1748 ex
575 1706 697 1749 summa
711 1691 759 1748 vel
772 1690 952 1748 fundamen·
1004 1683 1080 1742 tium
1094 1684 1258 1743 divisarum
1283 1687 1434 1762 assssilliffllt
1454 1688 1628 1746 aufeiflssdO·
1645 1689 1717 1752 Qua
1732 1691 1837 1748 Omni&

119 1779 150 1834 to
163 1777 286 1846 oriatur,
302 1777 387 1836 laoile
411 1779 685 1852 comprehenditur.
702 1780 953 1854 llrrltiplicaticuis
1005 1771 1103 1845 maela
1118 1773 1214 1830 ⁰111ssoe
1228 1775 1312 1832 vocis
1335 1775 1477 1850 flll0qui02
1493 1792 1587 1851 quam
1605 1778 1716 1852 scripit
1730 1779 1837 1836 adver·

118 1879 189 1922 vero
215 1865 292 1923 ratio
317 1864 385 1923 talis
409 1871 463 1940 nsi,
483 1872 516 1924 ut
545 1883 679 1941 aparvo
702 1869 849 1943 incipiens
874 1886 952 1927 snm.
1007 1862 1836 1940 tantur.considerandumqueest(quod)inquibusdam

116 1967 174 2026 por
194 1953 236 2012 nd
261 1955 410 2026 majorem
445 1969 607 2014 numerum
639 1956 786 2030 proficiat.
813 1956 899 2024 Quod
926 1958 951 2016 si
1004 1948 1202 2008 divisionibus
1216 1953 1374 2011 dicamus:
1397 1954 1508 2025 digitus
1532 1952 1570 2011 dc
1596 1955 1721 2013 articulo
1738 1955 1769 2013 in
1793 1971 1838 2014 66-

117 2041 376 2116 multiplicationis
402 2043 580 2102 rudimentis
600 2044 774 2117 instructus,
798 2051 827 2104 61
851 2047 952 2118 cogni·
1004 2039 1114 2109 66616,
1131 2045 1159 2098 61
1184 2041 1295 2113 digitus
1320 2043 1359 2100 de
1386 2043 1479 2114 digito
1502 2043 1532 2099 in
1556 2043 1674 2116 eodem,
1690 2044 1762 2118 quia
1785 2045 1839 2102 ali·

3 2179 9 2214 ;
117 2130 157 2186 tis
185 2129 422 2200 (6666666666,
450 2132 631 2192 divisionum
664 2135 772 2192 modos
804 2135 878 2192 scine
907 2152 952 2194 sn·
1004 2128 1128 2202 qnando
1143 2130 1284 2188 articulus
1303 2132 1341 2188 de
1364 2131 1489 2190 articido
1515 2131 1639 2202 oriatur,
1653 2131 1737 2206 quod
1751 2133 1837 2192 facile

118 2219 216 2290 tagis,
255 2219 335 2278 hanc
374 2222 570 2280 commodam
614 2222 768 2281 dividendi
803 2224 951 2284 rationem
1004 2217 1035 2273 in
1058 2215 1254 2293 dispositione
1279 2220 1486 2278 characterum
1510 2220 1710 2292 cognoscitur.
1726 2222 1837 2280 61666

3 2375 5 2395 ,s
116 2307 290 2381 perspicere
308 2325 349 2368 ne
367 2307 527 2384 pigriteris.
1003 2307 1078 2365 ratio
1092 2307 1123 2364 in
1138 2310 1308 2384 composita
1322 2307 1468 2368 divisione
1482 2311 1637 2382 contingit.

422 2415 438 2454 r
457 2415 652 2458 nrvrsrorrsus.
1301 2416 1335 2456 us
1355 2415 1536 2457 rnrssrurrr.

154 2483 320 2542 Divisiones
342 2486 375 2542 in
389 2485 485 2544 airaco
506 2491 565 2544 tres
580 2491 660 2561 sunt,
674 2488 813 2562 simplex,
827 2506 953 2565 compo·
1038 2487 1096 2544 Sed
1110 2488 1183 2564 quia
1205 2489 1371 2562 interrupta
1392 2488 1499 2546 divisio
1522 2488 1686 2563 aliquando
1712 2493 1837 2564 perires

115 2571 185 2642 sita,
208 2571 382 2647 interrupta.
410 2573 540 2649 Simplex
565 2580 621 2646 est,
646 2577 699 2635 ubi
717 2594 795 2636 unus
819 2578 952 2650 divisor-3
1002 2575 1049 2633 vel
1063 2581 1194 2652 quatuor
1210 2593 1297 2635 arcus
1311 2578 1475 2649 distinguit,
1485 2576 1644 2636 articulum
1656 2577 1694 2635 de
1709 2578 1834 2636 arficulo

3 2721 8 2730 ,
115 2662 297 2736 composita,
310 2661 436 2722 ubiduo
455 2664 504 2721 vel
519 2664 622 2739 plnres
635 2665 951 2740 divisoresperoonti·
1002 2681 1066 2724 non
1088 2667 1119 2724 in
1144 2667 1251 2726 eodem
1275 2667 1329 2725 sed
1354 2667 1385 2724 in
1410 2668 1543 2725 secundo
1566 2667 1716 2725 multoties
1730 2667 1834 2742 ponit:

3 2749 8 2830 J
115 2765 197 2806 nuos
209 2765 312 2820 ercus3
327 2749 494 2826 interrupta
506 2768 579 2810 vero
593 2752 656 2810 duo
666 2753 712 2811 vel
726 2753 828 2828 plnres
842 2755 952 2812 diviso·
1003 2753 1087 2826 quod
1099 2755 1130 2811 in
1145 2756 1311 2829 quantitate
1332 2757 1450 2813 numeri
1460 2761 1566 2814 cantus
1582 2757 1718 2813 abacista
1732 2756 1836 2814 leviter

3 2839 9 2922 J
115 2853 167 2895 res
180 2837 257 2896 inter
271 2855 323 2896 eos
338 2856 399 2899 nno
409 2856 482 2898 arcu
497 2845 632 2899 vacante.
650 2842 802 2917 Quidquid
816 2841 951 2902 dividen-
1003 2843 1200 2917 deprehendit
1215 2863 1221 2912 ;
1245 2845 1269 2901 si
1292 2845 1373 2902 enim
1395 2849 1516 2902 centum
1531 2844 1625 2902 millia
1639 2845 1716 2901 inter
1728 2848 1792 2902 XXX
1807 2849 1836 2902 et

114 2927 194 2985 dum
217 2932 263 2986 est
289 2928 321 2985 in
348 2929 455 2994 abaco:
477 2930 508 2987 in
532 2930 632 2988 medio
660 2931 791 3006 ponitur,
805 2933 985 3027 divisoresc
1003 2931 1108 2990 decem
1120 2933 1239 3005 dividis,
1253 2933 1418 2991 inritatam
1429 2933 1460 2990 in
1475 2937 1600 2990 centeno
1611 2933 1744 3005 milleno,
1753 2933 1837 2991 item·

3 3021 4 3030 ’
114 3021 347 3091 praeponuntur,
381 3018 642 3078 denominationes
673 3025 785 3094 autem,
814 3023 872 3080 hoc
905 3027 951 3084 est
1002 3036 1062 3095 que
1077 3021 1221 3080 unitatem
1236 3021 1267 3078 in
1282 3021 1395 3078 deceno
1410 3037 1492 3090 arcu,
1507 3019 1590 3094 quod
1605 3020 1683 3092 dico,
1699 3035 1753 3094 per
1766 3036 1835 3095 par·

4 3115 5 3118 ’
113 3109 218 3181 partes
231 3105 346 3178 divissa
361 3113 583 3183 supponuntur.
599 3109 648 3168 llis
670 3110 711 3168 ita
732 3111 764 3168 in
778 3111 876 3170 abaco
890 3111 949 3170 dis-
1003 3114 1046 3168 tes
1064 3109 1170 3168 deceni
1187 3110 1337 3182 divisoris,
1351 3110 1408 3168 cito
1433 3109 1596 3184 perspicis:
1616 3109 1701 3167 verbi
1720 3110 1832 3182 gratia:
1939 3159 1947 3182 ,

4 3269 6 3274 Ι
114 3195 224 3270 positis
238 3196 429 3256 considerare
443 3198 537 3256 debes
561 3199 592 3256 in
607 3215 669 3274 quo
688 3215 760 3257 arcu
778 3199 880 3258 locum
896 3200 950 3260 ha·
1002 3199 1317 3275 Ternariustquoties
1332 3203 1377 3257 est
1391 3198 1421 3256 in
1437 3197 1642 3269 decemvrsr,
1658 3201 1687 3256 et
1700 3213 1835 3256 666666-

4 3295 8 3304 ’
112 3286 210 3344 beaut
230 3284 386 3344 divisores.
404 3287 433 3346 Si
451 3287 623 3360 singularis,
637 3288 695 3346 sub
714 3304 745 3346 se
764 3293 905 3364 ponetur;
923 3290 949 3348 si
1002 3293 1122 3359 manet;
1135 3293 1164 3346 et
1175 3289 1254 3360 vide,
1268 3288 1340 3363 quia
1353 3289 1485 3345 decenus
1500 3286 1640 3344 millenus
1654 3286 1832 3346 denomina-

112 3375 260 3448 decenus,
282 3375 476 3450 secundabit;
506 3378 531 3435 si
553 3377 705 3446 millenus,
721 3379 893 3452 quadrabit.
914 3381 949 3438 111
1003 3377 1114 3436 tionem
1127 3377 1159 3434 in
1172 3377 1317 3450 singulari
1330 3392 1448 3452 ponens
1462 3375 1631 3450 quintabit;
1655 3375 1765 3448 digitus
1779 3391 1833 3433 66-

112 3481 172 3540 per
185 3468 260 3540 quot
273 3481 361 3524 arcus
375 3466 716 3540 receduntasingulari,
732 3484 786 3544 per
800 3473 842 3528 tot
856 3469 948 3528 deno·
1002 3471 1072 3538 tem,
1096 3465 1155 3525 hnc
1177 3471 1232 3536 ost,
1255 3483 1351 3525 unum
1374 3466 1499 3541 quidem
1522 3465 1647 3524 articulo
1669 3470 1781 3538 manet,
1802 3465 1834 3522 in

113 3553 297 3612 minutiones
307 3559 387 3614 retro
401 3561 528 3631 ponunt.
1001 3557 1135 3615 secundo
1147 3557 1278 3631 ponitur.
1290 3557 1425 3631 Sequens
1436 3559 1537 3614 autem
1548 3554 1661 3613 divisor
1673 3555 1704 3613 in
1718 3556 1835 3613 deceno

153 3643 310 3718 Dispositis
317 3661 388 3704 vero
400 3647 532 3720 partibus
544 3646 724 3718 dividendis,
730 3652 760 3706 et
766 3648 946 3706 divisoribus
1000 3647 1116 3721 positus
1127 3663 1182 3721 per
1195 3645 1474 3720 multiplicationem
1491 3645 1538 3701 sni
1559 3649 1587 3701 61
1607 3643 1739 3718 partium
1761 3643 1837 3700 divi-

5 3737 7 3748 '
110 3731 296 3809 prepositis,
310 3736 466 3807 quomodo
479 3737 519 3796 ad
537 3736 735 3794 dividendum
748 3753 948 3812 promovean-
1001 3753 1106 3793 sarum
1131 3736 1217 3808 juxta
1238 3733 1424 3808 praedictam,
1448 3733 1562 3806 accipe,
1578 3733 1630 3801 ita,
1656 3731 1750 3790 semel
1773 3736 1834 3790 tres

111 3828 165 3882 tur
175 3821 330 3892 divisores,
341 3823 453 3882 videas.
465 3825 591 3897 Divisor,
608 3825 634 3882 si
647 3824 748 3884 minor
759 3825 807 3883 vel
822 3825 947 3900 aqualis
1001 3829 1071 3883 sunt
1085 3830 1163 3893 tres;
1188 3827 1216 3881 et
1241 3821 1409 3894 considera,
1424 3821 1507 3895 quia,
1529 3820 1614 3895 quod
1638 3819 1835 3878 dividendum

5 3933 6 3936 ¹
112 3913 165 3980 sit,
179 3927 271 3987 supra
281 3913 418 3987 ponitur;
431 3916 456 3974 si
465 3917 575 3990 major,
585 3915 674 3974 inira.
689 3915 776 3984 Quod
790 3917 890 3989 maior
899 3915 948 3973 vel
1001 3919 1055 3987 est,
1069 3931 1088 3972 a
1101 3914 1216 3971 deceno
1237 3911 1368 3970 divisore
1390 3911 1420 3968 in
1443 3915 1551 3984 quarto
1576 3926 1649 3967 arcu
1663 3910 1764 3978 (116161,
1780 3910 1835 3984 qui

5 3997 8 4030 ²
110 4002 215 4062 minor
236 4001 275 4058 sit
296 4001 420 4074 divisor,
443 4004 611 4062 industriae-
626 4009 685 4062 tue
707 4004 795 4062 facilc
822 4004 946 4078 patebit,
1001 4007 1045 4060 est
1059 4001 1115 4060 sibi
1127 4017 1183 4075 pro
1198 4000 1331 4072 milleno,
1345 3999 1387 4057 sic
1403 3998 1537 4072 prolers:
1552 3997 1647 4055 tribus
1676 3996 1783 4054 ablatis
1796 3997 1834 4054 de

6 4117 7 4120 ¹
109 4091 240 4168 qnando
253 4091 390 4164 partibus
399 4093 568 4152 dividendis
577 4093 947 4168 praeponitur.Praepositis
1001 4090 1081 4148 mille
1095 4093 1252 4148 remanent
1271 4089 1359 4146 DCCC
1378 4093 1409 4146 et
1430 4088 1531 4159 XCVll,
1545 4085 1690 4144 articulus
1710 4084 1748 4142 (16
1763 4085 1834 4143 arti·

111 4185 218 4243 autern
230 4179 410 4240 divisoribus
422 4183 474 4242 ubi
487 4185 622 4258 accipere
636 4182 777 4253 debeant,
792 4183 834 4240 sic
848 4182 946 4241 consi·
1002 4180 1069 4238 culo
1083 4181 1114 4238 in
1128 4178 1272 4249 seeundo,
1284 4193 1352 4252 quae
1366 4175 1521 4236 character
1530 4177 1639 4248 major,
1650 4178 1679 4233 et
1688 4174 1832 4233 articulus

111 4275 200 4333 desa.
214 4277 320 4335 Omnis
332 4272 445 4332 divisor
454 4277 565 4332 661666
580 4276 610 4332 61
623 4273 681 4332 sub
695 4288 727 4330 66
739 4272 857 4347 accipit,
868 4276 947 4330 retro
1002 4269 1041 4328 de
1055 4269 1190 4330 articulo.

111 4381 287 4440 nunquam.
302 4369 384 4424 lunc
404 4363 597 4438 perspiciens,
618 4363 736 4438 quoties
756 4362 788 4420 in
811 4362 947 4436 subjecto
965 4327 988 4382 D
1322 4375 1357 4416 os
1379 4372 1511 4416 arsurus.
1837 4409 1841 4414 .

112 4467 245 4514 numero
260 4455 373 4514 divisor
385 4452 584 4520 contineatur,
599 4451 642 4510 sic
658 4451 840 4528 pronuntia:
864 4450 948 4508 verbi
1039 4453 1078 4508 be
1110 4447 1256 4508 1116161666
1288 4451 1317 4506 61
1344 4445 1591 4521 multiplicatione
1625 4444 1834 4501 characterum

6 4541 7 4544 ’
114 4545 214 4618 gratia
228 4563 235 4602 :
251 4543 460 4620 quaternarius
480 4541 509 4618 4
529 4541 647 4617 quoties
661 4546 705 4600 est
723 4541 755 4598 in
769 4541 949 4614 senariae?
1003 4539 1090 4599 abaci
1115 4555 1169 4613 per
1191 4537 1324 4610 integras
1348 4541 1458 4612 partes,
1480 4535 1535 4592 etsi
1562 4534 1706 4601 succinte,
1732 4537 1835 4588 tamen

116 4634 231 4706 Semel,
260 4639 290 4692 et
322 4637 480 4690 remanent
515 4631 588 4690 duo.
617 4631 703 4700 Quod
738 4629 949 4689 adverbialiter
1003 4629 1074 4687 satis
1088 4628 1177 4702 plane
1192 4628 1394 4686 tractavimus.
1411 4629 1493 4683 Nunc
1515 4623 1555 4681 ad
1575 4621 1740 4680 divisiones
1759 4620 1835 4677 inte-

114 4723 333 4798 pronuntiasti,
374 4721 651 4779 denominationem
684 4736 750 4778 esse
783 4719 949 4792 intelligas,
1003 4719 1157 4790 gritatum,
1171 4717 1203 4774 id
1217 4722 1272 4785 est,
1297 4713 1440 4772 minutias
1455 4712 1625 4770 veniamus.
1641 4709 1746 4768 Omnis
1768 4707 1834 4765 uni·

115 4817 148 4870 et
175 4811 321 4870 unitatem
351 4809 494 4884 accipias.
522 4809 655 4884 benique
679 4808 884 4878 considerans,
911 4808 951 4867 de
1004 4812 1049 4865 tas
1063 4811 1084 4878 l,
1098 4805 1248 4878 integrum
1268 4803 1351 4878 apud
1365 4803 1507 4876 antiquos
1527 4818 1562 4860 as
1580 4799 1629 4858 vel
1651 4798 1730 4856 libra
1748 4811 1837 4856 voca-

114 4915 181 4976 quo
209 4917 283 4960 arcu
309 4899 420 4959 divisor
445 4903 602 4973 promotus
626 4899 677 4970 sit,
707 4899 751 4956 sio
778 4899 948 4969 interrogo:
1004 4897 1116 4956 16666
1131 4892 1513 4954 autemhabetduodeoim
1534 4890 1648 4960 uncias,
1664 4888 1717 4964 qui
1732 4897 1837 4946 nume-

117 4990 201 5048 unde
227 4990 338 5049 locus?
364 4989 389 5046 si
414 4987 452 5047 (16
477 4988 587 5062 primo,
603 4987 832 5062 respondeatur,
849 5004 868 5046 a
892 4987 952 5044 sin·
1005 5005 1057 5046 rus
1075 4985 1222 5062 paulatim
1242 4984 1389 5056 minutus,
1404 4999 1459 5058 per
1473 4981 1635 5040 divisiones
1651 4979 1836 5052 integrarum

116 5079 226 5153 gulari.
250 5078 389 5153 Sequitur
411 5075 539 5149 regula:
569 5075 734 5148 Singularis
763 5075 875 5134 divisor
898 5075 951 5133 de·
1006 5077 1165 5135 unciarum
1179 5073 1358 5149 multiplices
1380 5087 1417 5131 ex
1439 5087 1472 5130 se
1494 5071 1637 5130 minutias
1651 5068 1759 5126 reddit.
1775 5071 1839 5124 Una

116 5167 358 5226 nominationem
384 5165 441 5224 sub
467 5181 499 5224 se
520 5165 615 5240 ponit,
642 5168 671 5222 et
697 5165 739 5222 sic
765 5163 803 5221 de
825 5163 950 5221 6616616.
1007 5165 1138 5224 enimdc
1154 5162 1316 5222 duodecim
1330 5161 1459 5232 sublata,
1474 5161 1559 5235 quod
1573 5160 1718 5224 remanet,
1734 5155 1838 5212 deunx

118 5258 284 5317 Considera
303 5264 405 5317 tamen
430 5257 513 5332 qnia,
536 5261 569 5314 nt
592 5255 798 5332 prediximus,
819 5255 952 5313 decenus
1008 5259 1149 5324 vocatur;
1165 5253 1286 5310 duobus
1301 5251 1408 5309 ablatis
1422 5249 1549 5307 dextans
1563 5241 1837 5312 coniicitur,trihus

117 5348 308 5420 secundabit,
318 5352 462 5406 centenus
478 5346 617 5416 tertiabit,
626 5345 765 5404 millenus
776 5343 951 5420 quadrabit,
1008 5343 1153 5414 dodrans,
1179 5343 1310 5416 quatuor
1336 5339 1429 5407 bisse,
1457 5337 1591 5410 quinque
1620 5334 1757 5432 sextunx,
1787 5345 1840 5386 sex

119 5441 253 5496 6161166
268 5437 446 5511 sutem,qni
467 5437 504 5495 de
523 5436 641 5494 senario
665 5437 884 5504 remanserunt,
899 5433 951 5492 de·
1009 5432 1112 5504 semis,
1151 5435 1266 5505 septem
1295 5429 1462 5502 quincunx,
1500 5426 1568 5480 octo
1601 5423 1702 5488 inens,
1730 5435 1840 5477 novem

119 5525 328 5585 nominatione
345 5525 474 5597 sublata,
488 5525 561 5601 quia
584 5525 696 5598 digitus
718 5527 772 5595 est,
786 5527 815 5582 et
828 5523 866 5580 de
879 5521 952 5594 digi-
1010 5521 1176 5595 quadrans,
1191 5519 1296 5577 decem
1312 5520 1449 5582 sertans;
1464 5512 1570 5568 decem
1583 5512 1612 5566 et
1625 5507 1751 5566 dimidia
1761 5508 1845 5566 abla-

122 5621 152 5675 to
165 5615 343 5686 abstractus,
357 5615 391 5762 ἐξ(
406 5615 512 5673 eodem
533 5618 678 5674 remanet.
696 5614 725 5674 si
749 5628 818 5673 vero
841 5611 952 5686 digitus
1013 5615 1045 5669 ta
1058 5611 1223 5669 sexcuntia.
1244 5610 1290 5665 Sic
1314 5603 1459 5681 paulatim
1487 5599 1661 5658 dividuntur
1685 5614 1782 5744 nqque
1805 5596 1845 5654 ad

379 5719 486 5762 araon.
509 5703 642 5762 CXXXlll.
