4110 6138
138 124 195 180 est
416 114 556 186 ceretm'
572 128 675 188 enisu
694 129 889 189 sectanda.
910 159 945 174 -··
964 130 1012 188 nit
1030 129 1111 188 tlte
1132 126 1160 190 S.
1182 135 1339 195 cautent
1365 142 1588 202 pausemus.
1808 148 1862 206 858

137 245 269 305 nomine
284 251 447 324 utrumque
467 250 569 310 locum
592 251 824 318 construximus,
837 253 974 311 servituri
991 258 1015 312 A
1029 253 1159 328 fregerit,
1175 256 1330 320 deterreat
1342 277 1413 320 eum
1424 265 1671 341 rondininaquee
1677 267 1757 326 dicit:
1767 270 1858 329 Mote-

139 339 225 393 sunt.
243 338 284 395 De
299 342 407 396 caetoro
421 343 484 398 tam
498 340 639 414 prelatos
652 357 746 414 quam
761 346 905 400 etomnes
919 341 976 402 fra-
1030 343 1127 401 dietus
1155 346 1208 418 qui
1229 350 1378 420 transfert
1401 354 1541 411 terminos
1556 356 1692 425 proximi
1705 357 1763 430 sui,
1776 357 1861 416 idest

138 428 213 499 tres,
240 431 404 500 presentes
427 427 573 498 videlicet,
589 433 618 486 et
642 428 768 504 tuturos,
783 447 838 506 per
860 433 975 489 miseri-
1029 431 1245 492 institutionem
1273 443 1493 513 praceptorum
1524 459 1648 502 suorum
1672 449 1702 502 et
1735 450 1860 504 conatus

139 515 280 573 cordiam
293 517 354 588 Dei,
370 516 422 592 qui
434 533 567 592 praesens
579 518 708 593 respicit,
729 520 872 594 deposco,
884 525 917 578 ut
929 521 975 578 in-
1030 521 1096 594 ejus
1105 523 1551 602 penitustrusneturnisposiuo
1565 547 1637 590 vero
1651 537 1855 610 nostrae,quoe,

138 609 254 664 tervos
268 606 452 664 unanimitas
477 605 519 664 ita
540 612 721 682 perseveret,
736 613 896 683 quatenus,
910 626 976 668 mo·
1030 615 1064 668 ut
1100 613 1200 687 eredo,
1225 631 1279 690 per
1303 617 1479 676 charitatem
1510 621 1668 696 utriusque
1681 623 1754 682 loeis
1774 626 1859 700 cupit

140 693 219 750 dum
233 694 470 754 conversationis
494 695 554 752 huc
569 713 666 770 usque
684 701 843 770 retentum,
860 702 921 756 um
945 699 977 756 in
1030 716 1095 757 esse
1121 701 1302 772 considium,
1316 707 1376 763 Deo
1397 705 1584 780 disponente,
1611 715 1640 767 et
1660 711 1749 770 beato
1776 717 1860 772 Petro

139 781 325 858 psalmodia,
340 800 434 858 quam
453 785 485 842 in
504 785 714 844 observatione
738 786 856 858 silentii,
872 787 923 845 sed
949 775 977 845 οἱ
1029 791 1235 864 patrocinante
1247 793 1427 854 inconvulsa
1445 803 1633 871 parmaneat.

139 869 331 946 inqualitate
344 871 439 930 victus
457 876 487 930 et
508 874 684 940 vestituaet
706 875 830 950 insuper
854 877 885 934 in
907 893 982 934 con-.
1067 879 1192 952 Signum
1219 883 1362 941 Bernonis
1389 885 1519 953 abbatis,
1544 888 1597 962 qui
1624 889 1703 946 hanc
1725 892 1859 950 chartam

140 963 260 1034 tempta
280 962 637 1037 rerumpropueru1n,si
659 980 721 1022 non
741 963 859 1035 meiius,
871 964 977 1024 saltem
1030 967 1105 1040 tisri,
1120 973 1149 1026 et
1160 969 1275 1028 firmari
1288 974 1414 1044 rogavit.

141 1050 290 1108 sicuthuc
302 1067 397 1124 usque
407 1051 529 1122 fecistis,
539 1053 582 1110 sie
591 1053 735 1128 deinceps
751 1053 936 1112 custodiatis.
948 1053 977 1112 Si
1067 1057 1192 1128 Signum
1206 1059 1345 1118 Widonis
1357 1062 1495 1120 moderni
1510 1063 1639 1136 abbatis,
1648 1065 1703 1140 qui
1714 1066 1773 1124 hoc
1787 1082 1859 1123 con-

141 1143 254 1202 auum,
263 1139 347 1214 quod
355 1139 442 1210 absit,
454 1140 493 1198 ab
506 1140 608 1216 aliquo
619 1157 724 1200 eorum
738 1141 826 1199 fuerit
843 1142 973 1216 pertina-
1030 1145 1133 1204 sensit.

141 1229 573 1305 citererratum,praecipimus‚
582 1247 636 1306 per
651 1235 762 1289 sancta
781 1231 893 1303 regulae
907 1248 976 1290 auc
1067 1235 1191 1306 Signum
1205 1236 1318 1296 odonis
1332 1239 1462 1299 abbatis.

142 1317 302 1390 toritatem,
310 1323 344 1375 ut
353 1319 507 1394 utriusque
522 1319 580 1377 loci
589 1319 704 1395 priores
711 1319 751 1378 ad
763 1319 975 1392 corrigendum
1067 1324 1192 1396 Signum
1208 1327 1364 1386 Gooffredi.

141 1422 276 1464 errorem
290 1406 347 1464 sibi
370 1411 477 1464 mutuo
496 1407 709 1480 suffragentur.
722 1409 751 1468 Si
772 1409 840 1482 quis
862 1413 975 1482 auum,
1067 1413 1191 1484 Signum
1206 1417 1431 1476 wandanberti.

142 1495 228 1570 quod
238 1495 325 1566 absit,
336 1497 416 1554 banc
428 1501 564 1556 nostram
578 1498 796 1556 institutionem
818 1498 849 1554 in
873 1498 976 1572 aliquo
1065 1504 1151 1558 Anno
1165 1507 1285 1576 quarto,
1295 1511 1439 1576 regnante
1452 1507 1609 1583 Radulpho
1623 1526 1703 1581 regc.

148 1665 1208 1680 w

817 1859 890 1901 tuae
906 1859 1005 1902 nomi
1021 1860 1182 1910 ucoccxnlu,

422 2028 896 2178 CAPPIDUS
949 2029 1573 2178 STAVRIENSIS

833 2233 965 2291 tutatus
980 2234 1171 2292 SAGERDOS.

525 2449 736 2540 ΝΟΤΙΤΙΑ
765 2451 1059 2542 HlSTORlCA
1090 2452 1144 2542 ΙΝ
1172 2453 1472 2544 CAPPIDUM.

684 2631 925 2706 (spectatae,
941 2631 1014 2702 Bibl,
1031 2631 1111 2690 med.
1127 2635 1154 2690 et
1167 2631 1220 2689 ini.
1236 2633 1309 2706 lat.)

178 2939 330 3068 cappidus
337 2939 529 3024 sutriensis,
543 2939 654 3022 Frisius
666 2939 819 3023 sacerdos,
833 2944 937 3023 auctor
947 2941 1078 3024 creditur
1087 2887 1278 3025 ⁸Vitae-sorren·
1294 2943 1428 3015 oeutpta·
1442 2961 1514 3016 pres
1556 2948 1622 3030 teri,
1684 2946 1690 2958 '
1710 2947 1789 3030 circa
1802 2963 1854 3005 an·

141 3015 240 3068 numtt
259 3015 367 3078 evixit,
379 3011 772 3080 vulgatseaSurrctitunu.
784 3011 1020 3070 Tradituretram
1038 3029 1094 3068 sorr
1119 3029 1191 3069 srssc
1213 3015 1527 3072 Vetussauctotumbe
1547 3032 1621 3086 utne,
1659 3023 1736 3088 tuere
1746 3023 1774 3075 et
1783 3019 1868 3076 Pte

142 3083 260 3140 odelmi.
277 3086 351 3140 Nam
370 3082 407 3139 de
421 3083 601 3154 Mediceis
611 3083 794 3152 principum,
804 3084 914 3140 dueum
924 3098 960 3140 uc
974 3098 1078 3209 νεῖἲιιηι
1147 3085 1213 3152 sta,
1224 3088 1252 3140 et
1270 3086 1406 3142 Historia
1420 3087 1631 3144 Ecclesiastico
1645 3089 1741 3160 pestis
1753 3089 1853 3145 Frtso-

141 3155 227 3220 nieoe,
240 3169 318 3226 quas
327 3153 353 3210 ei
364 3151 673 3226 tribuitinoendioque
685 3153 863 3280 absumsstus
874 3153 955 3210 dolet
967 3155 1006 3210 Su
1031 3153 1114 3209 nidus
1127 3155 1203 3210 Petri
1218 3154 1272 3226 (De
1281 3157 1384 3226 script.
1394 3158 1510 3214 Frisiae.
1521 3173 1561 3230 pa
1585 3163 1661 3226 .57),
1672 3158 1760 3216 video
1771 3159 1851 3215 viros

140 3223 248 3296 doctos
259 3240 321 3280 non
331 3223 533 3298 minusquam
543 3224 581 3281 dc
591 3223 692 3281 multis
702 3223 793 3281 aliisa
826 3240 862 3280 eo
873 3241 908 3281 ex
922 3223 1096 3298 antiquitate
1109 3223 1215 3281 ultima
1230 3225 1388 3282 Frisiorum
1394 3227 1513 3299 jaciatis
1525 3227 1546 3283 d
1589 3228 1672 3286 itare.

484 3492 847 3612 carram
891 3493 1497 3614 srnvmnNsts

832 3730 935 3787 FRiSH
951 3729 1165 3788 stcafluotls

348 3919 430 4013 DE
464 3921 620 4014 VITA
650 3921 873 4015 SANCTI
902 3920 1185 4017 ODULPHI
1213 3923 1635 4019 PRESBYTERI.

709 4135 808 4210 (Apud
831 4135 964 4206 Surium,
978 4138 1051 4193 Acta
1066 4136 1113 4194 SS.
1133 4139 1165 4192 tt
1177 4135 1279 4196 Juniit.

174 4447 398 4520 l.Temporibus
411 4447 563 4513 Ludovici‚
572 4447 699 4521 piissimi
714 4451 912 4524 rmperatoris,
921 4451 967 4506 vir
1019 4453 1109 4508 Porro
1119 4465 1189 4507 cum
1199 4449 1421 4507 aetateacorevit
1430 4449 1456 4505 ei
1465 4449 1556 4506 etiam
1567 4449 1714 4522 sapientia
1724 4452 1753 4506 et
1766 4465 1851 4507 sanc-

138 4535 261 4608 quidsm
268 4536 445 4593 venerabilis
451 4536 716 4593 tuiteFraneorum
724 4537 817 4594 nobili
824 4538 968 4611 prosapia
1019 4539 1097 4608 titas,
1106 4538 1198 4612 idque
1207 4537 1295 4609 adea
1307 4541 1339 4594 ut
1348 4537 1395 4609 iis,
1406 4537 1459 4611 qui
1469 4537 1563 4611 perid
1576 4541 1698 4611 tempus
1713 4541 1772 4594 beo
1782 4537 1850 4594 reli-

138 4627 229 4680 ortus.
252 4623 410 4681 Dicebatur
420 4623 445 4680 is
455 4623 577 4695 Bodgis,
587 4627 616 4681 et
635 4641 670 4680 ex
686 4640 722 4681 eo
736 4629 910 4699 proeresius
924 4628 969 4682 est
1020 4625 1103 4698 giose
1113 4625 1221 4682 servire
1230 4623 1430 4692 conabantur,
1438 4625 1664 4696 novusquidem
1675 4623 1795 4682 Samuel
1804 4639 1851 4680 or·

138 4711 305 4785 Odulphus.
321 4713 386 4782 Qui,
403 4712 595 4786 simulatque
618 4714 853 4772 asseratiasima
872 4714 968 4788 bapti·
1020 4718 1068 4772 tus
1088 4714 1248 4772 videretur.
1261 4713 1376 4780 ouibus
1398 4728 1471 4770 sane
1492 4711 1569 4770 adeo
1585 4712 1752 4783 gratiosum
1765 4711 1851 4770 illum

138 4801 333 4859 smatisunda
345 4805 468 4859 renatus
478 4807 532 4870 est,
547 4801 658 4859 coeiesti
672 4819 794 4877 quoque
812 4819 879 4861 rore
891 4802 968 4859 divi-
1019 4803 1123 4860 divina
1130 4801 1227 4874 gratie
1235 4801 1342 4872 effecit,
1352 4805 1386 4858 ut
1392 4800 1575 4857 unanimiter
1586 4799 1626 4858 ab
1640 4799 1697 4857 iliis
1708 4801 1851 4858 omnibus

137 4889 216 4946 nitus
230 4894 276 4947 est
295 4889 446 4960 irrigatus.
470 4890 563 4946 Porro
588 4890 642 4947 ubi
656 4891 742 4948 desiit
765 4891 806 4948 ad
832 4895 968 4949 materna
1020 4895 1171 4950 amaretur
1184 4894 1213 4947 et
1223 4889 1365 4946 obvium
1379 4859 1569 4961 probabilem
1588 4905 1715 4946 summes
1729 4905 1851 4947 venera·

136 4978 268 5052 pendere
280 4977 663 5047 uberalitterarumstudiis
671 4979 807 5050 traditus,
817 4985 846 5038 et
856 4980 967 5039 sanctis
1019 4979 1381 5050 contabescuntque
1395 4977 1470 5034 illae
1487 4977 1607 5034 diverso
1626 4994 1683 5052 par
1699 4979 1764 5052 pari
1778 4979 1852 5036 reie-

137 5081 171 5124 ae
183 5069 243 5123 Deo
253 5065 369 5124 devotis
379 5065 603 5138 bominibus,ut
616 5065 656 5123 ab
670 5065 728 5123 iilis
739 5069 886 5126 canonica
902 5067 968 5126 reli·
1018 5066 1322 5138 rens,sinee1·oanimi
1328 5065 1850 5140 affectueosquoquediligebat.tam

137 5151 967 5224 gioneimbueretur,commendatusestProestititautem
1018 5171 1090 5214 vero
1099 5155 1339 5229 puerreligicsus
1347 5170 1383 5212 ec
1392 5154 1582 5224 venerabilis,
1593 5155 1624 5212 in
1634 5156 1707 5228 ipsis
1719 5154 1758 5210 nb
1779 5154 1851 5210 ado-

136 5239 264 5296 iilibeus
272 5243 387 5298 tantum
399 5239 967 5315 discemendistudium,tsntamquein-
1017 5244 1257 5303 lescentiainitiis
1267 5244 1299 5301 id
1322 5259 1355 5300 se
1372 5243 1511 5302 meditari
1520 5247 1550 5299 et
1570 5247 1710 5316 appetere
1719 5240 1851 5299 declara·

137 5329 215 5399 genii
224 5327 408 5398 facilitatem,
416 5333 449 5386 ut
457 5328 524 5386 ilios
536 5328 637 5404 etium,
648 5329 701 5402 qui
709 5329 809 5402 ipsum
819 5333 904 5388 eetato
912 5347 966 5388 an-
1017 5331 1079 5402 bat,
1091 5331 1174 5405 quod
1183 5331 1380 5406 postmodum
1388 5331 1488 5404 reipsa
1499 5327 1669 5400 complevit,
1675 5341 1737 5384 nou
1746 5326 1851 5384 imme-

136 5415 387 5491 teoadebent,ipse
396 5417 488 5488 longo
498 5421 567 5490 post
575 5416 767 5474 seintervalio
776 5417 965 5492 relinqueret,
1018 5437 1085 5478 mor
1101 5419 1180 5478 illius
1204 5420 1348 5478 dominici
1370 5415 1536 5475 sermonis:
1563 5415 1713 5482 Qaiomot
1731 5421 1850 5486 putrem

136 5509 315 5579 etatemque
325 5504 737 5577 suem‚licetannisneodum
746 5509 908 5573 maturam,
923 5505 966 5564 di·
1016 5510 1175 5582 plusquam
1184 5513 1357 5579 memoriast
1369 5520 1416 5562 me
1436 5504 1546 5575 dianus
1557 5503 1679 5574 (Mutet.
1692 5503 1737 5576 ιι);
1765 5503 1851 5560 item·

135 5594 213 5660 sinis
231 5592 407 5672 disciplinis,
425 5598 454 5653 et
476 5593 671 5665 dogmatibus
691 5593 809 5665 egregie
833 5599 962 5654 ornaret.
1015 5611 1095 5670 que:
1112 5588 1852 5667 Quieuttpestmeeeuiremtnepetsenetipsemaet
