4120 6154
98 111 143 168 ue
469 89 619 166 arrroun
637 103 822 166 ιιοιιιιιιιι
842 103 871 160 s.
892 99 994 159 crrc.
1014 100 1050 159 ru
1067 101 1144 161 toa
1160 126 1196 148 -ι
1213 101 1280 160 ιιι.
1300 101 1412 159 ιιιιιι.
1536 186 1538 197 Α
1742 105 1798 163 ιιι

127 235 210 290 Vens.
225 235 270 289 aa.
295 232 458 290 concident
480 247 546 290 mem
565 233 663 300 amici,
681 231 816 288 diot'deut
827 231 915 287 ilium
926 231 959 286 ‘A
973 225 1346 298 mortisprnoipttohtm.
1359 222 1484 292 -ina
1496 227 1608 282 samono
1620 225 1802 298 tuuoitrdioe

97 325 297 396 negotiatores.
314 353 347 364 -
362 321 458 378 lobes
470 321 551 378 enim
576 321 742 378 conciditur
765 317 917 377 levinthau
972 315 1137 374 terribiliter
1151 319 1327 389 apparente,
1343 313 1517 372 csunnbnc
1529 311 1699 384 legionibus
1713 324 1803 386 ange

95 412 154 474 isio,
169 410 288 484 quoties
298 409 392 466 divini
405 409 491 466 verbi
505 409 606 480 gladio
621 425 677 466 rua
691 409 732 466 ab
756 409 807 466 illu
819 421 916 466 mern·
972 404 1081 473 iorum,
1097 409 1187 479 atque
1201 405 1302 462 nicode
1316 401 1460 462 omnihus
1476 403 1516 461 ad
1528 403 1587 460 hoc
1599 399 1804 476 spectaculum

94 497 916 574 braseparentur.iniquienimcumveritatcmaudiunt
972 493 1118 564 deductis,
1134 494 1192 554 iste
1205 494 1306 552 miluo
1316 493 1487 552 crudeiiset
1508 493 1594 552 lorus
1615 493 1648 550 in
1668 491 1805 550 medium
1861 489 1867 495 “

95 596 121 648 et
132 594 235 647 sancto
247 589 352 646 timore
363 588 493 662 perculsi
506 587 547 646 ab
560 589 676 661 antiqui
689 587 786 646 hostis
800 603 834 644 so
854 586 920 643 imi·
973 582 1277 656 capt'vadeduceiur,
1291 587 1396 642 etounr
1406 593 1463 642 suo
1475 593 1612 658 corpote,
1625 581 1658 639 io
1668 583 1722 654 esi,
1734 586 1806 638 οιιιιι

94 680 203 738 tatione
214 677 414 751 suspendunt,
429 677 493 750 ipse
508 677 539 737 in
555 689 680 752 corpore
691 691 748 734 suo
768 676 918 747 dividitur,
972 671 1109 746 reprobis
1123 672 1266 731 omnibus
1279 677 1395 730 eternae
1409 671 1555 744 mhennae
1561 669 1708 728 mundns
1718 675 1806 728 nau·

95 769 139 826 cui
151 769 183 826 hi
192 769 243 842 qui
255 767 563 841 prareinserrierant
578 765 806 824 subtrahuntur.
820 765 920 824 Sancti
974 763 1100 836 cipetur,
1114 777 1185 820 oum
1198 761 1306 820 dicitur
1321 776 1329 820 ι
1345 772 1360 816 ι’
1376 762 1520 824 Discedite
1535 775 1627 833 arne,
1641 759 1804 832 meledieb',

95 858 172 916 enim
186 857 396 930 predicatores
409 855 493 930 prius
508 856 624 914 ancillae
636 860 707 913 sunt
718 871 774 930 por
787 853 920 912 formidi-
974 856 1029 910 ete.
1054 852 1174 924 (natet.
1187 861 1262 925 ιιι,
1273 853 1328 926 ti).
1347 873 1363 904 ιι
1380 853 1520 926 Sequitur
1535 867 1542 908 ι

95 963 173 1004 nem.
189 947 230 1002 De
245 946 356 1020 quibus
369 945 499 1002 dicitur:
526 967 539 996 «
556 945 648 1002 Nolite
662 945 777 1017 timere,
791 943 920 1018 pusillus
1176 969 1178 976 ι
1286 943 1399 1002 corui
1417 944 1488 1000 libi.

94 1049 165 1105 grex
192 1034 331 1106 (luein,
348 1034 408 1106 ιι).
421 1055 436 1085 ιι
462 1033 556 1090 Amici
574 1031 743 1106 perfidem.
774 1033 809 1088 Ut
821 1027 918 1086 iilud:
1010 1033 1093 1090 vare.
1111 1037 1135 1101 i,
1151 1036 1178 1089 t.
1192 1033 1260 1090 Non
1272 1035 1360 1106 quari
1372 1031 1666 1090 crudelioreecttuoo
1675 1041 1757 1090 eursu
1768 1061 1804 1076 -

94 1147 107 1174 e
121 1127 180 1182 Vos
190 1123 367 1182 antem-dixi
384 1123 507 1192 amicos,
527 1145 541 1173 ιι
551 1128 606 1182 otc.
621 1123 719 1194 (loon.
735 1137 782 1190 ιι,
800 1121 855 1194 iti.
875 1118 921 1175 Ad
974 1123 1009 1178 lit
1019 1121 1100 1178 velut
1113 1122 1137 1178 ei
1147 1135 1219 1180 mox
1232 1137 1250 1178 a
1263 1121 1352 1179 nohis
1365 1121 1488 1179 muccis
1503 1129 1597 1179 cause
1609 1125 1802 1194 quareretur,

92 1217 257 1270 extremum
273 1229 396 1288 quoque
410 1213 610 1283 negotiatores
623 1227 677 1286 per
694 1211 853 1268 actionem.
883 1209 921 1265 Ut
974 1212 1130 1288 quomodo
1140 1225 1210 1268 cum
1224 1225 1287 1269 non
1302 1212 1390 1286 quasi
1402 1210 1529 1268 crudelis
1551 1210 1689 1281 suscitas,
1712 1221 1804 1285 quein

91 1301 165 1360 illud
180 1320 214 1359 :c
231 1306 340 1360 Euntes
355 1303 387 1360 in
402 1303 553 1359 mundum
563 1301 749 1365 universum,
760 1299 920 1374 praedicate
975 1301 1086 1359 scimus
1096 1300 1169 1375 quia
1184 1305 1281 1358 tantos
1292 1299 1432 1358 invadere
1445 1305 1474 1358 et
1485 1299 1630 1357 devorare
1637 1299 1806 1374 permittet

92 1393 284 1462 Evangelium
299 1393 382 1450 omni
411 1395 553 1448 creatura
578 1391 683 1463 (Marc.
699 1405 759 1459 xvi,
777 1389 830 1461 io).
847 1409 862 1440 ιι
888 1392 921 1444 ln
975 1390 1075 1448 statim
1088 1391 1226 1448 subditur
1238 1389 1361 1448 dicens:
1378 1391 1449 1460 Quis
1470 1391 1549 1448 euim
1563 1389 1805 1460 nsotmporeu

90 1480 301 1554 predicatione
315 1481 428 1554 quippe
442 1480 523 1550 fidei,
537 1480 626 1553 quasi
646 1477 803 1552 quoddam
829 1487 921 1546 nego·
975 1482 1075 1539 cettei
1084 1492 1148 1538 meo
1163 1483 1218 1537 tet
1233 1498 1240 1536 :
1258 1482 1328 1550 oute
1343 1480 1507 1538 antededtt
1533 1480 1619 1547 mitt,
1634 1483 1669 1537 ut
1682 1477 1807 1536 reddum

90 1570 166 1626 tium
181 1571 302 1640 geritur,
314 1570 388 1626 dum
403 1569 531 1626 verbum
543 1568 642 1637 datur,
654 1573 684 1625 et
697 1568 772 1624 fides
784 1566 824 1624 ab
838 1564 923 1622 suoi«
941 1586 961 1640 g
975 1570 1025 1626 eit
1034 1599 1069 1610 --
1083 1567 1198 1636 Quibus
1208 1567 1329 1626 duobus
1340 1567 1486 1638 versibus,
1496 1568 1672 1626 eturtutem
1683 1579 1808 1646 suppo

90 1657 206 1714 toribus
218 1658 356 1715 sumitur.
373 1657 445 1715 ilino
457 1657 539 1714 enim
560 1657 718 1714 Psalmista
732 1656 773 1713 ait
801 1672 807 1711 :
835 1677 849 1704 e
865 1655 920 1712 Su·
975 1659 1083 1726 tendae,
1100 1663 1129 1716 et
1142 1668 1233 1716 omne
1259 1659 1383 1733 pondos
1395 1657 1519 1718 rationis
1544 1657 1684 1732 explevit.
1718 1657 1807 1714 loti

90 1747 163 1804 mite
178 1748 448 1821 psalmnmetdaie
463 1745 919 1820 tympanrrmiPsot.cxrx,3)·»
975 1762 1047 1817 ergo
1078 1745 1198 1804 diceret.
1229 1749 1293 1804 Non
1311 1759 1381 1804 eum
1409 1747 1497 1820 qnasi
1520 1745 1650 1804 crudelis
1681 1744 1805 1818 sumno,

91 1839 124 1893 ut
138 1853 271 1904 rursum,
288 1837 482 1894 salomonen
498 1851 572 1892 roee
586 1839 697 1892 saneta
712 1834 847 1891 Ecclesiae
861 1833 919 1890 ait:
976 1835 1048 1908 quia
1060 1837 1100 1893 de
1112 1837 1178 1908 ejus
1192 1835 1365 1893 torutudine
1376 1836 1487 1894 electos
1510 1851 1595 1893 meos
1608 1835 1809 1911 potentmeri·

90 1945 104 1976 u
121 1925 366 1982 Sindonemiccit
382 1923 562 1992 etvendidit‚
577 1928 606 1980 et
622 1923 776 1993 cingulum
803 1921 923 1979 tradidit
976 1924 1028 1997 pio
1044 1941 1052 1993 3
1068 1927 1097 1982 et
1109 1939 1230 1981 rursum
1245 1925 1392 1998 reprobos
1405 1937 1467 1982 non
1481 1923 1601 1998 iniuste,
1618 1924 1809 1982 scorcione·

89 2015 264 2072 Chananao
278 2015 378 2086 (Prcv.
393 2014 541 2084 resistit.
559 2036 578 2063 »
596 2012 672 2079 Quia
686 2012 767 2068 enim
779 2011 834 2084 pe'r
846 2025 923 2084 pro-
977 2013 1210 2082 biiiierdamnc‚
1225 2015 1255 2070 id
1268 2018 1322 2083 est,
1339 2017 1368 2072 et
1382 2027 1434 2072 eoa
1461 2027 1539 2088 quoa
1565 2014 1695 2086 benigne
1718 2011 1807 2086 eligo,

87 2103 243 2160 dicatores
255 2103 305 2160 liei
319 2103 407 2160 valde
420 2101 610 2160 laudabiliter
625 2099 924 2158 aleriaihenistores
979 2103 1092 2176 eripere
1103 2103 1278 2161 mirabiliter
1287 2113 1425 2177 possum,
1453 2108 1490 2161 et·
1508 2119 1560 2161 eos
1586 2116 1663 2180 quos
1686 2111 1808 2178 respuo,

85 2207 236 2265 possessa
249 2191 402 2259 dividitur,
425 2189 572 2247 Veritatis·
586 2205 645 2246 vox
668 2201 722 2262 per
743 2187 924 2262 prophetem
977 2207 1039 2249 non
1052 2193 1163 2264 iniuste
1177 2192 1363 2267 derelinquo.
1379 2193 1473 2250 ltemo
1486 2193 1599 2267 quippe
1614 2197 1648 2250 ut
1661 2191 1764 2250 divina
1775 2189 1810 2248 il·

87 2280 249 2354 poilioetur
262 2281 367 2338 dicens
384 2298 391 2336 :
407 2303 422 2330 «
435 2283 467 2336 Et
482 2280 505 2335 si
519 2279 706 2352 separaveris
723 2278 891 2352 pretiosum
904 2293 924 2334 a
976 2279 1041 2337 lurn
1055 2281 1149 2352 gratia
1161 2281 1366 2356 subsequatur
1378 2281 1587 2356 priue·aliqnid
1601 2279 1726 2339 contulit
1737 2281 1807 2338 lieo.

88 2368 152 2436 rili,
168 2369 258 2444 quasi
271 2385 306 2424 oa
321 2383 423 2424 meum
436 2367 581 2439 eris-(rer.
598 2383 645 2436 rr,
659 2368 712 2439 it).
732 2386 746 2417 ιι
763 2367 921 2440 Sequibrr:
979 2369 1128 2443 Scriptum
1142 2369 1255 2444 qnippe
1268 2373 1314 2428 cst
1329 2387 1336 2428 ε
1354 2369 1581 2429 «Misericordia
1604 2368 1669 2442 eius
1695 2379 1809 2444 prorre-

127 2457 216 2514 Vaas.
233 2462 277 2514 tu.
292 2458 437 2529 Nonquia
458 2457 594 2526 impletis
608 2471 734 2528 sapenos
754 2457 834 2526 petto
848 2459 921 2526 ejus
977 2458 1039 2515 niet
1052 2473 1102 2515 me
1114 2459 1209 2530 (Psoi.
1224 2475 1303 2532 ιιιιι,
1316 2461 1371 2526 lli.
1388 2461 1450 2516 nllt
1464 2457 1572 2516 Paulus
1588 2470 1599 2516 ι
1614 2479 1630 2509 e
1640 2457 1739 2515 Gratia
1753 2451 1811 2514 sal-

91 2554 148 2604 cut
158 2547 349 2618 ourpustium
361 2546 489 2616 pactum
503 2546 602 2615 capite
612 2545 719 2602 iliter?
730 2575 765 2588 -
780 2543 857 2612 Quid
871 2560 925 2618 per
978 2548 1006 2603 ri
1018 2546 1088 2604 laod
1102 2547 1238 2621 estisper
1252 2547 1355 2613 iidem.
1372 2551 1402 2605 et
1415 2547 1548 2605 hoc'non
1558 2559 1595 2604 ex
1613 2545 1702 2606 robis
1731 2563 1740 2604 ι
1761 2546 1813 2604 llei

91 2651 235 2706 sagenas,
251 2640 302 2691 out
317 2631 505 2704 gurgustium
521 2632 731 2704 piscium,nisi
746 2633 883 2690 Ecclesiae
892 2633 926 2692 ti-
979 2635 1095 2692 donum
1109 2639 1154 2693 est
1182 2635 1305 2706 (liniter.
1320 2651 1351 2706 ιι,
1365 2637 1403 2710 Si.
1420 2655 1436 2688 ιι
1458 2636 1574 2693 tionum
1597 2637 1712 2710 quippe
1730 2634 1813 2708 quod

92 2724 221 2794 delium,
233 2739 301 2796 quta
315 2737 410 2783 unam
423 2722 602 2778 catholicam
618 2721 741 2788 indunt,
763 2722 926 2792 designau-
981 2724 1101 2795 aginus
1115 2729 1144 2780 ei
1158 2725 1209 2783 Dei
1224 2728 1305 2782 estet
1319 2727 1457 2782 nostrum
1468 2739 1475 2794 ;
1486 2725 1546 2793 Dei,
1562 2737 1618 2798 per
1630 2725 1813 2799 provenien·

92 2812 168 2868 turi
184 2811 266 2868 Unde
281 2811 311 2868 in
326 2810 487 2881 Evangelio
502 2811 706 2883 scriptumest
721 2828 728 2866 :
745 2807 927 2867 ‹simileeet
980 2817 1042 2870 tem
1055 2813 1183 2884 gratim
1197 2815 1367 2882 ςἰιοιίιιιιιι,
1383 2812 1665 2886 pmobsequentem
1686 2813 1814 2870 liberem

91 2915 225 2972 regnum
239 2899 384 2956 caelorum
394 2915 513 2970 sagene
525 2897 662 2954 missoein
675 2911 770 2966 mare,
781 2901 853 2954 etex
863 2909 928 2953 om·
946 2933 967 2991 c
981 2900 1177 2958 voluntatem.
1192 2902 1379 2973 Quapropter
1388 2904 1417 2956 et
1430 2903 1490 2956 ileo
1503 2899 1616 2971 gratias
1625 2899 1656 2956 in
1667 2903 1815 2957 aternum

91 2991 123 3047 nl
139 3005 254 3061 genere
267 2989 398 3062 piscium
413 2988 607 3061 congreganti
626 2988 749 3057 (Muttt.
763 3001 824 3055 rur,
839 2985 896 3058 ti).
912 3008 927 3036 »
982 2989 1111 3060 agimus,
1126 2993 1155 3045 et
1166 2991 1268 3046 tamen
1277 2987 1400 3045 retribui
1409 2987 1498 3044 nobis
1506 2987 1633 3060 prumia
1644 2995 1813 3060 speramns.

94 3085 125 3135 ln
140 3078 223 3153 polle
233 3093 305 3135 vero
319 3077 472 3134 leviathan
488 3077 582 3144 ledus,
592 3075 697 3134 stultos
707 3073 927 3148 ejuscorporie,
982 3077 1123 3150 Sequitur
1138 3095 1144 3134 :
1160 3078 1343 3149 Quinque
1357 3075 1591 3142 retroierunt,
1608 3089 1673 3133 mec
1687 3079 1768 3133 seut.
1780 3100 1816 3116 -

91 3169 123 3224 in
139 3167 241 3242 capite
256 3171 357 3224 autem
384 3166 547 3241 prudentes
574 3166 748 3240 accipimus.
777 3165 828 3221 Vel
851 3165 928 3221 corte
984 3164 1130 3224 Omnibus
1139 3164 1233 3240 liquet
1244 3164 1328 3239 quod
1341 3174 1404 3221 non
1416 3163 1516 3220 solum
1530 3175 1567 3220 ea
1580 3169 1650 3237 qno
1672 3161 1818 3220 suhcoelc

91 3257 177 3331 pelle
190 3271 259 3330 quoe
269 3261 315 3312 est
328 3255 580 3320 arteriueaubditi
594 3255 634 3312 ad
648 3255 713 3311 hnc
723 3258 857 3314 exueme
872 3269 931 3310 ser·
983 3259 1064 3327 eunt,
1080 3254 1131 3310 sed
1142 3253 1232 3311 etiam
1242 3264 1310 3328 quai
1325 3265 1417 3328 snper
1429 3251 1521 3310 otalos
1536 3256 1608 3310 sunt
1621 3251 1688 3325 eius
1714 3251 1819 3310 volun·

94 3347 226 3417 vientes,
266 3344 362 3418 capite
398 3349 499 3402 antem
535 3343 687 3418 praepositi
723 3343 928 3414 designantur.
984 3345 1035 3402 tati
1051 3345 1192 3402 sormunt.
1211 3343 1267 3403 Sed
1282 3344 1355 3418 quia
1368 3343 1569 3402 debelathan
1598 3343 1740 3418 loquitur,
1766 3341 1821 3417 qui

93 3435 185 3492 Prius
212 3435 313 3508 itaque
330 3433 418 3491 inira
441 3437 578 3490 sanctam
609 3433 769 3490 Ecclesiam
795 3427 930 3488 iideiium
982 3436 1125 3507 jamnon
1139 3435 1169 3491 in
1185 3435 1302 3492 rethmol
1315 3433 1382 3492 coeli
1405 3433 1477 3492 sede
1503 3432 1682 3502 continetur,
1710 3430 1819 3491 cuneta

92 3525 189 3598 qnasi
215 3521 325 3598 pellem
353 3522 476 3594 diaboii,
497 3527 645 3580 extremos
673 3527 763 3597 atque
782 3521 928 3584 infirmos,
984 3539 1053 3598 quin
1069 3524 1126 3582 snb
1139 3523 1214 3582 cocio
1229 3527 1299 3582 sunt
1313 3523 1418 3582 asserit
1430 3537 1486 3582 sua
1500 3537 1576 3596 esse,
1597 3527 1631 3581 ut
1655 3536 1726 3582 curn
1747 3534 1821 3598 quo-

92 3613 125 3670 id
150 3617 209 3678 est,
233 3611 370 3668 indoctos
397 3610 562 3684 piscatores
594 3611 715 3682 colligit,
742 3615 771 3668 et
798 3615 932 3684 postmo-
985 3629 1044 3686 que
1058 3613 1111 3687 qui
1124 3613 1162 3670 de'
1176 3613 1252 3671 coelo
1265 3612 1380 3684 cecidit,
1393 3629 1457 3670 sum
1472 3613 1598 3672 edoceat
1608 3610 1749 3687 potestati
1762 3625 1821 3670 ser·

92 3701 176 3758 dum
191 3705 282 3774 caput
293 3699 384 3769 illius,
399 3700 431 3756 id
441 3704 494 3767 est,
510 3700 708 3773 philosophos
722 3704 751 3758 et
768 3699 931 3773 prudentes
985 3703 1057 3760 vire.
1076 3703 1217 3777 Sequitur
1233 3719 1239 3758 :

93 3790 154 3847 sibi
172 3789 361 3846 adversarios
375 3788 519 3845 subdidit.
537 3789 676 3862 Sequitur
692 3805 698 3844 :
881 3813 885 3824 ·
1021 3794 1108 3849 Vaas.
1123 3787 1357 3861 &Neroneum
1365 3791 1440 3859 odet
1452 3789 1822 3860 owhhpotmtihuaetad

133 3883 224 3936 vnce.
247 3883 293 3936 27.
323 3880 406 3936 Pone
429 3891 521 3948 super
542 3891 609 3934 eum
632 3893 756 3934 monem
779 3881 872 3934 tuom.
897 3905 933 3919 —-
987 3879 1209 3950 deprecandum
1223 3879 1401 3949 compositis.
1429 3906 1465 3921 -
1483 3877 1555 3946 Quis
1578 3877 1636 3934 hoo
1659 3877 1769 3948 legisse
1788 3893 1822 3937 se

92 3969 129 4026 ld
161 3971 220 4038 est,
248 3973 281 4025 ut
308 3981 374 4040 ego,
396 3967 448 4042 qui
473 3967 541 4023 torti
569 3965 654 4022 iilum
680 3966 814 4039 potentia
840 3966 933 4039 reprl-
988 3969 1081 4035 novit,
1097 3981 1291 4040 nequaqnam
1311 3965 1545 4040 existimctquia
1565 3966 1724 4040 culparum
1750 3975 1822 4025 snt·

91 4071 202 4125 mens,
232 4071 293 4114 ιιοιι
320 4057 484 4131 plusquam
510 4054 631 4128 expedit
659 4054 761 4111 sarire
782 4053 932 4127 permitto.
987 4071 1058 4114 rum
1073 4053 1214 4113 diabolus
1228 4055 1393 4112 silvaniam
1403 4055 1559 4128 petiturus.
1577 4053 1635 4112 Sed
1649 4051 1821 4112 ioncssode

91 4149 149 4205 vel
176 4150 255 4204 certe
280 4159 463 4220 supereum
491 4159 618 4202 manum
644 4157 757 4220 ponere
795 4147 848 4212 est,
875 4143 933 4200 vir-
989 4145 1170 4203 nnbchristo
1180 4144 1305 4202 dicitur:
1320 4163 1336 4201 e
1352 4145 1447 4210 Quem
1462 4143 1608 4202 Dominus
1630 4141 1823 4203 lesusilbris

91 4235 173 4293 tntis
210 4238 357 4308 potestate
389 4244 541 4307 superare.
580 4232 719 4306 Sequitur
751 4248 758 4287 :
787 4231 933 4289 Memento
952 4239 1037 4340 Dtus
1051 4234 1207 4293 interficiet
1221 4233 1325 4308 spiritu
1337 4234 1397 4292 oris
1412 4234 1458 4291 sui
1471 4233 1521 4308 (ll
1531 4233 1630 4294 Thess.
1644 4247 1675 4306 ιι,
1685 4235 1726 4304 8),
1743 4253 1759 4286 ιι
1786 4232 1824 4292 tit

92 4326 178 4382 detti
203 4339 258 4382 uec
283 4325 367 4382 uitro
388 4323 485 4380 oddae
511 4323 601 4396 loqui.
635 4353 671 4363 -
709 4325 749 4378 Αο
782 4321 806 4377 si
832 4323 934 4396 aperte
988 4324 1111 4382 territus
1125 4327 1216 4382 tanta
1229 4323 1567 4398 majestniisprasentia
1585 4323 1626 4382 ad
1649 4339 1754 4399 preces
1774 4321 1822 4381 in·

92 4415 254 4471 diceretur
291 4431 298 4470 ι
334 4411 363 4470 Si
385 4411 493 4469 occulti
513 4411 608 4469 hostis
632 4413 737 4468 eonha
764 4415 792 4468 te
821 4410 935 4468 bellum
990 4413 1224 4483 clinetur.0uod
1238 4415 1339 4473 tamma
1354 4413 1392 4472 de
1406 4413 1517 4490 iniquis
1531 4413 1675 4472 omnihus
1699 4411 1824 4486 intelllgi

92 4501 287 4572 consideres,
311 4501 460 4575 quidquid
477 4517 558 4560 arne
578 4500 690 4574 pateris
713 4515 776 4557 non
800 4515 934 4558 accuses.
991 4503 1090 4577 aptius
1104 4504 1211 4578 potest,
1226 4503 1279 4578 qui
1305 4517 1371 4561 sero
1395 4501 1436 4560 ad
1462 4502 1640 4578 petitionum
1662 4502 1755 4560 verba
1770 4512 1823 4559 re·

93 4593 171 4651 Alta
195 4592 308 4668 quiippe
332 4591 516 4664 dispensatio
538 4589 723 4663 judiciorum
751 4589 803 4648 liei
825 4589 937 4648 idcirco
989 4591 1086 4650 niunt.
1102 4591 1232 4650 Undein
1246 4591 1407 4663 Evangelio
1421 4589 1536 4648 Veritas
1553 4589 1643 4649 dicit:
1659 4587 1823 4662 «Domine,

92 4695 187 4756 saepe
210 4680 288 4737 bene
311 4683 459 4736 merenies
475 4679 605 4736 famulos
627 4677 674 4736 vol
698 4679 786 4736 ruinis
811 4677 936 4752 impetit,
992 4681 1128 4754 bomine,
1144 4681 1231 4754 aperi
1256 4679 1344 4737 nobis
1373 4677 1494 4747 (Mutii.
1508 4693 1576 4752 xxv,
1592 4681 1648 4749 ii).
1665 4701 1680 4730 »
1709 4675 1825 4746 onibus

90 4771 148 4827 vei
179 4767 305 4840 flagellis
328 4769 448 4844 premit,
474 4767 547 4842 quia
570 4768 648 4826 mira
668 4767 803 4842 potentia
830 4765 937 4842 previ-
990 4767 1212 4842 respondetur:
1229 4763 1824 4841 cAmendicovobiancsciorosiibid„

91 4859 153 4917 dit.
174 4858 262 4926 Quod
276 4858 301 4915 si
315 4858 407 4932 quieti
430 4871 466 4930 ac
486 4857 572 4914 liberi
586 4858 617 4915 in
645 4857 858 4932 tranquillitate
873 4869 939 4930 per·
994 4858 1079 4930 ilis
1064 4857 1261 4913 ιιΡοοιιιιιιιιο
1277 4859 1306 4914 et
1319 4855 1351 4912 in
1364 4855 1569 4930 hoctcmporc
1583 4853 1718 4931 accipere
1742 4855 1827 4931 quod

92 4949 252 5020 meterent,
274 4948 456 5006 tentationes
477 4947 554 5004 terre
577 4945 741 5004 adversarii
763 4961 825 5004 ιιοιι
839 4946 939 5004 relen-
992 4945 1030 5004 de
1044 4945 1297 5004 inturodiximns.
1315 4943 1747 5021 Suntnamquenonnuliiqnl
1760 4959 1827 5021 pro·

90 5041 159 5107 tes,
191 5041 310 5096 mente.
317 5038 458 5112 prostrati
476 5035 650 5094 vulneribus
661 5036 805 5108 jacerent
838 5033 940 5109 Sequi·
993 5036 1069 5094 lixas
1084 5036 1124 5095 ad
1137 5040 1231 5094 ileum
1245 5029 1481 5112 preceshabent‚
1495 5032 1826 5110 sedvitamdepreeo'n·

91 5131 182 5184 tur:
993 5123 1642 5200 trumnonhabcnt.lliqaippceti1etus
1634 5139 1666 5182 ιιι
1693 5123 1828 5183 oratione

134 5215 221 5272 vrrs
239 5215 285 5272 tt
282 5211 712 5286 Brcerpesejucfrustrolitm
726 5225 805 5268 eum
812 5211 942 5279 -Quod
994 5213 1172 5288 percipiunt,
1188 5217 1330 5272 ettamen
1345 5209 1620 5292 erpicusprcctbue
1648 5224 1719 5269 cum
1746 5207 1829 5267 sitio-

92 5305 145 5362 sic
165 5303 501 5374 deeodebetinteiligi,
515 5301 758 5360 utreierrietiem
776 5301 818 5358 ad
831 5315 942 5375 corpus
995 5303 1264 5376 mmsuggestione
1275 5299 1445 5378 pulsantur
1460 5313 1656 5378 nequaquam
1665 5313 1721 5374 pro
1746 5301 1830 5357 aun

91 5394 189 5452 illins
203 5395 311 5467 possit.
327 5393 400 5468 quia
424 5391 521 5464 iniqui
535 5407 641 5450 omnes
659 5393 713 5466 quii
724 5389 941 5448 districtionem
996 5393 1027 5451 ni
1039 5393 1124 5466 regni
1138 5389 1327 5450 desideriosa
1341 5389 1681 5449 ilerissemcminerunt.
1694 5391 1828 5459 Quorum

89 5481 230 5558 justitiae
238 5484 422 5542 diuinoenon
436 5485 583 5551 metuunt,
595 5483 749 5540 ineassum
763 5479 871 5538 sibide
885 5481 941 5537 mi-
997 5488 1099 5542 tamen
1112 5480 1306 5558 petitionibus
1319 5479 1396 5540 Deus
1410 5495 1473 5538 non
1495 5475 1601 5553 parcit,
1624 5475 1695 5560 quia
1724 5492 1831 5540 eorum

94 5572 275 5633 serieordie
291 5571 498 5633 oimoiuntm.
518 5571 659 5647 Sequitur
677 5589 685 5628 ι
707 5571 748 5628 lit
771 5569 941 5629 uidentibus
997 5587 1102 5647 preces
1113 5587 1205 5648 opere
1218 5571 1422 5632 destruuntur.
1439 5568 1600 5644 Sequitur:
