4110 6138
100 137 153 192 iii
525 84 527 88 ’
752 127 1159 188 ornanumoniiusiei.
1754 131 1808 190 ios

10 311 11 314 ,
96 260 250 322 ternum.
264 259 445 332 eujushasis
458 260 544 318 LXXX.
560 261 627 316 Non
651 255 750 314 solum
776 254 824 312 hii
848 253 964 310 oso-t
981 251 1041 310 eim
1055 255 1552 330 perqustuoriiiqiiartooampo,
1567 255 1629 312 sive
1652 267 1707 330 pei
1729 256 1810 312 ooto·

10 341 11 344 ’
97 347 157 404 hus
167 351 264 406 XXXVt
279 351 308 405 et
322 351 398 405 LXiv
412 349 587 422 pyramides
601 346 785 416 auferentur,
796 343 850 401 sed
861 341 923 416 qui·
981 343 1101 401 nerium
1119 362 1126 400 ε
1144 344 1307 402 duodeolm
1334 360 1389 418 per
1414 345 1566 404 binarium
1590 343 1622 402 ln
1637 349 1731 410 sexto,
1746 344 1808 401 sive

10 429 11 436 '
98 453 221 510 eurique
232 437 352 494 numeri
365 453 435 494 oum
448 437 614 512 quantitate
637 435 804 511 spatiorum
830 431 928 490 multi·
980 447 1035 505 per
1047 433 1275 506 quaternarium
1289 434 1321 490 in
1336 433 1440 490 tertio:
1455 434 1575 505 triginta
1588 451 1640 492 seii
1655 449 1710 508 per
1723 447 1809 490 sena·

98 525 202 601 plieatl
212 525 435 584 easdemheses
447 523 926 600 effloiant,auiorantpyramides,
980 521 1060 579 rium
1083 522 1114 579 in
1139 527 1221 580 sexto
1238 522 1378 595 :triginta
1391 522 1423 580 in
1443 523 1549 597 quinto
1565 539 1572 580 i
1587 523 1809 597 quinquaginta

10 671 11 678 ,
99 620 128 674 ει
139 613 229 672 simul
238 629 346 672 omues
360 619 542 687 tetragonos,
556 616 670 690 quibus
683 617 830 672 oonstam.
981 627 1036 670 sex
1049 627 1104 686 per
1113 612 1303 670 oetonarium
1312 613 1343 669 iii
1355 612 1498 688 septimo:
1510 613 1667 684 sexaginta
1679 615 1810 686 quatuor

136 704 192 772 oui
206 703 301 762 tendit
314 705 354 762 ad
374 704 541 776 viatorium,
555 720 748 780 summopere
764 703 883 762 studeat
896 701 927 760 in
980 701 1012 758 ln
1026 705 1134 762 oetavo
1149 717 1203 776 per
1214 703 1413 771 octonarium,
1429 701 1492 760 sire
1505 701 1612 759 eadem
1623 702 1807 775 quantitate:

101 795 197 869 eapite
220 793 385 852 adversarii
398 795 564 854 maximam
586 799 617 853 ει
629 794 794 870 perieotam
808 793 928 852 harmo-
981 791 1147 862 nonaginta
1166 807 1221 866 per
1244 791 1443 850 novenarium
1457 791 1489 849 lii
1502 790 1622 850 deeimo
1648 805 1767 864 eampo,
1781 794 1811 848 et

99 885 184 944 niam
198 883 389 957 eonstituere,
405 901 474 958 quse
492 889 624 959 quatuor
636 889 779 943 oonstans
793 882 928 942 terminis
980 893 1036 953 per
1048 879 1235 936 vicenarium
1249 879 1281 938 in
1294 880 1418 954 quintos
1433 879 1539 952 viginti
1566 881 1634 937 ooto
1660 893 1716 952 per
1735 891 1809 952 qua·

10 1031 11 1048 ,
101 978 223 1032 εειεεεε
237 972 269 1029 iii
284 989 315 1030 se
327 973 459 1032 eontiiiet
469 979 540 1047 tres,
551 974 775 1048 geometrioam,
785 973 926 1030 arithmo·
981 969 1146 1028 ternarium
1158 969 1190 1027 in
1204 970 1333 1045 septimo
1347 987 1354 1027 i
1370 969 1572 1044 quadraginta
1583 983 1695 1026 novem
1707 967 1740 1024 tn
1754 981 1810 1024 suo

100 1065 201 1135 ticam,
215 1063 435 1136 harmonieam,
450 1068 478 1122 et
500 1064 624 1138 insuper
641 1063 850 1138 proportiones
863 1077 927 1133 opi·
981 1057 1115 1130 legitimo
1140 1062 1248 1128 traotu,
1262 1059 1324 1116 sive
1350 1074 1405 1133 per
1431 1059 1590 1132 adjunctos
1608 1057 1811 1132 quadraginta

10 1139 11 1220 J
100 1154 187 1210 nium
199 1153 385 1210 musiearum
400 1153 777 1228 symphoniarumsihiso
791 1151 928 1209 tierinon
981 1147 1116 1221 quinque
1130 1151 1158 1205 ει
1169 1151 1300 1222 quatuor
1315 1165 1322 1206 ε
1339 1147 1497 1219 sexaginta
1514 1160 1565 1204 sen
1579 1161 1634 1222 per
1648 1146 1809 1218 adiunctos

99 1243 204 1317 possit,
221 1241 356 1299 terminis
381 1244 447 1316 ejus
470 1259 525 1318 per
543 1244 681 1318 prodam
695 1257 757 1300 non
773 1241 927 1316 acquisitis
982 1236 1138 1308 mxaginte
1152 1241 1283 1311 quatuor
1306 1241 1335 1295 et
1359 1238 1448 1307 daos,
1464 1237 1594 1310 sivepsr
1615 1235 1755 1293 sexdeeln
1778 1234 1807 1291 in

99 1337 220 1405 autper
243 1331 391 1388 inaurium
404 1332 537 1406 perditis,
559 1331 689 1388 sufficiat
711 1331 749 1388 ad
771 1329 928 1387 victoriam
981 1329 1101 1398 quarto,
1116 1332 1290 1385 remanente
1304 1327 1433 1392 binario,
1449 1330 1570 1384 eentum
1598 1324 1704 1397 viginti
1729 1339 1810 1380 unus

10 1471 11 1478 ,
100 1419 288 1478 arithmetica
302 1419 529 1490 ethermonieu,
543 1435 675 1494 quarum
689 1424 816 1493 utraque
830 1433 868 1475 ex
881 1416 929 1474 tri-
981 1428 1036 1487 per
1059 1414 1210 1472 sexdeoim
1235 1415 1266 1474 ln
1294 1415 1597 1488 septimo‚ad1'unoto
1623 1413 1809 1471 novenario:

99 1510 159 1567 hus
173 1509 473 1583 constansterminis,
489 1509 632 1578 maximo,
654 1508 765 1579 medio,
780 1507 927 1575 minim03
982 1505 1104 1559 eentum
1123 1503 1226 1574 viginti
1248 1519 1302 1577 per
1325 1503 1431 1574 viginti
1444 1503 1476 1560 in
1501 1507 1585 1560 sexto
1602 1520 1609 1559 ε
1624 1501 1746 1560 ducenti
1770 1500 1811 1558 ri·

99 1599 163 1656 sive
178 1613 233 1672 per
247 1599 374 1671 angulos
387 1599 442 1658 ilat
468 1599 499 1656 in
512 1598 670 1657 direetuni.
686 1601 751 1655 Non
774 1596 858 1671 prius
870 1595 965 1676 vio-c
983 1591 1058 1664 giuti
1071 1591 1207 1666 quinque
1221 1608 1276 1668 per
1291 1593 1394 1664 viginti
1407 1593 1543 1668 quinque
1554 1593 1585 1650 in
1596 1607 1688 1649 nono.

101 1689 176 1746 toria
186 1689 327 1760 tituletur,
335 1689 410 1746 duni
420 1689 537 1747 alienus
547 1689 656 1763 aliquis
667 1687 811 1746 terminos
823 1701 929 1744 earum

99 1780 196 1852 possit
210 1779 436 1853 interrumpere.
453 1779 507 1847 Qui
532 1779 649 1853 primus
674 1777 806 1852 ponitur,
820 1775 931 1833 indioet

100 1869 285 1940 adversario,
309 1867 395 1924 illuni
422 1884 479 1925 neo
505 1868 594 1926 lioere
617 1871 723 1942 postes
738 1881 775 1923 ex
798 1865 849 1922 illo
862 1865 930 1922 loeo

99 1957 189 2026 trahi,
204 1972 260 2012 neo
281 1956 321 2012 ah
336 1955 509 2013 adversario
523 1955 643 2014 auferii.
670 1959 704 2012 lu
722 1960 850 2028 utraque
874 1957 931 2011 ter-

100 2045 177 2102 mini
203 2045 361 2104 abundant
388 2045 576 2104 arithmetici.
603 2045 852 2103 llarmonioorum
877 2059 932 2117 per

99 2133 238 2208 proedam
263 2149 343 2193 unus
368 2133 572 2208 requirendus
594 2139 639 2192 est
654 2152 661 2191 τ
677 2150 769 2208 quem
796 2134 930 2208 primum

97 2239 207 2298 pones,
223 2239 261 2280 ex
274 2223 398 2282 nomine
412 2223 527 2282 indices
551 2223 735 2296 adversario,
748 2226 779 2280 in
793 2222 844 2280 tali
857 2238 929 2279 oau-

98 2312 181 2368 tione
195 2327 302 2386 pones,
315 2316 349 2369 ut
370 2311 458 2370 illuni
473 2313 573 2370 adhue
594 2313 697 2371 nullus
718 2311 930 2386 ponendorum

98 2405 401 2549 willirih·
415 2508 463 2549 „i
477 2491 633 2550 nem
648 2495 677 2550 o
690 2491 859 2550 imm
874 2493 931 2551 i„
983 2448 1117 2506 „aen
1141 2448 1334 2522 muru
1357 2464 1425 2522 «ρ
1448 2448 1479 2510 1¹¹
1643 2445 1813 2522 arrisu

984 2538 1180 2596 diatessaron.
1197 2537 1360 2598 Hemioiius
1371 2543 1424 2611 est,
1436 2554 1508 2597 ouui
1518 2537 1556 2596 de
1568 2535 1690 2594 duobus
1705 2549 1812 2594 nume-

103 2579 236 2638 ealoulos
250 2579 406 2654 posuisse:
421 2580 472 2637 sed
482 2595 600 2638 memor
608 2585 827 2655 praeceptorum
841 2581 931 2637 trium
1001 2626 1006 2638 .
1092 2628 1098 2639 .
1288 2627 1294 2638 .
1459 2626 1465 2637 .
1614 2626 1619 2636 .
1742 2623 1747 2634 .

105 2669 198 2737 Boeffi’
220 2669 333 2742 quibus
346 2669 428 2726 hunc
453 2669 626 2727 conflictum
641 2669 809 2727 secundum
824 2669 931 2727 eadem
983 2643 1024 2684 ris
1038 2643 1136 2699 mayor
1149 2627 1241 2683 hahet
1254 2643 1402 2683 minorem
1415 2629 1444 2682 et
1457 2641 1582 2700 insuper
1595 2641 1660 2696 eJus
1669 2623 1813 2680 medieta-

100 2776 152 2816 me
179 2759 329 2832 posuisse,
344 2759 437 2817 modo
460 2759 596 2832 neglecto
617 2765 740 2833 propter
757 2759 931 2818 evitandam
984 2713 1176 2813 “m’¹¹1.⁸i¹¹‘
1191 2714 1246 2771 tm
1258 2714 1297 2770 ad
1313 2715 1393 2783 ‘¹⁰⁰3
1408 2731 1482 2814 qam
1497 2715 1528 2770 in
1542 2713 1638 2770 tribus
1654 2717 1724 2812 ⁵¹¹³}
1738 2711 1811 2783 ‘¹⁰02

102 2849 352 2907 numerositatem
378 2849 559 2919 monadum,
584 2849 722 2920 diabum,
747 2849 888 2926 stadium,
902 2854 932 2907 et
984 2806 1014 2860 ει
1027 2801 1128 2860 medie
1140 2818 1211 2876 pars
1223 2802 1364 2870 duorum,
1376 2807 1486 2859 unitas.
1502 2801 1677 2875 Appellatur
1688 2800 1737 2856 hie
1755 2817 1813 2856 nu-

984 2906 1087 2950 merus
1101 2891 1132 2948 iu
1152 2890 1340 2950 arithmetica
1364 2890 1568 2964 sesquialtera,
1585 2889 1638 2946 sed
1665 2888 1814 2962 diapason

101 2943 277 2996 mmmm
309 2937 539 3040 .g⁰nimr.⁸rum'.
560 2937 617 3039 qni
644 2937 750 3038 (1Ψῆ
781 2938 967 3038 ΜΜΓῨΜΒ
985 2980 1063 3054 (171)
1077 2979 1262 3057 symphonia
1275 2983 1401 3036 vocetur
1414 2978 1446 3035 iii
1460 2979 1587 3035 musica.
1604 2977 1743 3051 Duplaris
1756 2993 1814 3034 nu-

101 3027 278 3092 monedem,
292 3045 317 3084 si
328 3031 490 3086 ternariam
504 3027 640 3102 hiphoet,
656 3044 682 3083 si
705 3030 929 3100 quaternariam
985 3084 1087 3131 merus
1102 3071 1156 3137 est,
1173 3083 1242 3130 cum
1256 3067 1294 3123 do
1309 3066 1429 3124 duobus
1443 3066 1578 3123 numeris
1596 3065 1695 3122 minor
1707 3065 1737 3121 in
1750 3081 1814 3122 ma-

101 3115 314 3191 quadruplioet
332 3116 358 3173 si
378 3116 549 3190 quinariam
573 3116 779 3192 quintuplloet,
795 3115 820 3172 si
841 3131 929 3174 sena·
982 3157 1081 3230 joram
1095 3155 1341 3225 bisnumemtur,
1358 3159 1390 3211 ut
1405 3158 1476 3211 sunt
1489 3153 1669 3228 quatuorad
1683 3154 1756 3210 duo,
1772 3156 1814 3210 px

99 3206 179 3263 riam
195 3205 579 3280 513301]Ι)ῙῙοΜῘ)ῙῙΟῩᾸῙῙΠ18
594 3205 730 3280 undique
743 3206 930 3264 ⁰ff⁰umv⁰¹b
984 3243 1567 3318 hoeduplariuasoitiirsymphonia,eui
1578 3243 1816 3300 nomeuestdia·

99 3301 151 3354 ωε
182 3296 350 3395 mptivfmff
381 3312 471 3362 ω’
498 3299 629 3396 qulam?
664 3311 734 3352 ‘mm
772 3295 931 3396 Ργηωξᾶθ
984 3351 1091 3409 paeon.
1108 3333 1248 3408 Triptsris
1264 3337 1375 3399 eutem,
1393 3351 1462 3391 oiim
1477 3335 1515 3391 de
1539 3334 1661 3392 duobus
1680 3332 1814 3392 numeris

101 3385 235 3442 eadunt:
252 3383 337 3442 aliter
350 3388 481 3458 quatuor
494 3384 626 3442 obsideri
639 3389 777 3459 possunt.
790 3387 930 3442 Senarius
984 3425 1139 3481 moriter
1165 3423 1196 3480 in
1209 3424 1358 3496 majorem
1372 3428 1559 3496 numeratur,
1577 3429 1610 3481 ut
1623 3427 1693 3481 sunt
1705 3423 1761 3482 tria
1775 3422 1815 3480 ad

99 3475 330 3549 perternarium
344 3475 375 3531 in
389 3473 930 3548 seeundooampooadit:ootonarius
980 3529 1092 3573 Unum.
1107 3514 1149 3569 Ex
1170 3512 1228 3570 hoc
1253 3511 1365 3586 triplari
1389 3513 1522 3572 nascitur
1537 3512 1731 3586 symphonia.
1745 3527 1815 3586 φῶ

98 3562 344 3709 ἓθῖ.ἃᾱ1“ῃοω8’
358 3561 497 3618 Videlicet
508 3561 642 3684 qninflu‘?
656 3565 685 3662 9⁸
698 3566 758 3618 Μ
774 3579 781 3618 ²
799 3564 928 3617 smm'
984 3601 1092 3660 dioitur
1106 3601 1256 3676 diapason
1283 3607 1314 3658 et
1338 3601 1488 3678 diapente.
1504 3602 1720 3678 Quadruplaris
1742 3617 1814 3662 vero

123 3669 201 3709 emm
213 3667 268 3726 per
281 3667 392 3708 mem
407 3655 436 3709 et
451 3655 566 3725 κρίθη]
583 3655 723 3723 'mmm
734 3667 786 3708 ⁸⁸¹
800 3666 855 3724 per
878 3665 930 3706 ω
984 3707 1129 3748 numerus
1153 3693 1207 3759 est,
1223 3705 1294 3746 eum
1315 3689 1353 3746 do
1367 3689 1488 3748 duobus
1514 3690 1648 3750 numeris
1671 3690 1770 3746 minor
1782 3689 1815 3746 in

97 3743 260 3801 venariam
272 3743 304 3800 iii
318 3747 436 3816 quarto,
453 3743 515 3800 sire
527 3743 635 3799 eedem
647 3743 829 3816 quantitate:
846 3757 931 3798 sexa·
983 3779 1132 3852 majorem
1154 3780 1261 3850 qum.
1283 3782 1468 3842 numeratur·
1485 3782 1518 3836 ut
1538 3766 1608 3834 sun}
1630 3782 1761 3852 quatuo,
1774 3776 1815 3837 ad

99 3833 185 3936 §ima
195 3836 325 3907 quatum
334 3831 441 3934 eadm?
454 3831 631 3906 ‘mmmm'
642 3831 704 3932 five
713 3847 768 3932 Per
780 3829 930 3932 wfdoejm
986 3885 1081 3926 uuum
1094 3884 1100 3924 :
1117 3865 1170 3942 qui
1183 3881 1329 3924 uumerus
1343 3865 1413 3924 iaeit
1426 3867 1653 3940 symphoniam,
1664 3882 1732 3942 quai
1743 3864 1815 3922 diei-

100 3939 132 3980 in
143 3925 252 3996 quarto
264 3941 271 3978 ε
283 3937 466 3979 novenarius
479 3937 533 3996 per
544 3925 707 3978 ternarium
716 3935 747 3976 iii
759 3923 855 3988 tertio,
866 3935 930 3976 sive

322 4011 328 4023 .
589 4011 594 4022 .
799 4009 805 4020 .
902 4009 907 4021 ,
985 3955 1091 4015 turbis
1105 3955 1439 4028 diapasonEpogdous
1453 3957 1659 4020 numerusest,
1672 3953 1816 4026 quiiutra

100 4013 210 4070 eadem
226 4015 408 4086 ‘mmmm
424 4015 531 4081 ΨΜ
544 4026 679 4085 ΨΜΨῙΘ
688 4025 743 4084 ΡΜ
755 4025 889 4086 ΨΠΠΨῙΘ
899 4024 931 4068 ¹¹¹
984 4063 1017 4104 se
1032 4045 1124 4102 hahet
1137 4059 1299 4100 numerum
1310 4042 1469 4110 minorem,
1477 4047 1506 4100 ει
1518 4043 1584 4116 ejus
1593 4047 1734 4100 ootevam
1747 4057 1815 4115 par·

99 4104 208 4174 qum
225 4117 232 4156 ³
248 4100 420 4174 qmnde⁰im
433 4116 488 4174 9⁹⁹
501 4099 675 4174 ‘mmmm
688 4114 720 4155 ¹¹¹
735 4102 819 4156 ΜΟ
835 4111 931 4171 ‘qua'
986 4139 1055 4197 tem,
1071 4137 1103 4189 iit
1127 4135 1197 4189 sunt
1218 4146 1328 4189 novem
1349 4130 1390 4188 ad
1404 4135 1472 4188 ooto
1486 4149 1493 4202 ;
1509 4131 1582 4206 quia
1595 4130 1627 4187 in
1649 4129 1814 4188 novenario

99 4191 241 4293 dfaffinta
255 4191 383 4293 d¹¹⁰P⁰r
398 4191 603 4292 ⁸⁶P²⁰⁰³¹i¹¹m
627 4190 778 4291 in,⁸⁰¹²⁰²
799 4189 931 4264 quadm'
987 4226 1057 4280 sunt
1081 4225 1160 4292 ooto,
1171 4223 1200 4278 et
1227 4221 1351 4294 insuper
1375 4225 1576 4295 oetavapars‚
1591 4220 1689 4291 idest,
1705 4219 1813 4276 unitas.

100 4285 186 4352 ginta
199 4296 310 4338 novem
321 4297 352 4338 in
363 4285 491 4354 septimo
507 4299 513 4336 :
529 4282 719 4354 septuaginta
732 4278 794 4336 duo
809 4295 863 4353 per
876 4295 932 4335 no·
944 4322 968 4378 D

98 4370 258 4428 venerium
273 4370 304 4427 in
316 4373 423 4428 octavo
440 4387 446 4426 :
463 4369 614 4442 octoginta
628 4372 657 4426 ει
680 4383 759 4425 unus
771 4385 825 4442 per
837 4384 930 4426 nove-
1022 4369 1137 4428 Quum
1162 4382 1233 4424 vero
1256 4371 1363 4426 tonuiii
1398 4367 1557 4436 minorem,
1585 4382 1678 4441 quem
1703 4368 1816 4422 veteres

98 4460 222 4518 narium
245 4460 277 4516 in
303 4475 385 4517 nono
407 4475 538 4534 eampo:
553 4457 727 4532 quindecim
749 4473 804 4532 par
828 4457 885 4515 tria
898 4457 930 4515 in
986 4455 1180 4514 semitonium
1204 4461 1325 4520 vocent.
1356 4455 1413 4514 Sed
1447 4473 1510 4514 iion
1537 4457 1578 4514 ita
1606 4454 1816 4529 aeeipiendum

99 4549 218 4623 quinto,
236 4550 299 4606 sive
313 4549 594 4624 perquinariumiii
608 4548 713 4610 tertio:
729 4547 931 4622 qudraginta
986 4550 1041 4614 esi.
1067 4550 1101 4608 iil
1126 4545 1271 4610 dimidius
1299 4549 1388 4604 tonus
1423 4549 1622 4619 computetur,
1651 4545 1723 4617 quia
1759 4557 1815 4599 nee

100 4639 239 4712 quinque
253 4653 308 4713 per
321 4639 519 4696 novenarium
533 4639 564 4694 in
579 4638 685 4712 quinto
696 4655 703 4694 :
715 4640 838 4694 eentum
847 4651 930 4694 sexa·
986 4635 1195 4694 semivocalem
1209 4636 1239 4692 iii
1254 4635 1357 4692 litteris
1376 4650 1431 4707 pro
1454 4633 1614 4691 medietate
1637 4631 1751 4690 voealis
1764 4646 1815 4688 ae-

100 4729 186 4801 ginta
200 4745 312 4786 novem
338 4745 392 4802 per
406 4729 590 4786 tricesimum
608 4727 640 4785 in
652 4731 771 4802 quarto,
785 4731 814 4784 et
831 4743 930 4784 rema-
986 4725 1125 4800 cipimus.
1152 4721 1263 4782 Deinde
1289 4729 1379 4780 tonus
1400 4737 1455 4796 per
1478 4727 1619 4780 naturam
1642 4721 1688 4778 sui
1706 4721 1737 4778 iii
1752 4720 1815 4779 diio

98 4823 175 4876 nent
203 4819 406 4892 quadraginta
428 4833 559 4876 novem:
577 4821 697 4876 eentum
711 4816 932 4891 quinquaginta
985 4814 1139 4887 equaliter
1153 4812 1245 4870 dividi
1260 4827 1321 4870 non
1347 4814 1468 4886 potest:
1489 4827 1560 4868 euin
1575 4811 1656 4868 enim
1671 4826 1707 4868 ex
1725 4825 1818 4868 nore·

99 4915 162 4966 tres
178 4923 232 4982 per
244 4907 347 4978 viginti
373 4907 551 4982 quinquein
567 4909 660 4975 sexto,
677 4905 820 4979 adjuncto
835 4910 931 4962 terna·
986 4903 1071 4962 nario
1097 4917 1225 4959 numero
1252 4904 1379 4970 constet,
1408 4916 1520 4958 novem
1548 4901 1629 4958 enim
1656 4916 1815 4975 nunquam

1019 1733 1094 1792 Sunt
1105 1734 1233 1800 numeri,
1249 1735 1322 1804 (173)
1338 1735 1392 1810 qui
1405 1734 1618 1794 eomonantias
1633 1736 1745 1798 creant,
1763 1732 1811 1790 vel

982 1839 1037 1900 per
1051 1839 1129 1898 quos
1144 1823 1217 1902 ipses
1232 1823 1443 1882 discernuntur
1456 1823 1812 1896 consonantiae,tantum·

984 1913 1077 1970 modo
1105 1927 1168 1984 sex,
1181 1913 1213 1969 id
1240 1917 1295 1982 est,
1311 1912 1458 1988 epitritus,
1481 1912 1640 1980 hamelius,
1664 1910 1810 1986 duplaris,

983 2001 1124 2075 triplaris,
1154 2001 1369 2078 quadruplaris
1396 2006 1426 2064 et
1450 2002 1618 2076 epogdous.
1632 2004 1682 2062 Est
1708 2004 1812 2058 autem

984 2091 1129 2166 epitritus,
1143 2107 1213 2148 oum
1239 2091 1277 2148 de
1301 2091 1423 2154 duobus
1447 2091 1582 2148 numeris
1604 2090 1702 2163 major
1719 2088 1812 2146 hehet

984 2185 1080 2240 totum
1107 2181 1266 2250 minorem,
1280 2185 1309 2238 et
1321 2180 1445 2254 insuper
1457 2181 1522 2254 eius
1545 2180 1662 2238 tertiam
1682 2182 1810 2253 partem,

984 2274 1017 2331 ut
1040 2274 1110 2328 suut
1132 2274 1263 2344 quatuor
1277 2269 1316 2328 ad
1331 2273 1390 2328 tres
1404 2288 1412 2340 ;
1428 2286 1501 2328 naui
1528 2269 1559 2326 in
1583 2273 1714 2342 quatuor
1742 2269 1813 2324 sunt

984 2363 1053 2432 ires,
1067 2362 1096 2421 et
1119 2359 1205 2416 tertia
1230 2376 1302 2434 pars
1327 2359 1427 2428 trium,
1443 2359 1475 2418 id
1501 2363 1556 2431 est,
1572 2357 1680 2418 unitas.
1699 2359 1739 2414 [te
1753 2357 1811 2412 hoo

97 4997 170 5056 rio:
187 4995 308 5054 duoeiiti
331 4995 484 5066 oetogi'uta
510 5000 620 5056 novom
645 4993 932 5068 perquirensque
986 4995 1061 5062 (175)
1077 4991 1232 5065 equaliter
1254 4990 1441 5060 dividuntur,
1456 4993 1546 5048 tonus
1567 4989 1661 5047 dividi
1683 4989 1714 5046 in
1738 4989 1817 5046 duas
1904 5020 1912 5032 =

97 5086 198 5146 sexiii
209 5087 326 5161 quinto,
340 5091 371 5146 ει
384 5088 542 5147 mouent
554 5099 675 5145 noveni.
986 5081 1162 5139 medietates
1186 5094 1249 5136 non
1277 5079 1349 5152 (nou
1370 5081 1479 5149 uiuite.)
1493 5084 1632 5148 reeusat3
1649 5077 1704 5136 sed
1730 5077 1817 5134 semi·

138 5175 285 5245 dinarius,
297 5174 464 5248 qin'uarius,
477 5173 665 5248 septenarius
676 5171 716 5230 ab
729 5172 868 5232 hostibus
877 5172 932 5236 eir-
985 5169 1103 5232 touiuiii
1116 5171 1303 5228 roraverunt
1311 5182 1424 5232 sonum
1439 5184 1459 5226 a
1472 5171 1544 5229 tono
1555 5167 1815 5237 minoremquem

96 5263 265 5332 eumventi,
289 5264 364 5324 duni
391 5265 519 5324 evadere
542 5266 706 5337 nequeunt,
730 5261 930 5335 captivantur.
985 5264 1049 5320 tam
1068 5273 1163 5333 parvo
1185 5257 1297 5316 distare
1317 5258 1573 5332 eompreheiisuui
1595 5257 1815 5327 siminorum

99 5352 595 5414 Noveuaiiusuovensriuminsuo
602 5350 735 5422 legitimo
744 5365 845 5416 eumn,
852 5353 929 5406 oeto·
986 5349 1017 5408 hi
1030 5347 1149 5408 numeri
1168 5347 1245 5406 inter
1263 5362 1297 5404 se
1316 5346 1440 5414 distant,
1454 5345 1486 5408 id
1508 5347 1563 5410 est,
1575 5341 1698 5400 dueenti
1724 5340 1814 5414 quiri-

99 5443 187 5514 ginis
201 5457 281 5500 unus
299 5457 354 5516 per
367 5441 565 5502 novenarium
579 5441 612 5500 iii
624 5440 809 5500 novenario:
825 5438 931 5499 sexde-
986 5437 1133 5512 quaginta
1173 5439 1232 5494 trei
1269 5439 1299 5494 et
1327 5433 1451 5494 duoeuti
1491 5428 1714 5506 quinquaginta
1751 5445 1813 5490 ser.

137 5551 215 5620 (173)
228 5549 296 5606 iimo
310 5563 348 5606 ei
361 5548 478 5607 lsidoro
496 5547 674 5606 adverbum
689 5545 750 5605 lere
769 5545 932 5618 desumpta
1035 5547 1086 5601 171
1111 5541 1384 5601 leliosextstdoro
1396 5539 1545 5608 duperia.

100 5622 183 5678 sunt.
1036 5619 1086 5672 tio
1113 5614 1486 5686 isid.,ooeemoquoteor
1499 5611 1737 5692 mumulo.
