4104 6162
253 157 304 210 toa
779 146 809 204 S.
829 146 959 204 ODONlS
978 145 1123 202 labaris
1142 147 1391 207 CLUNlACENSlS
1410 149 1443 204 ll.
1910 152 1954 204 teo

251 291 301 332 rex
314 271 592 344 longobardorum,
607 269 682 328 sicut
692 269 722 326 in
738 268 874 340 ejusdem
886 268 1081 338 geniishisto·
1096 272 1120 324 Α
1138 268 1196 326 1οοί
1210 271 1256 326 sui
1279 271 1462 328 desertorem
1477 269 1639 344 appellant,
1656 285 1726 328 cum
1749 275 1850 327 tamen
1873 271 1956 344 sipro

251 364 296 420 ria
310 362 425 432 legitur,
441 360 471 416 in
486 359 656 420 coemeterio
671 357 831 430 cuiusdam
845 355 976 412 ecclesiae
988 355 1082 412 sancti
1138 360 1294 432 temporali
1309 361 1424 417 honore
1438 359 1572 434 quolibet
1584 359 1779 433 adipiscendo
1797 359 1904 433 quovis
1917 360 1955 416 di-

250 451 373 508 toannis
391 448 507 522 sepeliri
524 464 555 506 se
569 447 646 516 fecit,
661 446 817 504 haereticus
834 449 934 502 amen
949 461 1083 519 perseve-
1139 448 1259 505 scedere
1273 448 1409 517 voluerit,
1425 448 1527 505 favent
1540 464 1656 517 omnes,
1673 453 1702 505 et
1716 447 1956 519 adhortationem,

250 542 336 598 ravit.
354 540 445 612 Cujus
458 539 608 596 tumulum
621 536 748 612 quidam
769 535 817 593 fur
837 535 1010 607 effringens,
1034 551 1083 592 or·
1136 535 1183 592 vel
1196 535 1286 593 etiam
1301 552 1464 593 munerum
1478 535 1663 594 adminicula
1681 537 1836 610 praebente
1857 541 1887 592 et
1904 553 1957 594 non

250 633 394 688 nements
421 645 491 688 cum
522 627 643 702 quihus,
670 629 703 684 ut
728 642 790 691 rex,
815 625 949 699 sepultus
975 625 1081 694 iuerat,
1136 624 1328 696 desertorem,
1356 625 1409 683 sed
1424 643 1486 682 sure
1510 625 1670 682 humilitati
1690 625 1878 700 provisorem
1898 641 1957 682 cen-

251 719 415 793 asportavit
429 735 436 774 :
450 717 548 774 eidem
563 731 634 774 vero
648 720 768 772 sanctus
784 717 913 771 loannes
927 730 981 788 per
993 713 1082 770 visio·
1136 718 1211 771 sent.
1229 717 1262 771 Et
1284 718 1362 772 certe
1383 715 1468 772 locus
1489 714 1623 771 fidelium
1650 714 1810 788 paradisus
1838 718 1892 782 est,
1917 713 1958 771 vel

251 825 322 866 nem
337 807 412 864 dixit
427 825 434 862 ι
451 809 509 864 Cur
530 821 623 862 ausus
647 819 678 860 es
698 820 808 877 corpus
833 803 928 876 ipsius
951 802 1082 860 hominis
1135 803 1260 877 quilibet
1275 805 1361 873 alius,
1375 805 1459 878 quod
1474 805 1566 862 tutius
1581 804 1642 874 via,
1658 821 1719 879 qua
1737 804 1778 861 ad
1792 803 1958 878 paradisum

158 921 163 928 ·
252 897 449 968 contingere?
464 896 550 952 luerit
564 895 631 952 licet
644 909 706 951 non
721 899 799 951 recte
822 893 957 964 credens,
981 897 1082 949 amen
1135 892 1257 963 reditur,
1270 893 1362 950 teneri
1381 896 1489 967 potest.
1504 895 1599 960 Quem
1622 892 1723 949 locum
1745 893 1831 950 toties
1858 891 1958 950 deseri-

251 988 326 1046 mibi
341 1004 372 1044 so
388 984 619 1044 commendavit.
641 984 798 1054 Quiaergo
812 983 870 1040 hoc
889 983 987 1040 facere
1009 997 1083 1055 prae-
1135 997 1215 1050 mus,
1230 983 1347 1055 quoties
1365 997 1537 1055 peccamus.
1565 984 1603 1038 lte
1617 980 1669 1038 illa
1683 981 1853 1038 desertione
1878 995 1959 1036 nemo

253 1076 419 1151 sumpsisti,
432 1090 591 1148 nunquam
603 1073 634 1129 in
648 1088 749 1130 meam
763 1072 920 1129 basilicam
941 1071 1082 1144 deinceps
1135 1069 1297 1142 quaeritur3
1313 1070 1369 1126 iste
1390 1085 1461 1127 vero
1486 1069 1526 1128 oh
1549 1069 1579 1126 id
1606 1069 1778 1143 opponitur,
1793 1068 1867 1142 quia
1893 1068 1959 1124 dum

251 1167 420 1238 ingressum
439 1163 575 1221 habebis.
588 1161 674 1229 Quod
688 1161 729 1219 ita
742 1161 856 1218 factum
870 1165 929 1218 est:
948 1160 1081 1228 Quoties·
1135 1157 1296 1232 prasentia
1308 1157 1471 1231 corporatis
1486 1157 1517 1213 in
1534 1156 1584 1214 illo
1598 1157 1650 1213 teli
1664 1156 1805 1228 diligitur,
1819 1160 1958 1230 qnantum

252 1271 371 1329 cunque
396 1253 475 1311 enim
500 1252 642 1310 voluisset
664 1251 744 1308 beati
768 1251 894 1308 loannis
918 1249 1082 1307 oratorium
1136 1247 1201 1320 ejus
1215 1247 1318 1304 anima
1330 1247 1485 1321 peccando
1511 1245 1648 1320 supernis
1667 1245 1761 1302 oculis
1785 1245 1959 1313 absentetur,

252 1343 378 1416 ingredi,
394 1343 493 1400 statim
518 1341 633 1400 veluta
656 1339 842 1398 validissimo
863 1337 958 1413 pugili
982 1343 1083 1410 guttur
1136 1335 1260 1394 omnino
1274 1351 1337 1392 non
1350 1341 1481 1392 curatur.
1499 1339 1557 1392 Nec
1570 1335 1680 1390 mirum
1695 1334 1719 1390 si
1733 1334 1867 1407 AEgyptii
1891 1333 1960 1390 ilios

252 1437 279 1494 ei
291 1435 435 1502 feriretur,
450 1432 492 1490 sio
513 1432 612 1489 subito
637 1435 715 1488 retro
740 1429 846 1486 ruebat
869 1428 1026 1503 impulsus.
1054 1428 1084 1485 Si
1137 1423 1228 1480 lsrael
1239 1440 1278 1481 ne
1294 1427 1353 1480 fleo
1369 1423 1478 1480 servire
1488 1423 1606 1497 possint
1615 1422 1793 1496 impediunt.
1805 1425 1961 1496 Sancpost-

252 1540 323 1596 ergo
346 1521 510 1580 reverentia
531 1520 625 1577 sancti
649 1519 707 1576 loci
720 1523 825 1576 contra
845 1517 1020 1574 violatorem
1041 1533 1083 1573 se-
1136 1530 1230 1588 quam
1259 1513 1431 1570 communis
1459 1513 1615 1583 Dominus,
1640 1512 1686 1569 cni
1708 1528 1833 1587 prorsus
1856 1512 1960 1586 ubique

252 1613 348 1689 pulcri
360 1611 439 1668 illius
451 1609 582 1667 haeretici
597 1612 718 1666 sanctus
737 1611 866 1665 loannes
887 1606 928 1663 ita
947 1606 1083 1679 indigna·
1099 1623 1120 1678 g
1137 1601 1271 1670 servitur,
1286 1601 1450 1658 Pharisaeos
1465 1600 1629 1674 redarguit,
1643 1616 1679 1658 co
1694 1599 1777 1674 quod
1791 1615 1848 1658 nec
1861 1601 1961 1674 ipsiin·

253 1709 300 1760 tus
313 1707 368 1773 est,
383 1705 533 1774 quantum
545 1703 634 1772 putas
652 1702 682 1754 et
696 1700 774 1754 Deus
790 1701 819 1754 et
830 1695 925 1754 sancti
936 1696 1001 1768 ejus
1023 1695 1082 1754 ira·
1136 1695 1223 1760 trent,
1237 1706 1293 1748 nec
1308 1689 1384 1747 alios
1402 1690 1512 1747 intrare
1527 1691 1645 1747 sinant:
1663 1689 1770 1746 saltem
1791 1689 1849 1747 hac
1873 1690 1962 1746 inere-

253 1795 377 1848 scuntur
391 1789 538 1846 adversus
553 1787 719 1862 quemdam
733 1787 786 1859 qui
808 1789 911 1842 sancta
924 1784 992 1842 loca
1005 1801 1083 1858 quo·
1136 1780 1256 1853 palione
1269 1779 1388 1837 coerciti
1402 1795 1473 1837 sues
1484 1779 1734 1848 contradictiones
1743 1778 1909 1836 debuerant
1920 1779 1962 1836 isti

251 1881 325 1938 libet
348 1878 440 1936 modo
456 1875 680 1934 commaculati
708 1879 796 1933 Totus
820 1874 953 1931 mundus
978 1877 1083 1932 sancta
1135 1869 1295 1936 refrenare,
1312 1873 1340 1926 et
1353 1868 1401 1926 vel
1415 1868 1568 1944 AEgyptios
1583 1867 1702 1936 imitari,
1716 1868 1769 1942 qui
1782 1868 1891 1925 divinae
1909 1869 1962 1925 for·

254 1969 415 2042 Scriptura,
428 1979 497 2040 quae
511 1981 568 2022 nos
588 1979 713 2038 peccare
734 1962 883 2038 prohihet,
907 1961 1080 2020 illustratur.
1136 1956 1258 2014 midinis
1284 1968 1398 2030 pavore
1416 1957 1565 2026 concussi,
1580 1972 1643 2014 non
1667 1956 1766 2014 solum
1790 1957 1964 2014 dimiserunt

144 2107 148 2114 ,
253 2054 551 2122 Totuslteitestibus,
566 2052 962 2127 quihancobservaverunt,
975 2051 1083 2124 plenus
1137 2046 1236 2116 lsrael,
1252 2047 1306 2105 sed
1329 2046 1420 2104 etiam
1445 2051 1625 2106 ornamenta
1648 2048 1857 2121 praestiterunt.
1882 2047 1963 2114 Quod

252 2151 298 2205 est
312 2165 320 2203 ι
336 2145 374 2202 de
384 2143 506 2218 quibus,
516 2147 548 2200 ut
558 2158 651 2216 supra
665 2141 782 2212 dicitur,
801 2140 842 2198 ait
855 2139 912 2198 lob
929 2158 935 2196 :
961 2141 1082 2197 festae·
1136 2135 1259 2209 quidem
1274 2140 1302 2194 et
1316 2137 1364 2193 isti
1378 2137 1583 2194 dehortatores
1598 2135 1695 2193 ficere
1711 2135 1882 2207 solent‚illis
1893 2137 1964 2194 dun·

252 2252 304 2295 ros
314 2241 399 2293 testes
412 2239 477 2291 tuos
490 2237 597 2290 contra
611 2246 657 2288 me
671 2231 748 2303 (fob.
765 2247 794 2298 ιι,
812 2229 866 2303 Π).
883 2229 996 2288 Scilicet
1010 2229 1084 2303 quia
1136 2227 1219 2282 taxat
1243 2225 1296 2298 qui
1310 2240 1365 2300 pro
1389 2225 1491 2299 aliquo
1517 2225 1676 2301 temporali
1698 2225 1861 2283 commodo
1875 2226 1964 2283 disce·

252 2329 295 2384 tot
316 2321 482 2396 injudicio
510 2319 714 2378 testimonium
742 2324 846 2376 contra
873 2333 930 2375 nos
954 2316 1082 2389 dabunt,
1136 2314 1221 2384 dunt,
1237 2329 1325 2388 quos,
1341 2319 1482 2388 utsupra
1499 2315 1612 2372 dictum
1637 2318 1691 2381 est,
1716 2329 1779 2372 non
1804 2315 1964 2372 desertores

252 2417 327 2488 quot
340 2413 438 2484 legem
451 2409 512 2479 llei,
523 2424 682 2484 quamnos
693 2407 926 2472 contemnimus,
937 2407 1000 2463 sine
1010 2423 1084 2480 prae-
1137 2407 1254 2476 putant,
1262 2403 1317 2461 sed
1323 2419 1386 2460 sua
1397 2403 1500 2460 seluhs
1507 2403 1687 2477 provisores.
1697 2404 1844 2478 Scriptum
1855 2403 1964 2477 quippe

253 2503 331 2576 cepti
356 2501 447 2557 etiam
469 2497 678 2554 constrictione
701 2499 904 2552 servaverunt.
927 2495 1018 2566 igitur
1041 2498 1084 2552 tot
1138 2497 1204 2549 est:
1228 2494 1282 2549 Vos
1297 2494 1391 2564 quiin
1404 2495 1517 2550 Austro
1530 2494 1673 2550 habitatis
1695 2494 1843 2550 occupate
1856 2493 1966 2550 sitienti

252 2606 353 2649 causa
367 2589 484 2644 frenare
498 2601 555 2642 nos
574 2584 752 2654 debuerant,
776 2583 912 2641 videlieet
934 2587 964 2640 et
982 2582 1081 2640 foedus
1138 2597 1205 2638 cam
1219 2581 1347 2652 panibus
1360 2582 1431 2653 (isa.
1448 2597 1509 2650 xxi,
1528 2583 1582 2655 tl).
1598 2587 1638 2638 Ac
1653 2581 1678 2638 si
1688 2581 1845 2648 diceretur,
1856 2581 1965 2654 eosqui

251 2676 405 2737 imitanoae
420 2673 572 2742 casdtatis,
584 2672 749 2747 quodcum
771 2672 832 2729 suis
846 2672 991 2730 militibus
1002 2671 1083 2729 filius
1136 2670 1288 2728 charitatis
1302 2670 1409 2728 ardore
1422 2671 1548 2741 fervetis,
1562 2671 1598 2739 ei,
1612 2671 1665 2745 qui
1680 2671 1841 2728 Dominum
1855 2671 1965 2728 iontem

251 2765 372 2839 virginis
386 2770 532 2838 tanquam
545 2762 608 2818 dux
623 2766 651 2819 et
662 2762 792 2836 pravius
807 2761 882 2828 iniit,
898 2764 926 2818 et
951 2761 1082 2819 conditio
1135 2759 1238 2816 vivum
1264 2775 1397 2833 quarere
1417 2759 1529 2828 nititur,
1543 2759 1727 2832 adjutorium
1748 2759 1888 2832 praebete.
1912 2759 1965 2815 Ve

250 2854 407 2932 por-unde
419 2852 525 2924 crucis,
541 2857 570 2908 et
584 2852 777 2922 consecratio,
793 2867 855 2925 qua
867 2852 914 2910 vel
933 2868 951 2909 a
972 2867 1080 2924 paren·
1135 2865 1203 2906 rum
1218 2849 1242 2904 si
1256 2849 1348 2906 Jacob
1363 2849 1403 2906 ad
1417 2853 1533 2922 patrem
1547 2849 1642 2906 redire
1655 2851 1780 2922 cupiens
1793 2849 1965 2908 obstinatio

250 2946 342 3019 tibus,
357 2942 405 3001 vel
419 2940 538 3000 anobis
554 2942 614 2997 Deo
627 2939 790 3009 initiamur,
811 2944 840 2997 et
851 2939 999 3014 professio
1015 2956 1081 2997 san·
1096 2971 1118 3026 0
1136 2953 1206 2993 nem
1220 2937 1324 2994 Laban
1339 2937 1467 2994 reditum
1490 2938 1555 3009 ejus
1578 2936 1723 3011 impedire
1745 2937 1894 2995 molientis
1919 2937 1966 2994 de·

249 3035 288 3093 cti
304 3030 458 3109 propositi,
480 3031 531 3088 scd
557 3034 587 3086 et
608 3029 744 3086 locorum
767 3029 931 3087 reverentia
953 3033 1081 3086 sacrato·
1135 3026 1302 3099 prehendit,
1324 3029 1442 3100 oportet
1456 3031 1487 3082 ut
1501 3027 1580 3083 hanc
1604 3025 1741 3084 clanculo
1765 3027 1894 3098 fugiens,
1920 3026 1966 3084 vel

248 3139 328 3190 rum,
343 3127 372 3180 et
383 3118 520 3178 vicinitas
536 3121 626 3176 tantae
640 3117 818 3190 majestatis,
842 3133 911 3191 qum
934 3117 965 3174 in
981 3116 1081 3174 altaris
1134 3115 1269 3171 humano
1284 3113 1409 3172 consilio
1422 3115 1587 3172 frustretur.
1603 3114 1666 3171 Hoc
1680 3119 1726 3172 est
1745 3115 1825 3172 enim
1837 3115 1966 3190 pruden-

249 3209 394 3286 mysterio
406 3207 583 3269 continetur,
600 3221 730 3262 necnon
746 3209 775 3262 ct
795 3205 1014 3278 scripturarum
1030 3221 1081 3262 au·
1135 3207 1195 3260 tem
1209 3219 1273 3260 esse
1288 3203 1365 3260 sicut
1378 3209 1559 3276 serpentem,
1581 3203 1634 3278 qui
1649 3203 1763 3260 vulneri
1783 3208 1874 3278 ceput
1902 3221 1965 3261 ma-

248 3300 369 3358 cloritas
382 3295 564 3366 divinarum,
578 3297 668 3366 atque
683 3297 836 3350 tantorum
850 3297 879 3350 et
892 3298 961 3350 ante
982 3293 1080 3365 legam
1134 3291 1214 3348 xime
1229 3292 1366 3365 subjicit,
1380 3292 1404 3348 si
1418 3297 1446 3348 te
1456 3307 1491 3349 eo
1507 3291 1672 3360 subducas,
1687 3291 1739 3349 ubi
1753 3297 1854 3366 caput,
1882 3291 1965 3368 quod

248 3388 277 3442 et
291 3388 360 3456 post
371 3382 470 3453 legem
484 3380 623 3455 exempla
638 3385 822 3438 sanctorum.
1134 3381 1267 3438 Christus
1279 3385 1333 3452 est,
1349 3396 1529 3438 conservare
1544 3381 1652 3454 possis.
1668 3381 1693 3438 Α
1711 3382 1877 3440 dometicis
1896 3384 1963 3452 tar's,

284 3475 339 3530 llll.
352 3469 854 3542 Constatautemetiamnuncpost
865 3469 1080 3542 redemptionis
1133 3469 1240 3543 inquit,
1255 3485 1326 3528 cave
1342 3469 1446 3542 (ficati.
1473 3486 1561 3538 saxu,
1581 3471 1637 3542 it).
1669 3469 1698 3528 Si
1712 3485 1784 3542 ergo
1812 3470 1962 3528 dixerint:

249 3561 377 3633 gratiam
386 3558 437 3616 illa
446 3557 673 3630 sententiaque
681 3555 800 3627 dicitur,
811 3557 883 3630 quia
895 3558 990 3614 omnis
1009 3573 1080 3616 caro
1133 3561 1322 3616 necessarius
1336 3574 1368 3614 es
1392 3558 1592 3616 confratribus
1615 3559 1661 3616 vel
1684 3561 1863 3634 propinquis
1882 3561 1962 3618 tuis:

244 3665 346 3721 prono
361 3647 457 3706 estod
471 3647 585 3704 malum
600 3645 705 3718 (Lavit.
713 3661 785 3718 xvir,
798 3647 850 3719 tl).
865 3646 944 3704 Licet
955 3647 1036 3704 enim
1048 3646 1081 3702 fi·
1133 3646 1329 3721 respondebis
1342 3665 1348 3704 :
1363 3651 1478 3705 Bonum
1491 3651 1537 3705 est
1550 3648 1670 3705 visitare
1691 3649 1836 3723 pupillos,
1860 3650 1904 3707 ita
1925 3655 1966 3706 ta·

248 3734 307 3792 lius
318 3735 440 3808 virginis
454 3736 494 3793 ad
506 3734 755 3810 hocapparuerit,
771 3734 1021 3808 utoperadiaboli
1031 3733 1080 3792 de·
1133 3752 1204 3793 men
1216 3741 1247 3794 ut
1256 3735 1486 3794 immaculatum
1501 3742 1529 3794 te
1544 3737 1696 3795 custodias
1710 3737 1750 3794 ab
1764 3739 1822 3795 hoc
1844 3737 1963 3796 saeculo

248 3829 382 3892 strueret,
400 3830 429 3884 et
450 3825 616 3897 libidinem,
641 3840 734 3898 quam
748 3825 920 3898 patriarcha
931 3823 1035 3894 Jacob,
1048 3823 1081 3880 fl·
1134 3827 1167 3882 Et
1181 3826 1341 3898 Apostolus
1356 3829 1459 3883 lesum
1473 3825 1558 3899 sequi
1570 3826 1685 3898 jussus,
1700 3841 1756 3884 nec
1779 3831 1898 3901 patrem
1921 3843 1964 3883 se·

247 3914 322 3974 lium
334 3914 491 3989 plangens,
503 3915 597 3972 feram
614 3913 775 3988 pessimam
788 3916 884 3982 vocat,
898 3931 917 3972 a
931 3913 994 3970 suis
1009 3912 1080 3970 dile-
1133 3915 1219 3990 peliri
1232 3915 1412 3989 permittitur
1426 3915 1559 3989 quidem.
1573 3919 1605 3972 ln
1618 3915 1696 3973 libro
1722 3916 1851 3990 septimo
1875 3916 1964 3975 Colla·

192 4005 197 4008 ’
248 4005 380 4064 oloribus
391 4003 593 4086 truncaverit:
610 4003 686 4061 adeo
705 4007 807 4060 amen
821 4001 921 4060 adhuc
944 4002 976 4060 in
998 4001 1080 4060 silvis
1133 4004 1249 4061 honum
1263 4006 1373 4078 loseph
1386 4004 1509 4061 eremita
1522 4003 1709 4062 sufficientur
1727 4005 1865 4063 edisserit
1883 4003 1965 4080 quod

247 4100 420 4154 nostrarum
443 4093 660 4166 cogitationum
683 4092 790 4150 eadem
815 4092 912 4152 bestia
940 4093 1025 4150 sevit
1051 4096 1080 4150 et
1133 4093 1181 4151 ille
1195 4093 1288 4150 fidem
1302 4109 1364 4150 sure
1379 4093 1574 4167 proiessionis
1594 4093 1702 4151 rec'tius
1727 4100 1834 4159 servet,
1857 4095 1913 4169 qui
1935 4109 1965 4150 se

247 4183 355 4253 fremit,
370 4188 404 4240 ut
418 4183 467 4240 vix
481 4183 612 4257 reperias
626 4181 678 4256 qui
692 4181 886 4254 naufragium
897 4181 1022 4255 pudoris
1036 4187 1080 4240 tu·
1134 4183 1172 4240 ad
1188 4199 1258 4240 eum
1272 4183 1373 4240 locum
1385 4182 1552 4255 contulerit,
1564 4199 1626 4258 quo
1639 4185 1802 4242 borninicre
1812 4185 1885 4242 fidei
1895 4201 1967 4260 prse-

248 4278 296 4330 tus
308 4271 426 4328 evadat.
442 4275 562 4328 atvero
577 4287 648 4328 cum
661 4270 726 4343 ipse
737 4268 816 4328 filius
827 4269 949 4340 virginis
961 4270 1081 4343 respicit
1134 4277 1219 4347 cepta
1233 4271 1351 4346 plenius
1364 4272 1529 4346 adimplere
1542 4273 1681 4346 potuerit.
1698 4277 1732 4331 Et
1750 4290 1854 4332 revera
1876 4272 1967 4349 quale

248 4366 359 4418 terram
371 4359 469 4418 cordis
481 4359 584 4427 nostri,
600 4362 629 4416 et
642 4357 712 4416 facit
725 4375 793 4415 eam
807 4364 944 4428 tremere,
955 4363 984 4416 et
997 4358 1078 4432 dicit,
1134 4366 1221 4432 esset,
1237 4361 1261 4418 si
1273 4361 1341 4436 quis
1357 4361 1549 4432 naufragium
1562 4361 1780 4432 dehortaretur,
1795 4379 1834 4420 ne
1856 4363 1906 4420 vel
1925 4367 1968 4420 ta·

248 4449 352 4508 fluctui
377 4448 593 4520 cogitationum
620 4446 786 4506 cernelium
809 4451 954 4522 tanquam
978 4449 1077 4506 mari:
1132 4451 1238 4508 hulam
1252 4451 1403 4526 arriperet,
1431 4451 1477 4508 vel
1493 4451 1518 4508 si
1531 4467 1653 4509 ramum
1666 4454 1858 4524 truncaverit,
1873 4469 1969 4528 quem

247 4537 578 4611 Hucusqueprocedcs,
595 4537 645 4594 iric
664 4537 837 4608 confringes
861 4543 1005 4596 tumentes
1024 4540 1081 4608 sfa-
1133 4542 1207 4597 forte
1220 4556 1314 4597 manu
1337 4539 1374 4597 de
1398 4539 1514 4611 gurgite
1539 4557 1696 4614 emergens
1722 4542 1970 4616 apprehenderit,

248 4634 313 4687 ctas
326 4634 392 4686 tuor
407 4627 482 4701 (lob.
498 4642 615 4700 xxxvia,
629 4626 691 4699 ¹¹i³
707 4624 1002 4700 resipiscitquisquis
1017 4627 1080 4686 illu·
1132 4629 1180 4688 vel
1194 4633 1272 4687 certe
1284 4631 1308 4686 si
1323 4629 1350 4687 ei
1367 4629 1420 4704 qui
1435 4629 1573 4688 ceciderit
1587 4630 1722 4702 suadeat,
1747 4635 1780 4688 ut
1802 4636 1972 4705 postquam

247 4718 357 4777 minari
370 4717 520 4790 meruerit,
536 4720 565 4774 et
582 4721 725 4772 aternam
741 4715 922 4786 gehennam,
940 4731 1033 4789 quam
1047 4716 1078 4772 in
1133 4717 1225 4775 semel
1235 4717 1356 4790 corruit,
1370 4717 1413 4774 ihi
1423 4717 1569 4798 deinceps
1579 4719 1688 4790 jaceat,
1715 4735 1785 4776 cum
1809 4720 1973 4778 Psalmista

248 4807 359 4879 agonio
369 4805 581 4879 [matrimonio]
596 4803 759 4878 voluptatis
772 4808 937 4878 comparat,
957 4804 1079 4862 sollicite
1132 4807 1212 4864 dicat
1226 4824 1232 4862 :
1248 4807 1395 4878 Nunquid
1402 4809 1454 4880 qui
1467 4807 1559 4875 cadit,
1573 4824 1634 4865 aon
1656 4809 1790 4880 adjiciet,
1815 4815 1849 4866 ut
1868 4825 1975 4867 resar-

248 4895 459 4954 contremiscit.
473 4894 531 4952 Sed
540 4893 565 4950 si
578 4892 809 4950 consideraverit
824 4893 907 4966 quod
917 4894 1078 4968 Apostolus
1131 4895 1314 4968 patttPsol.
1331 4911 1379 4966 xe,
1394 4895 1431 4968 9.)
1447 4898 1481 4952 Et
1495 4896 1610 4954 utinam
1637 4897 1743 4954 saltem
1767 4897 1819 4954 tali
1841 4897 1974 4956 horrore

248 4983 476 5042 fornicationem
485 4981 694 5054 jubetfngere‚
711 4985 739 5040 ct
762 4983 845 5055 qnod
866 4984 953 5040 lesus
976 4983 1016 5040 ab
1030 4999 1077 5054 eo,
1131 4983 1232 5040 locum
1247 4982 1299 5039 ubi
1324 4981 1426 5039 anima
1445 4985 1557 5041 corruit
1578 4999 1822 5054 exsecraremur,
1843 4990 1974 5060 tamque

247 5089 340 5149 quem
361 5077 529 5140 sanaverat,
554 5087 615 5128 tion
632 5070 726 5144 possit
740 5071 770 5128 in
787 5071 875 5128 turba
896 5072 1028 5145 reperiri,
1050 5077 1079 5128 et
1132 5070 1320 5146 pertinaciter
1330 5071 1370 5129 ab
1385 5071 1450 5144 ejus
1461 5072 1551 5146 lapsu
1563 5087 1719 5146 resurgere
1734 5089 1934 5143 conaremur,
1943 5077 1976 5130 ut

247 5163 499 5238 quodsaneturus
514 5160 608 5218 alium
622 5159 762 5218 deturba
776 5175 912 5218 seorsum
927 5161 1008 5218 hunc
1023 5177 1077 5235 ap·
1131 5159 1268 5218 videlicet
1293 5159 1378 5218 illum
1405 5161 1567 5219 vitaremus
1595 5162 1648 5220 ubi
1671 5178 1797 5237 corpore
1822 5162 1973 5222 labimur.

246 5251 447 5328 prehenderit,
456 5255 485 5308 et
494 5249 534 5308 ob
548 5249 606 5306 hoc
625 5265 645 5308 a
667 5247 756 5308 turba
777 5249 916 5308 vitiorum
931 5252 960 5306 et
981 5249 1077 5323 pessi·
1131 5251 1193 5308 lion
1207 5254 1369 5308 contraeas
1382 5249 1495 5308 dictum
1504 5251 1552 5323 sit,
1563 5251 1617 5327 qui
1630 5251 1798 5310 desertores
1811 5253 1976 5327 appellant

247 5343 304 5398 mis
324 5341 533 5414 complicitum,
549 5344 695 5410 tanquam
718 5354 736 5391 a
759 5337 890 5394 Sodoma
910 5354 978 5392 cunr
1005 5339 1077 5394 iroth
1130 5339 1206 5413 illos,
1223 5341 1273 5413 qni
1289 5339 1390 5395 locnrn
1406 5341 1456 5396 irbi
1468 5341 1614 5414 peccandi
1629 5341 1750 5398 libertas
1765 5347 1819 5408 est,
1836 5341 1976 5398 derelin-

247 5430 406 5502 profugere
416 5429 550 5498 voluerit,
567 5427 758 5494 etaliorsuur,
772 5443 833 5498 quo
848 5428 922 5482 forte
941 5429 1075 5499 peccauti
1130 5435 1267 5502 qrrontoS,
1280 5430 1332 5486 iuti
1349 5433 1408 5485 ilco
1424 5429 1563 5487 famulari
1579 5431 1763 5487 desiderant.

247 5518 367 5575 libertas
382 5519 571 5591 aliquatenus
586 5514 758 5582 refrenetur,
776 5515 915 5574 secedere
930 5515 1073 5573 volucrit:
1165 5517 1232 5574 ltltl.
1250 5517 1307 5574 Sed
1323 5521 1355 5573 ut
1379 5517 1418 5574 ad
1438 5517 1515 5575 filias
1541 5518 1611 5576 Sion
1627 5519 1769 5577 delicatas
1791 5521 1972 5578 redeamus.

247 5623 319 5666 mox
331 5621 437 5664 omnes
455 5603 668 5684 quasidiaboli
692 5601 831 5662 satellites
854 5603 1071 5678 contradicunt,
1129 5605 1764 5678 quaeintsalaproptermollitiemnonlilii,
1776 5608 1975 5666 sedtiliaeno·
