4104 6162
131 111 184 165 sos
459 92 461 96 ’
642 113 1116 178 conmrronunnreerrnrs.
1137 123 1256 180 -ιιι,
1277 124 1324 179 ιιι.
1792 129 1845 184 no

129 229 314 304 expendant,
328 232 376 290 vel
404 233 544 304 habeant,
559 235 655 294 solent
677 237 775 296 aliena
800 239 997 312 concupis-n
1016 243 1153 302 utitem:
1170 247 1291 313 Audite,
1298 248 1463 320 princepsa,
1475 251 1756 321 qniotomimrmini
1764 253 1848 322 judi-

130 335 207 376 cere.
222 323 331 378 tlontra
354 323 526 396 superbiam
540 339 674 399 namque
699 326 850 397 Scriptura
864 327 936 385 dicit
951 348 957 386 :
1016 334 1104 404 cium,
1120 341 1149 392 ε)
1155 336 1344 394 omniarecta
1348 340 1531 406 pervertitis,
1545 339 1726 397 abscondam
1737 341 1847 411 [ocima

131 409 211 477 Quid
223 411 356 481 superbit
371 417 452 470 terra
473 419 501 470 et
516 416 614 472 mnis?
627 417 733 484 (Ereti.
749 433 780 488 x,
795 419 831 490 9).
852 419 962 476 Contra
1015 437 1145 481 meuma
1166 424 1256 492 uobis
1271 425 1348 480 sicut
1371 427 1449 482 male
1472 428 1572 498 egistis
1586 428 1688 500 (llicit.
1706 443 1745 492 ιιι,
1761 434 1788 496 3,
1807 429 1845 500 1).

130 497 295 572 temporale
309 499 454 570 gaudium
478 502 598 560 dicitur:
614 505 702 561 Risus
715 506 819 563 dolore
832 507 963 565 miscebi·
1016 513 1049 567 lit
1067 516 1099 568 ul
1119 513 1289 570 ostenderet
1302 528 1333 570 se
1348 529 1413 570 esse
1437 514 1490 586 qui
1510 514 1540 571 in
1560 515 1653 572 servis
1669 517 1731 573 suis
1745 517 1849 574 omnia

131 595 184 644 tur
198 588 299 660 (Pron.
316 606 377 660 xvv,
401 591 454 664 13).
472 595 546 650 Nam
565 593 721 668 quomodo
743 595 889 654 innocens
907 597 963 654 erit
1016 601 1143 658 adversa
1162 605 1322 674 pateretur,
1338 601 1378 658 ad
1401 601 1524 658 beatum
1546 603 1602 659 lob
1615 604 1657 662 ait
1678 605 1848 678 :Numquid

130 677 271 752 cupidus,
285 679 431 752 quoniam
446 679 583 740 videlieet
596 683 790 758 cupiditatem
800 686 963 760 Apostolus
1016 690 1143 760 impetus
1159 705 1308 762 aqrrarnm
1323 692 1433 761 operiet
1451 695 1500 748 te?
1511 691 1579 762 (Jot
1593 707 1709 764 xxxvru,
1720 695 1777 765 31).
1792 697 1847 750 Su·

131 769 255 824 sanctus
269 766 359 824 etiam
383 767 470 826 idolis
492 777 658 845 comparat,
674 773 795 844 dieens;
808 773 961 840 Aeetida,
1015 776 1120 846 baudi,
1135 783 1166 836 ut
1181 795 1241 846 me,
1256 779 1401 852 quonium
1423 778 1517 853 iniqui
1531 793 1585 851 per
1602 779 1848 852 praedicationem

130 871 198 929 quae
212 856 416 916 estidolorum
430 861 557 918 servitus
572 862 736 936 (Epirenv,
750 864 788 937 5):
802 867 963 923 etsanetus
1017 871 1192 924 sanctorum
1214 867 1387 941 loquentem
1405 867 1530 941 quidem
1550 867 1688 938 audiunt,
1707 869 1760 924 sed
1785 885 1847 925 non

131 943 292 1016 Gregorius
308 945 345 1002 de
361 946 418 1004 hec
438 947 594 1022 disputans
617 952 767 1026 perhibet,
787 953 861 1028 qula
879 953 963 1028 quis·
1015 955 1194 1027 intelligunt,
1215 959 1244 1013 et
1264 971 1318 1030 per
1340 955 1455 1014 aflictos
1481 956 1644 1030 pauentem
1667 955 1779 1024 vident,
1796 957 1849 1012 sed

130 1031 200 1106 quis
212 1033 344 1090 avarities
354 1033 506 1107 subiectus
521 1039 692 1110 esl‚acultu
701 1040 852 1100 idolorum
863 1041 963 1099 adhue
1016 1060 1079 1102 non
1107 1044 1308 1102 considerant.
1326 1046 1514 1119 Quapropter
1537 1045 1663 1102 audiant
1689 1044 1849 1102 eonsilium

130 1121 206 1178 liber
225 1138 287 1180 non
310 1123 375 1181 est?
396 1125 540 1184 iubentur
559 1145 682 1203 quoque
703 1146 767 1188 non
793 1145 914 1206 sperare
932 1131 964 1188 in
1017 1133 1113 1193 sancti
1121 1134 1224 1192 iacobi
1234 1134 1375 1192 dicentis:
1393 1135 1481 1206 Agite
1494 1151 1586 1204 nunc,
1600 1135 1717 1203 diuites,
1729 1136 1850 1204 plorate

130 1212 244 1270 incerto
258 1211 441 1282 divitiarum,
455 1215 509 1274 sed
522 1217 552 1274 in
564 1221 657 1276 Deum
668 1219 745 1278 bene
757 1221 865 1294 faeere,
878 1219 964 1279 ieeile
1017 1225 1171 1281 ululantes
1193 1225 1225 1280 in
1240 1225 1369 1282 miseriis
1384 1239 1450 1296 qaae
1469 1225 1679 1294 supervenient
1694 1224 1784 1280 roms.
1800 1222 1850 1279 Di·

130 1301 269 1360 tribuere.
285 1303 318 1361 Ε)
333 1307 365 1360 ιι)
379 1305 442 1362 suis
457 1310 584 1379 tuntum,
595 1313 624 1366 et
637 1325 699 1366 non
714 1311 820 1369 alienis
831 1313 962 1369 utantur.
1018 1312 1097 1370 nitier
1106 1317 1212 1369 uestra
1222 1313 1405 1382 putrefactae
1420 1317 1501 1381 sunt,
1519 1318 1547 1368 et
1562 1313 1735 1369 uestimenta
1751 1315 1866 1368 vestra·

130 1390 201 1448 dicii
212 1391 254 1448 eis
277 1394 407 1450 loannes
430 1395 575 1468 Baptista:
605 1398 761 1458 Neminem
786 1399 964 1458 concutiatis
1018 1400 1132 1458 alinea
1146 1406 1274 1457 comesta
1287 1406 1368 1470 sunt,
1384 1415 1494 1457 aarum
1506 1406 1535 1458 et
1544 1405 1704 1470 arpentum
1718 1405 1850 1458 uestrum

129 1481 559 1554 mauseolumniamsaciotis,
575 1494 603 1544 et
618 1489 751 1546 contenti
759 1489 966 1560 estotestipea·
1018 1490 1209 1562 mapiaaait,
1223 1495 1251 1547 et
1262 1505 1364 1561 scapo
1378 1503 1481 1546 eorum
1497 1490 1579 1546 vobis
1593 1491 1624 1546 in
1647 1489 1851 1548 testimonium

130 1569 188 1626 riiis
203 1571 308 1627 vestris
321 1570 403 1643 (Luc.
419 1587 460 1641 ιιι,
481 1574 536 1645 ll).
979 1607 1000 1661 B
1018 1579 1086 1646 erit,
1101 1588 1129 1635 et
1139 1577 1334 1634 manducabit
1348 1591 1453 1634 carnes
1468 1581 1581 1633 uestras
1592 1577 1669 1633 sicut
1680 1577 1758 1648 ipnis
1771 1577 1848 1647 (iac.

167 1661 254 1716 llllVl.
271 1658 330 1716 lllis
346 1676 417 1718 vero
431 1661 484 1735 qui
505 1664 619 1738 rapinis
642 1681 814 1741 pauperum
835 1681 963 1742 pescun-
1019 1682 1047 1735 v,
1063 1666 1128 1738 l-3).
1144 1663 1284 1738 Alioquin
1309 1679 1381 1721 oum
1397 1663 1463 1720 hmo
1477 1662 1597 1720 illorum
1614 1662 1783 1720 umbratilis
1797 1662 1850 1717 de-

132 1753 180 1806 tur
194 1749 327 1808 severius
353 1750 541 1810 obviandum
555 1759 610 1812 est.
626 1758 701 1814 Nam
722 1761 752 1814 et
762 1757 805 1814 illi
820 1757 874 1830 qui
887 1771 964 1830 pau-
1018 1754 1136 1812 lectatio
1145 1758 1175 1812 et
1189 1753 1360 1811 nansitoria
1369 1767 1540 1826 pauperum
1549 1750 1748 1826 pervolaverit
1759 1748 1851 1807 afflie-

132 1853 219 1911 peres
235 1837 361 1912 quidem
384 1854 446 1898 non
466 1839 614 1913 affligrmt,
631 1843 685 1900 sed
700 1848 803 1902 tamma
817 1843 967 1902 afflictori-
1019 1843 1070 1908 tio,
1081 1843 1134 1900 liet
1157 1844 1290 1915 utrisque
1302 1842 1374 1899 illud
1391 1841 1490 1899 lsaiaa:
1506 1841 1673 1898 Eeceservi
1688 1839 1747 1897 mei
1760 1853 1852 1896 come

132 1926 191 1984 bus
205 1941 311 1984 eorum
323 1927 458 1985 resistere
468 1944 530 1985 non
538 1935 652 2002 curent,
662 1933 856 1989 vehementer
863 1932 966 2004 utique
1020 1933 1101 2004 dent,
1117 1937 1144 1988 et
1162 1946 1213 1989 ros
1227 1932 1373 1998 esurietis,
1389 1945 1455 1988 ecce
1474 1930 1555 1988 serui
1569 1930 1628 1987 mei
1640 1929 1749 1996 bibent,
1758 1935 1786 1985 et
1801 1942 1852 1984 vos

134 2019 271 2090 peccant.
283 2015 332 2072 lsti
343 2031 415 2087 ergo
428 2017 646 2092 noverintquia
658 2019 797 2077 solatium
818 2021 864 2077 sui
878 2019 927 2092 adj
933 2036 966 2076 u·
1020 2021 1136 2089 sitietis,
1151 2035 1217 2078 ecce
1230 2021 1309 2078 servi
1326 2020 1384 2076 mei
1400 2019 1584 2076 letabuntur
1606 2024 1634 2075 et
1647 2034 1698 2076 oos
1722 2018 1851 2088 consun-

136 2104 203 2161 lorii
224 2107 284 2161 beo
312 2104 502 2176 subtrahunt,
528 2107 603 2164 dum
628 2123 778 2183 pauperes
810 2109 875 2182 ejus
905 2125 967 2167 non
1021 2110 1134 2167 demini
1142 2109 1214 2180 (lsa.
1228 2123 1297 2176 ux,
1314 2108 1368 2179 13),
1380 2111 1410 2164 et
1420 2107 1496 2180 quid
1517 2106 1634 2164 multet
1648 2105 1747 2163 omnis
1762 2104 1852 2162 totius

134 2189 399 2250 delendunl.Sicut
412 2194 493 2252 enim
504 2195 967 2272 insuisgravatur,itaetiuipsis
1020 2197 1179 2271 Scriptura
1191 2195 1387 2254 comminatio
1405 2195 1555 2267 jaculatur
1575 2194 1607 2252 in
1621 2209 1683 2264 eos,
1703 2193 1761 2252 nisi
1779 2192 1851 2251 resi-

131 2279 293 2338 relovetur.
319 2281 400 2339 Unde
429 2283 575 2358 scriptum
599 2289 659 2342 est:
678 2285 719 2342 Ε)
751 2287 784 2343 in
798 2288 891 2344 seruis
905 2287 966 2343 suis
994 2286 1150 2360 ·puerint.

133 2370 340 2428 consolabitur
363 2371 410 2444 (ll
419 2372 499 2430 Mae.
514 2389 565 2442 vu,
579 2378 624 2446 ));
645 2376 751 2445 etipse
767 2376 820 2448 qui
839 2391 900 2431 nan
923 2381 966 2432 est
1055 2377 1163 2433 xxvii.
1178 2376 1242 2430 Non
1252 2388 1324 2444 ergo
1334 2373 1481 2442 letentur,
1497 2377 1526 2430 et
1539 2371 1678 2429 divident
1689 2369 1796 2445 spolia,
1806 2385 1851 2427 re-

133 2473 247 2517 mecum
273 2459 430 2518 aduersam
449 2477 496 2519 me
509 2467 552 2520 est
568 2461 687 2534 (blattis.
703 2469 755 2534 xii,
771 2464 828 2534 30).
843 2463 966 2520 111Ριιιι-
1019 2462 1215 2520 mordeantur
1226 2462 1304 2520 illius
1319 2461 1401 2519 verbi
1415 2461 1573 2532 memorie,
1581 2476 1643 2534 quo
1658 2459 1782 2516 dieitur:
1805 2459 1853 2516 Vre

133 2547 195 2605 lus:
209 2548 373 2619 Adiutores
388 2551 444 2608 Dei
452 2565 555 2609 sumus
567 2551 597 2624 (l
606 2553 667 2609 Gor
680 2567 725 2620 ιιι,
739 2553 777 2625 9).
793 2555 826 2610 Ε)
837 2554 966 2627 prophe-
1019 2553 1072 2625 qui
1094 2551 1256 2622 predonis,
1285 2566 1385 2608 nonne
1406 2556 1434 2607 et
1459 2552 1521 2620 ipse
1541 2549 1725 2620 wedrinis
1741 2551 1755 2605 1
1779 2548 1852 2620 (Iso.

134 2643 166 2697 ta
181 2656 188 2695 :
203 2640 272 2697 Non
286 2640 461 2698 ascendistis
476 2656 514 2699 ea
539 2643 664 2700 adverso
678 2657 773 2714 nepae
786 2644 965 2713 apposuistis
1019 2655 1121 2710 xxxru,
1135 2641 1170 2712 1.)
1181 2644 1211 2696 et
1224 2639 1307 2713 quod
1322 2639 1353 2696 iu
1366 2639 1422 2695 lob
1437 2638 1619 2712 perhibetur,
1631 2637 1772 2708 aufertur
1791 2636 1852 2694 uio-

133 2745 254 2786 murum
272 2745 330 2800 pro
345 2730 533 2788 Hierusalem
548 2731 666 2803 (Erech
687 2748 748 2792 ιιιι.
761 2733 803 2791 er.
820 2735 965 2806 Raptores
1021 2730 1118 2786 lentus
1136 2729 1245 2800 absque
1266 2744 1359 2786 manu
1385 2729 1452 2800 (doh
1472 2745 1575 2798 xxxiv,
1590 2728 1646 2800 26).
1669 2725 1753 2784 Videt
1772 2724 1853 2782 enim

134 2833 204 2874 vero
218 2817 348 2889 cogitent
369 2818 442 2891 quia
465 2818 540 2875 dum
560 2833 709 2893 pauperes
730 2819 854 2891 laedunt,
869 2835 966 2893 usque
1020 2822 1123 2890 raptor
1135 2833 1213 2890 quos
1227 2817 1315 2891 rapit,
1328 2816 1382 2873 sed
1397 2817 1513 2890 eosqui
1533 2816 1564 2872 in
1578 2820 1674 2872 morte
1688 2814 1772 2870 illurn
1787 2829 1854 2887 rap-

134 2905 241 2962 adbel
264 2905 358 2980 ipsius
384 2905 541 2964 lesionem
566 2922 676 2964 manus
703 2907 877 2965 extendunt.
899 2909 965 2964 Vox
980 2951 1001 3006 C
1021 2907 1079 2963 turi
1095 2910 1166 2962 sunt
1178 2921 1241 2962 non
1254 2905 1342 2972 ridet,
1359 2905 1492 2961 aufertur
1511 2903 1612 2976 itaque
1627 2902 1743 2976 absque
1758 2917 1853 2960 menn

134 2994 216 3052 enim
230 2994 325 3069 ipsius
336 2998 396 3052 est:
412 2995 496 3063 Quoad
510 2997 565 3054 uni
575 3012 614 3054 ee
630 2996 675 3054 lais
691 2997 823 3054 minimis
840 2998 963 3067 fecistis,
1020 2995 1073 3069 qui
1088 2994 1236 3051 violentus
1250 3008 1344 3050 manu
1357 2992 1420 3061 luit,
1430 2991 1609 3065 quiasubito
1624 2990 1704 3047 exitu
1719 2993 1851 3059 urgente,

133 3083 211 3140 milti
219 3084 334 3154 fecistis
348 3083 469 3159 (Marta.
488 3100 559 3155 xxv,
574 3085 630 3156 10).
649 3087 724 3142 Cum
738 3100 810 3157 ergo
829 3084 966 3157 affligunt
1020 3082 1207 3140 invisibiliter
1216 3083 1341 3155 rapitur,
1355 3081 1407 3154 qui
1419 3079 1570 3136 visibiliter
1582 3077 1730 3152 rapiebat,
1743 3081 1771 3134 et
1785 3092 1853 3176 rep-

133 3187 293 3246 pauperes,
309 3172 413 3246 utique
426 3173 521 3230 Deum
534 3173 965 3248 affligunt,sicutipsetestatur
1021 3177 1100 3230 tores
1115 3188 1186 3229 suos
1200 3185 1263 3228 non
1277 3171 1367 3240 ridet,
1378 3174 1407 3226 et
1424 3173 1525 3226 tamen
1550 3167 1590 3225 ad
1603 3167 1716 3224 exitum
1728 3165 1853 3240 impellu-

134 3261 252 3320 dicens:
268 3263 368 3332 Saule,
383 3263 488 3329 Saule,
506 3263 579 3337 quid
600 3280 646 3321 me
664 3265 871 3336 persequeris?
887 3264 964 3336 (Act.
1021 3267 1078 3320 tur.
1093 3265 1177 3318 Nunc
1191 3260 1272 3318 enim
1297 3259 1371 3316 dum
1397 3258 1526 3333 quisque
1542 3256 1691 3314 violentus
1705 3270 1783 3329 quos
1799 3270 1854 3311 vo·

134 3367 211 3422 xxn,
223 3352 263 3423 7).
279 3349 393 3409 Coelnm
405 3352 470 3424 jam
496 3351 683 3421 ascenderat,
705 3357 734 3410 et
762 3352 861 3410 adhue
887 3351 967 3410 Sauli
1021 3350 1108 3408 luerit
1122 3350 1275 3425 opprimit,
1288 3349 1364 3406 dum
1377 3363 1468 3405 omne
1492 3346 1577 3421 quod
1590 3345 1727 3420 nequiter
1748 3359 1856 3401 eoncu-

134 3440 305 3514 persecutio
319 3440 368 3497 bic
383 3456 438 3498 sua
453 3441 591 3498 membra
614 3441 765 3514 tangebat.
783 3442 864 3500 Siout
886 3442 967 3498 enim
1020 3440 1117 3514 piscil,
1133 3453 1269 3497 exercere
1296 3437 1486 3511 permittitur,
1502 3435 1535 3494 fit
1550 3450 1630 3509 saepe
1646 3438 1678 3491 ut
1690 3435 1721 3490 in
1739 3433 1855 3505 majore

133 3544 189 3602 per
202 3529 300 3586 bonos
313 3527 455 3603 loquitur,
471 3529 589 3588 dicente
602 3529 711 3588 eodem
726 3530 835 3588 Paulo:
850 3531 900 3586 An
915 3546 966 3588 en·
1021 3530 1120 3588 cordis
1133 3529 1264 3587 cecitate
1280 3527 1424 3601 prosiliat,
1440 3530 1469 3584 et
1481 3525 1626 3600 quianon
1638 3523 1738 3582 statim
1751 3538 1855 3598 pereu-

129 3619 333 3689 perr'mentum
362 3620 497 3691 queritis
524 3621 589 3691 ejm
613 3621 667 3692 qni
694 3621 726 3676 in
757 3635 803 3676 me
833 3620 968 3692 loquitur
1021 3620 1101 3689 titur,
1116 3619 1189 3694 quia
1202 3633 1294 3692 poena
1308 3617 1413 3688 ejusio
1427 3620 1584 3690 posterum
1594 3613 1739 3682 differtur,
1751 3611 1854 3686 nequl-

134 3707 296 3766 Christus?
320 3708 366 3776 (ll
391 3707 460 3764 Coc.
476 3725 534 3780 xrrr,
551 3711 589 3782 3).
615 3709 661 3766 Sic
675 3709 741 3783 ipse
761 3709 793 3765 in
807 3707 967 3766 afflictione
1023 3708 1095 3766 bam
1110 3724 1196 3765 suam
1209 3711 1293 3764 aula
1318 3709 1379 3762 lleo
1404 3703 1499 3760 videri
1517 3718 1580 3759 non
1592 3705 1686 3776 putet,
1703 3704 1756 3758 aut
1776 3701 1855 3756 hane

132 3794 296 3852 humilium
323 3795 480 3866 laceratur,
495 3797 611 3854 dicente
636 3797 792 3856 llalaohia:
805 3797 837 3854 Si
851 3799 969 3868 asstipet
1022 3801 1051 3854 et
1062 3813 1124 3853 non
1139 3795 1294 3868 disciplere
1307 3792 1417 3850 eredat.
1433 3791 1516 3848 Unde
1536 3794 1565 3846 et
1583 3790 1723 3888 eamdem
1747 3788 1854 3886 nequi·

134 3887 223 3942 homo
232 3887 337 3949 Deum,
349 3886 422 3960 quia
434 3901 484 3944 uos
498 3886 646 3959 configitis
662 3902 717 3955 me,
734 3887 889 3947 maledicti
899 3890 967 3944 estis
1022 3884 1095 3942 bam
1111 3882 1259 3953 corrigere
1273 3879 1405 3951 negligit,
1421 3894 1477 3952 pro
1500 3893 1563 3952 qua
1577 3891 1639 3933 non
1654 3879 1755 3933 stetim
1766 3875 1853 3973 vulbo·

133 3989 208 4047 peras
224 3979 287 4032 tota
299 3975 352 4048 qui
373 3976 522 4047 contigitis
537 3990 583 4033 me
607 3975 728 4048 (Matar.
746 3991 788 4046 ιιι,
803 3978 842 4042 3).
859 3979 892 4032 Ε)
905 3990 967 4032 non
1023 3987 1093 4029 nem
1107 3969 1240 4027 incurrit.
1258 3968 1315 4026 Sed
1330 3965 1476 4040 superiori
1489 3964 1583 4021 verbo
1596 3963 1634 4064 de
1649 3965 1709 4019 lieo
1730 3961 1854 4033 subjun-

135 4063 238 4122 sulum
265 4065 318 4138 qui
345 4063 560 4137 affligentem
584 4064 676 4122 etiam
705 4064 730 4121 si
744 4063 834 4122 nimis
848 4064 968 4138 suaqui
1023 4060 1115 4133 gitur:
1133 4058 1221 4115 Oculi
1245 4059 1309 4128 ejus
1327 4070 1418 4126 super
1441 4054 1505 4112 vias
1530 4052 1695 4122 hommum,
1711 4055 1739 4107 et
1754 4065 1854 4148 omnes

133 4152 258 4211 ditiores
271 4157 342 4211 sunt
367 4153 579 4225 vendiderunt,
598 4154 701 4228 utique
729 4158 865 4228 peccant.
885 4153 967 4210 Unde
1023 4149 1203 4206 nicaeorum
1228 4145 1397 4204 considerat
1413 4143 1477 4216 (Iob
1493 4157 1587 4210 ιιιιιι,
1603 4139 1659 4212 tl).
1678 4141 1759 4196 Tunc
1774 4153 1854 4194 enim

133 4246 167 4300 et
184 4245 293 4301 Amos:
328 4244 439 4301 Audire
464 4245 518 4316 qus·
545 4245 698 4302 conteritis
724 4245 968 4315 pauperemque·
1025 4239 1104 4296 Deus
1112 4234 1374 4294 nonconsiderare
1384 4231 1549 4307 nequitiam
1558 4227 1746 4298 credebatur,
1757 4242 1854 4328 quan·

134 4331 254 4404 dieitis;
277 4333 479 4402 possideamus
501 4347 617 4404 egenas,
642 4339 670 4389 et
700 4333 877 4405 quisquilias
902 4339 968 4403 sru-
1024 4327 1065 4385 do
1079 4326 1228 4384 violentus
1242 4325 1297 4382 iste
1312 4321 1527 4380 omnemalum
1539 4315 1855 4419 prrodpoteratmulte

133 4423 231 4480 menti
240 4423 413 4480 vendamus
423 4423 546 4480 duravit
557 4423 712 4486 Dominus,
724 4423 752 4479 si
760 4423 870 4480 abluas
879 4423 968 4494 suero
1025 4413 1226 4489 perpetrabat,
1241 4417 1271 4470 et
1283 4427 1397 4483 magna
1411 4411 1476 4483 ejus
1489 4411 1634 4483 pauentia
1655 4422 1743 4481 quasi
1771 4421 1855 4479 quoe-

135 4525 230 4584 usque
255 4509 296 4568 ad
324 4511 433 4581 tinem,
460 4515 488 4568 et
519 4517 691 4568 convertam
721 4511 822 4568 omnia
850 4511 969 4568 conclea
1024 4505 1097 4562 dam
1119 4501 1300 4575 negligentia
1322 4500 1497 4574 putabatur.
1526 4495 1584 4555 Sed
1602 4500 1650 4554 eat
1664 4510 1755 4564 nunc,
1771 4498 1801 4552 et
1814 4493 1854 4550 ad

135 4605 237 4656 uestra
247 4599 279 4655 in
288 4599 457 4669 planetum,
470 4605 499 4656 et
513 4601 673 4656 nouissima
690 4600 722 4656 in
736 4599 814 4656 diem
832 4613 970 4656 amarum
1025 4593 1191 4668 quamlibet
1203 4590 1374 4648 violentiam
1381 4587 1593 4663 praesumendo
1603 4587 1792 4684 prorumpat,
1802 4597 1855 4682 vo-

136 4687 309 4755 (limosum,
322 4691 350 4757 1,
366 4693 393 4759 5,
409 4693 436 4757 e,
454 4689 507 4760 lb).
524 4688 595 4744 ltem
611 4687 690 4762 ipse:
714 4690 761 4745 Vm
772 4689 825 4760 qui
835 4688 972 4759 opulenti
1024 4682 1170 4740 luntatem
1185 4695 1309 4737 suarum
1321 4677 1471 4751 nequitias
1485 4675 1618 4776 impleat,
1634 4672 1733 4773 ahena
1745 4673 1853 4744 rapiat,

136 4777 208 4835 estis
230 4777 397 4848 optimates,
421 4778 522 4847 cupita
539 4778 734 4848 populorum,
769 4777 970 4850 ingredientes
1024 4772 1221 4829 innoesmum
1235 4766 1432 4842 oppressione
1447 4768 1579 4832 sancitu,
1595 4766 1709 4862 etqura
1722 4759 1853 4862 necdum

136 4866 316 4938 pompatice,
331 4866 385 4937 qui
407 4866 543 4923 demitis
556 4867 589 4922 in
600 4867 682 4924 lectis
708 4867 856 4934 eburneis,
868 4871 896 4923 et
910 4866 970 4922 las·
1024 4860 1197 4936 percutitur,
1209 4859 1275 4915 vias
1289 4873 1359 4914 suas
1373 4872 1392 4913 a
1405 4854 1532 4912 Domino
1544 4850 1771 4953 autnonvtrderr
1782 4865 1857 4908 exis

137 4955 235 5012 ciuilis
248 4955 396 5012 instratis
411 4956 526 5022 uestris,
547 4955 676 5012 bibentes
692 4956 794 5011 uinum
809 4955 840 5011 in
858 4953 971 5024 phialis
1026 4950 1118 5019 timet,
1126 4951 1188 5018 aut,
1196 4946 1371 5021 quodpejus
1384 4940 1618 5017 estapprobarr.
1628 4943 1731 5042 llemet
1738 4939 1855 5014 prolec-

137 5042 239 5116 (Amos
253 5059 291 5112 vr,
305 5047 331 5111 1,
354 5044 394 5115 2),
409 5043 481 5118 quia
495 5041 631 5100 videlicet
644 5042 846 5114 dedignantur
869 5041 971 5100 bibere
1026 5041 1066 5108 to,
1078 5037 1176 5095 veniet
1188 5039 1299 5092 aeterna
1307 5037 1337 5091 et
1350 5032 1507 5107 repentina
1515 5047 1680 5106 percussio,
1691 5033 1720 5130 et
1730 5032 1800 5085 lunc
1808 5043 1856 5126 eo-

137 5133 170 5190 in
186 5132 344 5190 rusticanis
355 5132 444 5201 vasis,
457 5135 487 5190 et
499 5131 584 5206 quod
598 5132 732 5206 sequitur
748 5149 755 5187 :
781 5132 903 5188 duravit
915 5133 972 5188 Da·
1027 5130 1151 5200 gnoscat
1157 5125 1361 5182 cunetaalleo
1368 5121 1509 5198 prospici,
1517 5121 1681 5219 quandpse
1691 5129 1856 5213 improviso

136 5221 278 5278 summio
285 5221 583 5292 manasuadetestor·
597 5236 650 5294 epo
661 5221 832 5291 superbiam
842 5219 972 5292 (Ibide).
1028 5216 1109 5274 exitu
1120 5213 1227 5272 viderit
1237 5227 1293 5286 pro
1308 5215 1486 5270 cunctorum
1499 5209 1691 5268 retributione
1704 5204 1853 5304 damnem.

138 5313 173 5366 itt
186 5310 325 5368 lliolreas:
340 5311 448 5367 Nonne
458 5312 548 5367 verba
562 5326 628 5366 men
640 5311 717 5366 bona
727 5315 808 5371 sunl,
823 5315 849 5363 et
861 5325 927 5363 cum
941 5323 973 5363 eo
1028 5310 1109 5362 Tuno
1123 5304 1153 5360 in
1169 5319 1259 5376 prena
1283 5319 1339 5359 sua
1359 5302 1463 5358 oculos
1488 5298 1582 5371 aperit
1596 5309 1675 5392 quos
1696 5292 1749 5348 dtu
1763 5295 1857 5392 tenuit

136 5397 192 5466 qui
202 5403 278 5452 recte
292 5398 445 5468 proditur,
455 5404 482 5455 et
503 5399 686 5455 econtrario
709 5397 930 5467 populusmous
942 5397 973 5450 in
1029 5396 1149 5452 clausos
1157 5393 1186 5448 in
1196 5392 1383 5466 culpal’uno
1391 5387 1580 5445 considerare
1589 5395 1692 5438 omnia
1701 5397 1805 5480 verum
1809 5398 1856 5452 Ju-

136 5484 346 5544 udnersarium
361 5488 566 5544 consumserit?
584 5487 693 5544 Viduas
703 5483 876 5558 dedetisde
889 5483 974 5540 domo
1030 5483 1128 5542 dicem
1141 5481 1240 5550 sentit,
1252 5479 1377 5555 quanm
1401 5475 1552 5533 malorum
1571 5485 1696 5528 suornm
1717 5473 1857 5528 mentum

137 5580 167 5628 et
180 5589 200 5632 a
210 5577 351 5646 parvule
362 5576 472 5633 tuirstr's
490 5575 609 5633 laudem
621 5591 717 5633 meam
732 5574 835 5648 (llicit.
851 5589 880 5642 ιι,
893 5578 920 5642 7,
935 5571 973 5644 11).
1028 5565 1455 5644 jemevaderesentiendonon
1466 5555 1859 5634 possit'lamenquemlilret
