4120 6154
109 163 151 216 in
450 161 452 165 ·
505 111 650 214 retroni:
665 157 848 216 nonenim
863 158 891 216 s.
906 157 1007 216 caso.
1025 158 1145 216 incon.
1163 191 1197 202 -
1213 117 1278 216 rra
1294 161 1399 218 ιιιιιιι.
1752 164 1805 220 en

107 281 162 346 teci,
179 280 202 335 si
214 279 331 350 neglexi
348 280 487 338 exhibere
502 281 583 356 quod
595 279 683 340 lovel.
694 281 773 352 J'uste
796 281 826 338 in
850 297 921 354 qne·
942 286 965 338 h
981 283 1267 356 tatisexstinguant;
1281 288 1334 341 aut
1345 285 1377 342 hi
1390 285 1443 358 qui
1455 249 1553 344 alieno
1566 287 1703 358 regimini
1736 287 1806 344 sub·
1875 263 1876 266 Ἴ

106 369 190 426 relarn
206 367 364 442 prosiliens
377 386 480 425 eorum
491 369 593 442 lingua
608 386 655 426 me
671 374 796 442 pungat.
813 372 878 436 Qua
892 370 923 426 in
974 371 1085 444 jacent,
1100 372 1184 430 facile
1194 373 1330 444 judicare
1342 373 1474 432 audeant
1488 375 1567 434 lecta
1576 380 1735 446 rectorum,
1763 382 1804 434 at·

103 475 131 516 ra
145 474 261 532 semper
276 457 399 514 sollicita
413 457 650 516 consideratione
661 459 853 534 pensandum
868 463 922 528 est,
978 475 1037 534 que
1058 476 1111 533 per
1129 462 1187 518 boc
1208 461 1291 534 quod
1311 460 1349 518 do
1370 461 1491 534 hirqui
1515 464 1573 522 sibi
1596 464 1710 538 prelati
1733 469 1804 524 suut

102 565 137 606 ne
149 551 199 605 aut
212 547 243 605 bi
255 548 307 621 qui
317 549 450 622 praesunt
460 547 598 622 exempla
611 547 683 606 mall
698 549 922 623 operissubjac-
977 550 1406 618 murmurantnonhumano,
1423 549 1477 608 sod
1493 551 1733 626 baqutounotr
1745 551 1804 610 dir·
1902 627 1910 636 ἱ

102 637 136 694 tis
149 634 309 712 praebeanl,
329 652 494 710 eorumque
512 629 605 718 vitam
621 654 682 696 suae
699 637 802 710 gladio
825 637 924 712 pravi·
978 637 1071 710 ponit,
1088 637 1189 696 divino
1208 637 1306 696 ordini
1318 637 1535 698 conuadioaut.

561 1006 726 1088 nisan
752 979 1048 1086 arausinas
1081 1005 1327 1087 renatus

393 1358 505 1422 CAPUT
523 1359 621 1415 xltltlt.
700 1401 703 1408 .
934 1359 955 1412 Β
974 1353 1049 1412 abas
1059 1359 1184 1412 censent
1198 1355 1272 1413 nihil
1285 1356 1372 1424 scire,
1398 1355 1473 1414 alim
1502 1369 1565 1414 non
1587 1355 1666 1414 bene
1691 1355 1799 1414 virere.

129 1445 215 1504 Vitas.
230 1446 254 1499 l.
272 1445 443 1504 amaeam
456 1452 554 1506 antem
568 1455 627 1506 tres
642 1447 702 1506 viri
724 1448 776 1506 itti
802 1461 920 1518 respon·
973 1445 1007 1501 nt
1032 1443 1171 1517 quamvis
1191 1445 1271 1516 justa
1299 1459 1405 1502 omnes
1427 1449 1511 1504 extra
1534 1445 1697 1502 Ecclesiam
1725 1443 1805 1518 posi-

96 1533 239 1599 derelob‚
255 1550 287 1592 eo
301 1535 561 1610 qnodjnstnsrili
575 1536 741 1594 videretur.
756 1537 817 1594 Hoc
836 1533 921 1608 quod
974 1537 1019 1590 tos
1052 1548 1147 1605 prava
1169 1533 1277 1592 molire
1304 1533 1496 1604 redarguant,
1522 1537 1624 1592 nmen
1638 1534 1729 1592 etiam
1752 1549 1804 1591 eos

96 1615 129 1680 de
141 1639 175 1680 eo
189 1622 318 1686 dicitur:
335 1640 367 1681 eo
379 1625 569 1706 qnodjnslns
582 1625 639 1682 sili
653 1625 816 1696 videretur,
827 1639 921 1680 sacrae
974 1621 1027 1695 qui
1040 1621 1122 1678 iuius
1135 1625 1205 1680 sunt
1229 1637 1283 1696 par
1297 1623 1365 1680 vitta
1391 1622 1569 1698 despectum
1594 1626 1802 1680 contemnunt.

95 1709 181 1784 hujus
196 1711 322 1785 scriptor
335 1711 466 1771 historie
477 1713 516 1770 ad
531 1714 698 1772 amicorum
710 1713 858 1788 iudicium
874 1727 921 1770 re·
976 1710 1134 1784 Sequiturt

95 1797 166 1869 tulit,
180 1817 241 1858 non
256 1812 357 1860 eutem
371 1799 478 1861 beatus
502 1801 559 1858 lob
581 1801 618 1858 de
642 1802 774 1862 ,datione
796 1800 922 1860 tumoris
1011 1799 1097 1856 Vens.
1112 1802 1140 1868 i,
1154 1804 1180 1856 o'.
1195 1800 1295 1870 ipitnr
1308 1801 1576 1871 Eliuenrpectocit
1600 1800 1658 1857 Iol
1685 1801 1806 1872 loenen-

93 1885 272 1958 reprobavit.
286 1881 423 1960 Sequitur
436 1904 442 1944 :
976 1893 1033 1946 tem
1046 1901 1079 1946 eo
1093 1889 1173 1960 qnod
1186 1890 1317 1948 tentares
1330 1896 1424 1948 meent
1438 1891 1491 1962 gni
1504 1889 1711 1962 imminetur.
1727 1890 1805 1946 Unm

129 1977 214 2032 Vens.
226 1979 252 2030 2.
268 1971 305 2030 tn
321 1975 418 2031 ircim
432 1975 666 2048 indipnotnsqne
679 1976 752 2034 Elin
769 1975 852 2046 filius
864 1974 925 2028 Ba·
977 1983 1076 2034 aulem
1086 1977 1205 2036 emutat
1220 1980 1300 2050 qnod
1315 1983 1374 2036 tres
1389 1979 1569 2050 respondere
1585 1993 1646 2036 non
1673 1984 1804 2050 poscent,

93 2063 199 2120 rachel
212 2064 331 2119 aniles
344 2063 381 2120 de
410 2063 587 2134 manatione
611 2065 697 2120 tiam.
714 2066 840 2119 —Bene
859 2062 924 2120 hae
978 2066 1075 2122 iratus
1089 2072 1131 2124 est
1150 2069 1347 2124 vehomenter.
1362 2097 1397 2109 -
1407 2067 1549 2134 Quamvis
1562 2072 1667 2125 sancta
1677 2068 1807 2126 Ecclesia

94 2151 164 2224 ipsa
177 2147 225 2206 vel
236 2149 310 2221 ejus,
326 2150 376 2208 vel
386 2151 520 2226 parentis
535 2151 579 2208 vel
591 2151 660 2222 loci,
672 2151 720 2208 vel
738 2148 925 2221 cognationis
979 2153 1016 2210 sit
1027 2153 1133 2226 procul
1147 2155 1240 2212 dubio
1263 2155 1440 2212 adversariis
1458 2156 1523 2214 suis
1547 2156 1707 2230 antiquior,
1733 2157 1806 2230 quia

92 2239 220 2295 nomina
234 2239 337 2296 nolam
359 2239 533 2314 exprimunt
551 2240 681 2314 propriae
702 2239 837 2300 actionis.
861 2238 926 2296 Eliu
978 2239 1016 2298 de
1030 2240 1157 2315 illaipsi,
1168 2257 1231 2300 non
1245 2246 1346 2300 auteur
1358 2243 1429 2299 exiit
1442 2243 1510 2316 ipsa
1522 2243 1561 2300 de
1575 2243 1642 2310 illis,
1665 2244 1741 2302 sicui
1767 2243 1807 2300 dc

91 2325 206 2404 quippe
217 2325 443 2400 interpretatum
455 2333 562 2386 sonat:
578 2331 657 2387 Deus
680 2345 760 2386 mena
783 2330 848 2397 iste,
876 2327 925 2386 vel
978 2329 1020 2386 eis
1034 2345 1088 2402 per
1099 2332 1246 2388 loannem
1256 2330 1365 2388 dicitur
1380 2347 1415 2387 :r
1431 2333 1474 2388 Ex
1485 2331 1574 2388 nobis
1587 2331 1733 2402 exierunt,
1752 2331 1808 2388 sed

91 2417 169 2474 aens
184 2433 276 2488 meas,
290 2433 345 2492 per
359 2434 452 2490 quern
467 2418 642 2489 designatur
654 2423 734 2476 recta
747 2418 824 2478 tides
840 2433 923 2474 arro·
977 2433 1039 2474 non
1054 2421 1186 2476 erautex
1202 2417 1291 2476 nobis
1303 2419 1429 2490 (ilcan.
1446 2435 1478 2492 u,
1495 2420 1548 2492 ¹⁹l·
1566 2439 1581 2470 r
1601 2421 1679 2476 recte
1704 2423 1807 2477 tamen

92 2507 227 2577 gantiam
238 2509 315 2564 intra
326 2507 488 2567 Ecclesiam
498 2508 676 2582 positorum.
693 2511 768 2566 Nam
781 2507 923 2580 quamvis
976 2507 1090 2566 eisdem
1103 2507 1282 2566 adversariis
1293 2507 1359 2566 aliu
1368 2509 1472 2581 junior
1496 2508 1589 2568 fuisse
1617 2509 1804 2579 describitur,

89 2596 173 2666 juria
188 2595 343 2652 [lominica
357 2601 508 2670 precepta
521 2613 581 2656 non
592 2600 705 2668 vivunt,
715 2601 809 2654 licum
819 2601 923 2654 nmen
976 2596 1048 2672 quia
1066 2596 1209 2656 nimirum
1220 2601 1290 2672 post
1299 2602 1403 2656 exorta
1416 2599 1625 2656 haereticorum
1639 2599 1717 2656 bella
1740 2613 1806 2656 esse

92 2701 153 2741 esse
165 2683 327 2744 hominurn
343 2691 572 2758 recognoscunt,
588 2687 660 2760 qnia
672 2687 702 2742 in
719 2687 842 2744 veritate
856 2702 921 2744 car-
939 2701 961 2758 0
975 2685 1006 2742 iu
1020 2689 1127 2745 sancta
1138 2686 1270 2746 Ecclesia
1283 2687 1362 2745 tastu
1375 2687 1503 2746 solenus
1517 2687 1613 2749 inilati
1628 2693 1804 2760 amogantes

90 2768 133 2828 nis
147 2769 240 2830 etiam
249 2774 378 2832 formam
391 2769 507 2830 deitatis
522 2773 842 2848 intelligual.sicutpcr
852 2778 921 2832 Pro·
976 2781 1140 2849 coeperunt.
1157 2779 1232 2836 Cum
1241 2793 1313 2836 vero
1323 2777 1431 2836 dicitur
1440 2778 1513 2852 quia
1527 2777 1599 2836 litte
1622 2780 1806 2850 carpentarii

90 2863 213 2935 phetam
225 2863 337 2920 dicitur
353 2880 387 2918 r«
401 2863 507 2920 Scitote
522 2863 668 2937 quonlam
688 2864 832 2920 Dominus
856 2864 921 2936 ipse
975 2866 1031 2922 lot
1046 2866 1224 2936 toquentem,
1239 2865 1407 2939 etreliqua,
1421 2867 1642 2939 aperiebantur
1663 2868 1719 2925 lob
1741 2881 1805 2925 non

91 2957 133 3007 est
148 2955 226 3008 [leus
245 2947 341 3028 (Psoi.
356 2967 431 3023 xcix,
446 2951 502 3026 3).»
518 2951 670 3010 Barachiel
688 2968 759 3010 vero
781 2952 923 3026 interpre-
976 2969 1030 3027 pro
1044 2967 1110 3024 sua,
1125 2952 1178 3011 scd
1192 2965 1248 3025 pro
1259 2953 1426 3012 amicorum
1440 2955 1606 3012 reverentia
1616 2971 1648 3012 sa
1658 2969 1806 3013 reservas·

90 3043 183 3097 tatum
194 3039 307 3098 dicitur
318 3038 481 3099 benedictio
495 3043 550 3100 Dei
566 3061 572 3109 ;
587 3041 702 3098 Burites
717 3045 828 3112 autem,
852 3056 922 3100 con·
976 3057 1008 3098 se
1020 3044 1204 3098 monstratur
1217 3057 1224 3096 ε
1238 3039 1458 3114 quiavidalioet
1472 3047 1646 3114 arrogantes
1657 3043 1735 3100 intra
1749 3059 1805 3116 po-

90 3128 274 3202 templihilis.
289 3130 376 3208 Quod
393 3135 568 3208 arroganter
588 3129 824 3204 predicantibus
844 3129 923 3186 bene
976 3129 1023 3188 sili
1037 3128 1179 3188 eamdem
1192 3134 1331 3186 sanctam
1345 3129 1507 3189 Eccledm
1524 3145 1620 3203 quam
1640 3130 1807 3189 detendunt

88 3224 252 3294 utrumque
268 3218 441 3289 concordat,
454 3217 526 3292 quia
540 3218 571 3276 in
585 3217 805 3292 predicationis
820 3217 924 3276 iacun·
975 3217 1153 3292 despiciunt,
1167 3221 1196 3274 et
1207 3217 1386 3291 plerumque
1400 3217 1546 3289 contingit
1558 3221 1590 3274 ut
1604 3217 1673 3292 plus
1686 3217 1808 3290 ingonia

88 3305 135 3364 dia
144 3305 392 3366 benedictionem
415 3304 538 3380 quidem
564 3307 667 3380 gratiae
695 3307 805 3366 divina
828 3307 922 3382 perci·
975 3305 1054 3366 male
1070 3307 1252 3380 sapientium
1261 3321 1356 3381 quam
1369 3305 1537 3381 simplicem
1552 3307 1646 3365 dnm
1666 3307 1807 3366 innocen-

87 3395 179 3469 piunt,
192 3393 251 3454 sed
265 3395 296 3452 ln
311 3396 395 3454 elatis
411 3395 473 3453 suis
483 3392 619 3454 moribus
633 3387 697 3454 esse
708 3413 776 3456 eam
792 3401 923 3456 contom-
976 3397 1050 3456 dum
1065 3400 1255 3456 venermtur.
1269 3397 1428 3470 Sequitur:

87 3483 220 3557 plihilem
233 3485 408 3542 ostendunt.
425 3487 499 3542 Ram
519 3485 633 3560 quippe
648 3485 859 3559 interpretatur
874 3500 923 3544 ea·
1012 3489 1096 3546 Vens.
1113 3491 1140 3555 u,
1151 3491 1178 3544 7.
1191 3485 1441 3559 Respondemqne
1455 3487 1527 3543 litia
1543 3487 1626 3556 itam
1656 3487 1808 3546 Baraehel

88 3575 192 3632 cenas.
210 3573 355 3631 Excelsus
369 3589 501 3648 namque
512 3569 702 3632 est'fidelium
715 3573 859 3650 populus,
869 3573 922 3648 qui
976 3577 1096 3634 Buriter
1110 3577 1189 3634 dicit
1205 3593 1212 3632 ε
1227 3577 1411 3636 tentorium
1428 3581 1567 3648 tempore,
1581 3592 1632 3636 cor
1646 3583 1808 3636 antemon-

87 3662 136 3736 huj
142 3681 177 3720 us
191 3663 263 3720 nte
278 3663 381 3720 infima
396 3667 424 3720 ct
438 3663 556 3736 abjecta
567 3664 741 3734 contemnit,
758 3659 795 3720 de
810 3663 922 3738 quibus
977 3666 1129 3739 tr'gniores,
1144 3665 1256 3722 idcirco
1267 3665 1389 3722 dimissa
1402 3667 1500 3736 capite
1513 3666 1626 3723 amitus
1641 3681 1708 3724 rum
1720 3668 1807 3724 inda-

87 3751 195 3810 dicitur
212 3771 219 3810 :
234 3773 250 3806 a
266 3755 370 3810 Nostra
381 3751 570 3810 conversatio
580 3753 611 3810 in
625 3753 706 3810 coelis
721 3753 869 3826 cst(Pltil.
880 3769 920 3826 nr,
976 3769 1154 3826 paremeam
1169 3755 1357 3812 efficentiam.
1373 3755 1539 3824 Sperabam
1554 3757 1632 3813 mim
1646 3757 1726 3829 quod
1734 3763 1806 3815 alar

86 3841 140 3914 20).
154 3865 169 3892 »
185 3843 262 3898 Elin
272 3839 373 3914 itaque
383 3841 421 3896 de
434 3841 612 3912 cognatione
629 3841 705 3900 liam
721 3839 840 3914 dicitur,
851 3841 923 3914 quia
974 3843 1316 3915 prolixiorloqnerelnr,
1330 3847 1519 3900 elonitarum
1539 3846 1702 3902 multitado
1726 3847 1807 3903 doce·

86 3931 299 4004 unusquisque
316 3929 493 4004 predicator
509 3945 655 4002 arrogans
671 3931 748 3991 intra
772 3931 924 3991 universa·
977 3936 1022 3987 ret
1037 3929 1225 4002 sapientiam.
1241 3959 1276 3975 ·-
1291 3929 1355 3988 lilia
1369 3929 1482 4002 quippo
1493 3930 1631 4003 quandiu
1642 3943 1698 4004 pro
1712 3933 1807 3990 aiath

83 4019 143 4076 lom
156 4017 325 4076 Ecclesiam
337 4017 461 4090 positus,
473 4019 582 4088 sanctis
593 4019 713 4092 populis
722 4019 793 4076 fidei
802 4019 923 4078 veritate
939 4051 961 4106 D
978 4035 1040 4081 suaa
1054 4022 1192 4092 respectu
1201 4017 1335 4082 mouent,
1346 4017 1509 4089 sapientiai·
1522 4018 1593 4087 iult;
1608 4032 1677 4075 cum
1690 4031 1762 4076 vero
1776 4021 1808 4076 ln

84 4110 235 4176 sociatur,
248 4106 387 4179 quamvis
396 4106 435 4162 ab
444 4122 549 4162 eornm
559 4107 620 4163 vita
633 4105 771 4166 elationis
779 4105 923 4182 pravitate
978 4105 1045 4165 aliis
1061 4120 1213 4162 annorum
1238 4104 1462 4165 mrdtitudiuem
1484 4107 1680 4180 semetipsum
1701 4107 1807 4180 prate-

84 4193 284 4270 disjungitur.
303 4189 466 4270 Sequitur:
978 4210 1047 4254 rens
1062 4192 1199 4268 despicit,
1214 4209 1309 4267 quam
1333 4193 1484 4267 pueriliter
1511 4195 1640 4270 desipiat
1666 4196 1805 4254 ostendit.

118 4303 209 4360 inas.
227 4305 255 4358 3.
271 4301 374 4358 tratas
384 4283 484 4365 antem
499 4300 643 4361 adunant
656 4299 712 4358 tol
724 4315 757 4358 eo
771 4299 852 4372 qnod
873 4301 924 4372 jn·
978 4288 1053 4385 Natu
1063 4286 1168 4344 0⁰nif²
1180 4283 1247 4356 ⁰1¹¹*
1260 4281 1439 4342 'flitmum
1453 4287 1482 4342 fit
1497 4289 1569 4342 ’Ἢ
1597 4284 1740 4358 lll⁰lffi⁰l
1764 4285 1806 4342 ¹⁰·

85 4399 162 4450 stam
177 4389 340 4450 radicaret
355 4404 458 4447 eoram
472 4390 612 4448 Domino.
640 4391 738 4446 Porro
763 4389 923 4450 wamiam
978 4378 1090 4448 illumi,
1105 4376 1135 4433 θῑ
1158 4388 1212 4446 l>er
1235 4387 1385 4432 “mimum
1410 4374 1633 4432 mmmmm
1661 4375 1807 4450 ⁵²¹1)ientiu
1843 4428 1852 4438 -

86 4483 198 4539 amicos
214 4482 283 4552 ejns
300 4479 476 4552 indipnatas
490 4484 592 4557 scateo
606 4479 686 4555 qnod
714 4493 774 4536 non
797 4479 925 4538 invenia-
978 4464 1112 4532 d0⁰0¹¹112
1127 4463 1265 4537 ‘imiimi
1277 4463 1454 4536 1008ῑῆΜὶ
1467 4478 1591 4523 'illium
1603 4479 1665 4523 ¹¹⁰⁰
1686 4465 1803 4541 limini.

86 4578 147 4628 rent
160 4569 389 4642 responsionem
403 4567 627 4640 rationabilem,
646 4567 698 4631 aad
716 4567 923 4640 tantummodo
978 4569 1051 4614 usus
1062 4558 1165 4615 ΜΘΗ
1177 4553 1371 4619 lebwini&
1381 4559 1509 4616 mmi-
1523 4557 1664 4630 mim
1679 4571 1688 4613 ²

87 4659 339 4718 condemnassent
363 4655 427 4713 tol.
453 4688 487 4697 —
513 4655 640 4716 Solertar
659 4655 839 4720 intuendum
867 4660 921 4724 est,
1014 4664 1096 4720 Vnus.
1111 4663 1137 4717 Β.
1153 4661 1222 4730 Sed,
1242 4666 1278 4718 ut
1300 4661 1395 4730 uidem
1423 4661 1613 4732 spinteres!
1631 4663 1662 4719 ln
1679 4659 1806 4720 homini·

86 4748 168 4820 quod
184 4746 297 4816 beatas
318 4743 374 4802 lob
402 4743 470 4802 ideo
490 4745 692 4818 reprehendit,
716 4745 800 4820 quod
819 4760 923 4805 coram
979 4751 1042 4815 lua,
1057 4755 1085 4808 el
1097 4751 1256 4820 inspiratio
1269 4749 1549 4820 omnipotentiam
1562 4751 1804 4823 intelligentiam.

87 4835 146 4894 beo
172 4837 295 4908 justum
314 4849 382 4890 esse
404 4849 435 4890 se
462 4833 587 4904 dixerit3
611 4832 725 4892 amicos
748 4848 818 4890 vero
858 4833 924 4904 ejus
977 4841 1091 4896 -ttreo
1104 4842 1184 4895 recte
1194 4837 1315 4910 diceret,
1325 4837 1349 4894 si
1363 4838 1503 4895 eamdem
1513 4835 1737 4910 intelligentiam
1748 4839 1806 4900 sibi

86 4919 135 4982 ido
171 4923 341 4996 redarguit,
376 4923 460 4998 quod
491 4923 730 4988 condemnantes
754 4937 835 4994 eum,
860 4937 922 4978 res·
977 4942 1041 5000 pra
1053 4925 1167 4986 calens
1178 4941 1242 4984 non
1262 4929 1426 4998 arrogaret.
1446 4927 1580 4993 Quataor
1602 4927 1715 5004 quippo
1737 4931 1808 4990 sunl

87 5013 272 5087 poncionem
286 5017 391 5070 contra
408 5011 494 5070 illum
505 5011 715 5070 rationabilem
740 5026 804 5070 non
831 5009 923 5082 dede·
979 5014 1095 5090 specior
1108 5013 1224 5087 quibus
1238 5015 1375 5072 omniurn
1403 5020 1504 5073 tumor
1525 5017 1731 5090 arrogantium
1754 5019 1806 5078 de·

87 5111 165 5164 runt.
178 5103 247 5166 istis
258 5118 392 5178 namque
405 5101 523 5160 indiciis
538 5107 639 5176 aperte
659 5100 818 5174 colligitur,
840 5101 924 5176 quod
978 5107 1174 5173 monebatur.
1188 5107 1247 5162 hut
1257 5119 1328 5162 cum
1345 5103 1462 5164 honum
1477 5105 1677 5184 nosmetipsis
1695 5107 1807 5167 habere

88 5209 140 5266 per
154 5212 229 5256 eum
241 5193 358 5270 species
374 5197 546 5252 amalorum
561 5207 647 5266 rann
663 5181 763 5261 gloria
787 5189 925 5262 designa·
979 5192 1309 5266 sacramentatibus
1321 5193 1556 5254 canbadleltur:
1579 5213 1595 5252 a
1612 5197 1689 5265 Quid
1712 5195 1806 5250 habos

87 5277 219 5344 tunlob
235 5283 351 5359 quippe
371 5281 408 5338 de
429 5287 617 5356 presumpta
641 5279 788 5357 justititia,
810 5279 924 5338 amicos
979 5279 1135 5354 quodnon
1167 5281 1365 5354 accepiatlls
1386 5288 1415 5341 et
1439 5283 1555 5358 reliqua
1578 5284 1610 5353 (t
1627 5279 1805 5352 contat).

88 5389 156 5432 vero
168 5376 238 5452 eius
256 5371 294 5430 de
309 5371 399 5428 stulta
410 5370 606 5446 responsione
631 5369 792 5442 redarguit.
821 5368 925 5426 Cuncti
978 5372 1037 5426 hul
1051 5369 1076 5425 si
1088 5368 1146 5426 sibi
1164 5369 1269 5429 danim
1291 5370 1423 5446 desuper
1443 5373 1578 5438 credunt,
1606 5383 1661 5442 pro
1688 5365 1750 5423 suis
1775 5383 1806 5425 se

88 5465 168 5522 enim
183 5480 276 5526 vanae
298 5463 398 5534 glorie
413 5449 573 5519 sectatores
588 5459 662 5518 dum
675 5477 706 5518 se
723 5459 755 5517 in
782 5457 924 5516 omnibus
979 5457 1130 5532 accepisse
1144 5459 1509 5533 mentepiissimus
1531 5469 1609 5529 quos
1631 5455 1742 5514 Paulus
1762 5457 1806 5517 di·

88 5551 268 5626 pralerunt,
283 5551 357 5621 alios
372 5547 497 5625 quidem
511 5547 549 5606 de
563 5548 652 5606 lateris
675 5547 825 5618 sensibus,
850 5547 924 5609 alios
979 5547 1018 5606 cit
1033 5566 1040 5606 :
1055 5569 1070 5598 n
1086 5548 1186 5609 Gratia
1199 5549 1269 5609 estis
1283 5549 1388 5608 salvati
1401 5561 1457 5622 por
1479 5545 1583 5614 iidem,
1611 5547 1639 5605 cl
1660 5543 1719 5606 hoc
1743 5565 1805 5605 non

89 5648 192 5705 autem
207 5643 249 5707 de
269 5640 400 5718 indigen
416 5637 529 5711 merids
553 5635 785 5714 reprehendunt,
815 5636 846 5703 id
870 5640 925 5712 est,
980 5636 1130 5712 errabis,
1150 5639 1203 5700 ilci
1222 5638 1304 5700 auhn
1326 5637 1442 5696 donum
1467 5637 1587 5696 estnon
1602 5637 1803 5714 exoperibus,
