4160 6162
122 187 170 242 aa
435 147 437 150 ’
544 183 692 243 arnone
711 183 894 242 ιιοιιιιιιιιι
914 185 942 242 s.
963 185 1064 242 enno.
1086 186 1120 242 ιιι
1137 185 1210 242 soe.
1224 187 1343 244 -ma
1364 190 1418 246 xv.
1780 191 1834 248 aaa

119 309 288 367 irrisionem
309 309 435 368 dicatur.
457 312 499 368 Ac
512 310 537 366 si
560 311 660 384 aperte
673 308 837 366 diceretur:
853 309 883 366 si
901 325 950 366 me
965 309 1172 383 il'rapiuntun
1192 315 1226 368 ut
1245 325 1301 368 nee
1316 311 1386 370 llere
1412 317 1481 371 ante
1502 317 1630 371 mortem
1654 313 1741 372 beent
1765 328 1834 388 quae

118 397 236 472 aliqand
250 398 415 473 hypocritae
438 399 549 458 babere
564 398 740 468 meminero,
756 399 787 455 in
803 399 951 472 peanitan-
1005 403 1213 474 peccaverunt.
1227 400 1379 474 Sequitur:

119 487 170 544 tiae
184 502 258 545 mox
271 486 343 544 lleiu
362 489 568 546 contremisco.
584 487 712 544 carnem
726 503 799 544 vero
821 503 908 544 suem
928 487 953 544 si
1041 489 1128 544 Vens.
1147 493 1189 546 it.
1205 490 1261 559 Qui
1274 491 1418 548 decenni
1433 493 1510 550 Deo:
1531 493 1643 550 Recede
1656 508 1676 550 a
1689 493 1783 550 nobs.
1799 524 1834 534 —

117 576 296 634 recordatus
308 575 395 634 inerit
411 582 538 635 tremore
561 575 699 652 perhibet
712 576 842 646 concuti,
858 575 890 634 id
909 579 954 634 est
1007 579 1073 634 ileo
1087 577 1186 634 verbis
1198 578 1297 636 dicere
1319 579 1368 636 val
1387 579 1467 638 stulti
1491 581 1616 638 minime
1636 585 1833 654 presumunt,

118 664 329 723 infirmitatem
355 665 466 739 operis,
494 665 617 724 meanis
633 681 746 740 pavore
761 665 886 738 fatigati.
906 665 955 722 Se·
1007 665 1059 723 sed
1073 669 1173 724 tamen
1184 669 1317 741 perversi
1329 685 1436 726 omnes
1443 671 1503 726 lleo
1511 669 1649 727 recedere
1659 685 1721 726 non
1735 669 1835 728 verbis

118 753 240 828 quitur:
809 771 813 804 2
1007 755 1059 812 sed
1074 755 1210 813 moribus
1220 757 1333 815 dieunt.
1348 758 1454 816 Dicunt
1468 773 1559 830 ergo:
1583 759 1695 816 Recede
1707 774 1726 816 o
1739 759 1833 829 notat,

155 845 240 899 tens.
254 847 269 898 7
283 841 383 911 Quare
392 858 463 915 erpo
478 843 567 915 impii
578 845 695 916 vienni,
711 843 860 900 eetbooti
870 847 952 912 eunt,
1005 843 1058 917 qui
1072 843 1099 900 ei
1113 844 1153 902 ad
1174 861 1205 902 se
1229 845 1344 904 aztitum
1367 845 1501 920 prebere
1523 849 1672 914 recusant,
1702 861 1834 920 eumque

119 931 343 1014 confortatique
357 931 494 990 divitiis?
507 963 542 974 -
565 932 625 990 Nisi
639 948 692 990 eos
714 933 794 990 enim
807 930 953 1006 *patientie
1005 933 1106 1006 pravis
1120 933 1237 992 actibus
1250 936 1420 1008 inpugnant
1433 935 1551 994 etiamsi
1575 935 1675 992 verbis
1685 949 1756 992 eum
1767 935 1833 990 lau·

119 1019 223 1077 divina
232 1019 379 1088 toleraret,
395 1035 593 1095 nequequam
604 1021 759 1078 ditrutam
775 1021 806 1078 in
821 1019 952 1095 peccatis
1005 1021 1077 1080 dare
1103 1022 1271 1081 videantur.
1286 1023 1393 1082 Dicunt
1408 1025 1514 1083 etiem:
1529 1025 1693 1083 scientiam
1715 1024 1833 1081 uiarum

118 1109 272 1166 ducerent.
287 1109 489 1168 sublevantur
515 1127 649 1185 namque
669 1111 779 1168 divitiis
793 1127 864 1168 cum
884 1125 951 1167 ease
1006 1117 1128 1170 tuorum
1151 1114 1300 1182 notumne,
1313 1145 1350 1156 -
1370 1129 1407 1170 eo
1427 1115 1495 1188 ipso
1509 1131 1571 1189 quo
1591 1115 1656 1186 eius
1679 1111 1834 1170 seientiam

119 1202 256 1272 potentes
270 1198 427 1272 incipiunt.
441 1199 653 1258 confortantur
665 1215 748 1269 vero,
763 1215 833 1256 cum
847 1199 878 1256 in
893 1199 951 1256 bac
1005 1200 1231 1274 apprehendere
1243 1205 1448 1260 contemnunt.
1462 1203 1514 1260 Via
1528 1207 1629 1260 autem
1644 1201 1694 1258 Uei
1703 1217 1775 1275 pax,
1784 1199 1834 1256 via

117 1287 180 1346 vita
191 1287 245 1344 diu
260 1285 421 1344 subsistere
435 1287 656 1362 permittuntur.
674 1290 754 1355 Quos
773 1287 854 1345 enim
879 1287 950 1343 sub-
1006 1289 1057 1345 Dei
1071 1289 1234 1361 humilitas,
1246 1290 1293 1348 via
1305 1291 1356 1348 Dei
1384 1291 1527 1365 patientie
1542 1295 1597 1349 est.
1615 1291 1671 1350 Sed
1682 1289 1756 1364 qnia
1769 1289 1834 1346 haec

117 1376 229 1434 stantia
253 1375 401 1447 sublevat,
426 1376 457 1433 in
481 1375 561 1434 insta
584 1393 645 1434 suae
670 1379 811 1452 potentiae
832 1376 949 1434 dierum
1005 1377 1109 1434 omnia
1133 1378 1228 1452 iniqui
1247 1379 1427 1453 despiciunt,
1444 1383 1504 1436 ileo
1527 1379 1648 1436 dicimt:
1672 1379 1834 1436 enantion

117 1465 276 1536 longitudo
290 1464 447 1524 confortat.
464 1464 517 1521 Vel
529 1469 607 1522 certe
631 1465 779 1522 sublevati
794 1470 823 1523 et
832 1465 949 1522 confor-
1006 1467 1136 1522 eiacum:
1151 1473 1273 1525 tuorum
1289 1469 1439 1525 notemus.
1456 1470 1533 1524 Dum
1557 1467 1637 1524 enim
1651 1465 1836 1539 inpraesenti

119 1555 172 1612 teti
184 1553 949 1628 reienmtur,quiasublevanturhonoribureonfor-
1006 1555 1065 1614 vita
1089 1555 1275 1630 superbiunt,
1297 1556 1372 1614 dum
1391 1557 1558 1614 bonoribus
1578 1557 1731 1627 inflantur,
1761 1555 1835 1611 dum

117 1650 221 1702 tantur
233 1644 335 1702 robus.
353 1643 508 1718 Sequitur:
965 1663 987 1720 g
1005 1643 1095 1700 etiam
1110 1644 1134 1700 si
1150 1659 1212 1701 non
1225 1645 1347 1714 babent,
1364 1649 1518 1719 appetunt,
1534 1645 1598 1702 vias
1616 1647 1666 1700 Uei
1681 1645 1713 1700 in
1725 1643 1835 1714 cogita·

153 1735 238 1790 Vens.
254 1736 280 1790 8.
295 1733 400 1790 Semen
414 1747 517 1790 eornm
526 1739 793 1804 perniunctceram
808 1735 858 1792 eie.
869 1765 903 1775 -
916 1735 949 1790 ln
1006 1732 1084 1790 tione
1100 1737 1306 1790 contemnunt.
1321 1733 1476 1808 Sequitur:

118 1825 282 1893 augmento
295 1835 415 1892 magnae
430 1820 586 1890 felicitatis,
598 1837 668 1878 cum
681 1837 794 1893 magno
808 1822 951 1895 patrimo-
1040 1823 1129 1879 Vens.
1152 1827 1194 1878 iti.
1210 1822 1281 1890 Onia
1293 1828 1337 1880 eat
1349 1823 1540 1894 Omnipotens
1554 1826 1588 1876 nt
1604 1819 1769 1878 ιονυίαιιιιιι
1783 1819 1811 1876 ci
1819 1817 1834 1874 t

117 1911 169 1968 nic
181 1911 293 1968 dantur
307 1913 336 1967 et
349 1910 493 1967 heredes.
510 1913 551 1966 Ac
563 1925 601 1966 ne
613 1925 676 1983 qua
689 1909 852 1967 necessitas
877 1913 951 1966 tem·
1005 1941 1039 1951 -
1052 1911 1131 1967 llens
1158 1909 1240 1966 enim
1259 1909 1390 1967 bominis
1404 1909 1482 1967 male
1501 1908 1630 1966 exterius
1652 1906 1731 1978 lusa,
1746 1905 1789 1962 aie
1802 1905 1834 1962 in

117 2000 200 2075 poris
211 1999 364 2057 saltemab
376 1997 471 2055 ooubs
484 1997 643 2054 subtrahet
654 2013 717 2066 eos,
728 1998 759 2054 in
769 1997 881 2071 quibus
891 1997 953 2054 ani·
1005 1998 1096 2056 rebus
1117 1998 1269 2074 corporeis
1283 2015 1390 2074 sparsa
1408 2003 1464 2063 est,
1479 2003 1514 2056 ut
1526 2012 1625 2072 neque
1638 1996 1678 2054 ed
1694 1995 1834 2067 semetip-

118 2105 189 2145 mus
208 2087 351 2158 exsatiet,
375 2086 526 2160 sequitur:
548 2087 793 2158 Propinquorum
815 2087 906 2143 turbo
924 2091 952 2142 ct
1007 2103 1073 2145 sam
1087 2087 1167 2146 intus
1180 2087 1313 2156 redeant,
1327 2103 1426 2163 neque
1441 2104 1521 2155 eum,
1536 2086 1589 2161 qui
1607 2089 1653 2142 est
1665 2082 1832 2152 muisibilis,

118 2182 262 2248 nepotum
276 2177 308 2233 in
323 2180 482 2244 conspecta
505 2189 617 2232 eornm.
633 2205 669 2216 —
684 2177 759 2231 Ecce
780 2173 866 2231 adeat
880 2173 951 2244 vita,
1007 2175 1137 2246 cogitme
1156 2174 1294 2234 sufficiat.
1311 2175 1396 2233 Unde
1412 2175 1466 2233 viri
1491 2174 1626 2233 carnales
1643 2175 1731 2246 jussa
1747 2171 1834 2246 spiri·

117 2263 232 2320 adsunt
258 2264 391 2321 honores
418 2266 447 2318 et
471 2261 590 2334 divitie,
615 2261 727 2319 adsunt
748 2260 811 2329 lilii,
841 2261 953 2318 adsunt
1007 2263 1077 2322 talia
1100 2268 1325 2344 contemnentes
1346 2265 1451 2336 Deum,
1469 2264 1541 2338 quia
1561 2261 1752 2336 corporaliter
1772 2275 1835 2317 non

117 2356 253 2426 nepotes.
271 2351 428 2426 Sequitur:
1005 2353 1117 2422 vident,
1141 2353 1326 2427 quandoque
1342 2353 1383 2411 ad
1402 2354 1459 2410 hoc
1485 2351 1674 2426 perveniunt,
1694 2353 1728 2406 ut
1745 2348 1836 2406 etiarn

154 2444 237 2498 Vm·
251 2441 392 2498 illorum
406 2455 509 2498 eorum
527 2453 640 2497 tetum
653 2445 724 2496 tunt
737 2444 766 2496 et
778 2443 905 2508 pacate,
922 2445 950 2497 et
1005 2457 1068 2500 non
1083 2457 1148 2500 esse
1162 2442 1361 2517 suspicentur.
1379 2441 1462 2500 Unde
1477 2440 1623 2514 seriptum
1641 2442 1685 2496 est
1703 2454 1710 2493 :
1730 2436 1837 2494 «uixit
1910 2515 1912 2522 Α

118 2531 272 2603 oirgoDei
285 2545 345 2587 non
359 2535 403 2588 est
416 2543 507 2600 snper
520 2529 598 2586 ittos.
614 2559 651 2571 -
666 2530 784 2586 Securae
796 2532 825 2584 et
835 2532 950 2602 pacatae
1004 2530 1148 2605 insipiens
1163 2530 1194 2588 in
1214 2531 1304 2588 corde
1328 2547 1400 2588 suo:
1421 2533 1486 2587 Non
1505 2533 1550 2586 est
1568 2531 1644 2585 Uene
1665 2527 1757 2599 (Prot.
1771 2539 1834 2596 mu,

117 2625 197 2691 sunt,
207 2619 443 2695 quiapeceantes
452 2617 709 2689 vivuntlugenda
723 2621 826 2690 agunt,
838 2621 867 2674 et
878 2632 950 2689 gau·
1007 2621 1070 2689 1).»
1087 2620 1226 2694 sequitur
1242 2621 1302 2677 :Et
1314 2621 1388 2694 qnid
1409 2619 1493 2676 nobie
1505 2617 1638 2689 prodeat,
1662 2617 1690 2674 ei
1701 2613 1834 2674 crucem·

117 2711 237 2767 dianon
250 2709 432 2783 relinquunt,
442 2713 471 2766 et
481 2707 567 2779 virga
576 2723 629 2765 eos
639 2721 776 2780 supernae
783 2706 949 2780 discipline
1004 2725 1070 2768 unns
1082 2724 1148 2767 eum
1159 2713 1217 2766 t—
1233 2713 1307 2768 cum
1322 2711 1400 2767 Deus
1415 2708 1447 2766 in
1460 2708 1594 2766 oratione
1605 2706 1747 2774 lassatur,
1762 2703 1835 2778 quie

120 2815 183 2856 non
197 2797 333 2873 percutit.
346 2797 502 2872 Sequitur:
1005 2814 1075 2856 cum
1084 2797 1135 2855 iila
1148 2799 1280 2871 quisque
1289 2797 1422 2871 postulet
1434 2812 1503 2870 qua
1511 2795 1729 2867 iontessejuxta
1736 2789 1834 2850 oocril-

155 2891 231 2945 vens
247 2887 290 2945 iO.
306 2889 366 2946 Bos
381 2899 482 2944 eornm
504 2887 649 2956 concepit,
665 2890 692 2942 et
707 2899 767 2941 nen
786 2885 950 2956 [abortivit]
1005 2891 1070 2943 tum
1082 2886 1231 2958 judiciam
1242 2888 1320 2942 Ueus
1334 2884 1497 2942 retribuere
1504 2887 1632 2953 recuset,
1641 2882 1705 2955 ipae
1712 2895 1845 2954 quoque

117 2978 239 3046 obortit,
250 2991 344 3036 eecce
355 2977 484 3047 peren,
499 2981 526 3032 et
539 2990 600 3032 non
614 2979 658 3031 cst
669 2975 793 3044 privata
806 2975 872 3044 seta
886 2989 948 3030 ruo.
971 3011 992 3065 ο
1006 2975 1087 3032 venit
1105 2976 1136 3031 in
1149 2974 1280 3046 fastidio,
1296 2974 1349 3048 qui
1368 2989 1431 3030 non
1445 2972 1510 3029 vuit
1522 2972 1595 3029 dare
1609 2970 1693 3044 quod
1705 2972 1833 3026 amatia.

118 3099 154 3108 —
168 3065 305 3138 vulgaris
317 3063 476 3122 locutionis
490 3067 545 3134 est,
559 3067 592 3119 ut
604 3063 716 3120 bovem
729 3061 911 3130 masculum,
924 3067 953 3118 et
1008 3065 1076 3122 Sese
1098 3063 1196 3134 magis
1218 3062 1362 3120 [lominus
1382 3077 1477 3135 quam
1492 3075 1529 3117 ea
1541 3075 1611 3133 quaa
1625 3057 1760 3115 condidit
1773 3055 1836 3113 malt

116 3171 242 3213 vaccam
274 3153 429 3222 feminam,
458 3151 511 3210 aed
537 3151 711 3209 litteraturas
734 3150 845 3208 locutio
871 3165 952 3207 com·
1007 3153 1235 3220 amartetema
1247 3150 1454 3225 potiusquam
1467 3153 1583 3206 terrena
1597 3143 1751 3220 poeniteri,
1761 3143 1838 3200 deut

118 3245 220 3302 munis
243 3242 360 3316 generis
387 3241 528 3315 appellet.
549 3241 632 3298 Unde
651 3255 733 3300 nuno
752 3239 869 3297 dicitur.
892 3241 952 3297 Bos
1007 3241 1223 3316 scriptumest:
1240 3239 1390 3308 «Quaerite
1401 3253 1530 3310 regnum
1543 3236 1604 3300 Dei,
1619 3238 1649 3292 et
1661 3231 1837 3291 haecomnia

118 3350 221 3392 eornm
246 3333 391 3403 concepit,
407 3337 435 3389 et
451 3347 511 3388 non
535 3331 687 3396 abortivit,
711 3328 878 3403 etreliqua.
894 3331 952 3386 Uo·
1008 3329 1281 3405 adjicienturvobis
1291 3329 1412 3402 (liniti.
1425 3343 1466 3394 vr,
1480 3330 1536 3392 ³³).
1553 3349 1568 3378 ιι
1582 3323 1737 3398 Sequitur:

118 3424 221 3482 minus
240 3437 366 3494 gregum
381 3419 614 3495 primaielicitas
627 3421 681 3488 est,
693 3422 717 3475 si
731 3433 803 3490 grex
816 3417 952 3476 sterilita-
1042 3424 1128 3478 vens.
1151 3420 1192 3477 le.
1214 3421 1423 3478 Verumtamen
1438 3419 1584 3491 quianon
1603 3419 1674 3472 sunt
1691 3414 1724 3469 in
1743 3426 1836 3469 menn

119 3514 180 3568 tem
203 3525 266 3568 non
279 3509 407 3580 babens,
428 3507 575 3583 concipit;
599 3507 733 3566 secunda
748 3507 773 3564 si
788 3510 952 3580 conceptus
1007 3527 1109 3569 eorum
1126 3511 1203 3567 bone
1223 3523 1289 3579 ene,
1305 3509 1463 3566 consitium
1483 3507 1643 3578 impioram
1659 3504 1748 3574 tange
1765 3501 1837 3558 site

118 3600 160 3657 ad
173 3605 294 3673 partum
309 3599 408 3668 venit:
429 3599 515 3656 tertia
527 3613 598 3656 vero
617 3597 642 3654 si
662 3598 730 3664 boc.
743 3596 827 3670 quod
848 3602 952 3670 pertu—
1007 3611 1104 3654 rne-
1118 3597 1200 3652 Bone
1213 3593 1245 3652 in
1258 3607 1354 3651 manu
1367 3593 1468 3662 babet,
1484 3591 1537 3665 qui
1550 3585 1746 3662 despiciendo
1761 3590 1836 3643 tem·

118 3689 210 3746 ritum
224 3693 278 3760 est,
294 3705 348 3762 per
361 3689 544 3746 nubimenta
563 3687 602 3745 ad
621 3687 789 3761 proiectum
813 3686 951 3743 ducatur.
1007 3685 1123 3760 poralia
1138 3683 1196 3742 sub
1209 3683 1344 3742 dominio
1358 3682 1467 3740 mentis
1481 3681 1600 3756 premit,
1611 3693 1684 3736 nam
1698 3674 1836 3751 quisquis

121 3779 156 3835 Ut
188 3791 260 3849 ergo
288 3781 350 3834 tota
383 3776 473 3832 simul
502 3776 613 3833 adesse
637 3774 737 3848 impiis
767 3773 954 3830 demonstret
1008 3791 1045 3832 ea
1059 3773 1182 3831 minime
1192 3772 1296 3844 diligit,
1312 3772 1451 3843 semagis
1461 3770 1517 3827 illis
1527 3785 1622 3842 quam
1633 3766 1692 3824 sibi
1703 3765 1755 3822 illa
1768 3778 1837 3837 sup-

119 3881 227 3924 eorum
253 3881 360 3938 greges
381 3864 489 3921 beatus
516 3863 572 3920 tob
598 3863 705 3920 asserit
725 3861 909 3934 concepisse,
926 3866 953 3916 et
1008 3864 1102 3936 ponit.
1118 3861 1330 3933 Qriidnamque
1345 3865 1389 3916 est
1402 3859 1575 3931 iniquorum
1590 3854 1760 3921 consilium,
1780 3852 1838 3908 niai

115 3971 181 4013 non
191 3954 373 4022 orbertiisse,
387 3952 539 4026 peperisse
552 3957 581 4008 et
594 3951 656 4008 ietu
668 3950 792 4024 proprio
807 3965 869 4006 non
889 3965 953 4006 esse
1009 3957 1158 4008 terrenam
1170 3949 1297 4020 gloriam
1310 3962 1453 4021 querere,
1467 3950 1611 4002 eternam
1625 3942 1775 4013 negligere
1790 3953 1837 3997 sa-

118 4045 267 4120 privatos.
1008 4037 1316 4111 lutem,temporalem
1326 4051 1396 4092 cum
1416 4035 1530 4092 damno
1540 4031 1670 4088 interiori
1686 4032 1837 4102 appetere,

157 4136 243 4189 vens.
270 4135 313 4188 lt.
341 4130 550 4202 Eprediantnr
579 4128 665 4200 qnasi
691 4141 794 4198 greges
832 4126 957 4196 porculi
1009 4135 1038 4187 et
1050 4130 1170 4187 dolores
1181 4125 1551 4186 transitoriosadaeternos
1564 4120 1693 4192 gemitus
1702 4133 1839 4175 mmmu·

119 4236 234 4288 torum,
250 4224 279 4278 tt
306 4219 438 4289 insontes
462 4231 563 4275 eorem
587 4216 743 4274 multant
774 4213 955 4270 laniena-
1010 4215 1097 4276 tare?
1112 4214 1164 4270 Vir
1189 4213 1280 4284 igitur
1303 4213 1435 4278 sanctus,
1450 4209 1506 4266 has
1526 4206 1701 4280 iniquorum
1725 4201 1838 4272 eogita-

120 4313 225 4384 ipsum
236 4305 626 4383 quoquemtantnmlnsum
638 4303 771 4361 indomo
781 4302 955 4376 iniquorum
1010 4307 1105 4364 tiones
1117 4304 1248 4374 intuens,
1264 4303 1440 4374 aspernetur
1450 4302 1479 4356 et
1492 4297 1588 4355 meat:
1605 4295 1772 4353 eonsilium
1783 4287 1838 4350 im-

121 4415 161 4456 na
174 4398 265 4456 vilem
278 4396 365 4455 valde
380 4411 445 4454 esse
457 4395 659 4464 crederemus,
671 4391 860 4463 subjungens
876 4390 935 4448 ait:
973 4362 995 4418 ὓ
1008 4398 1129 4468 piorum
1144 4395 1232 4465 conoe
1244 4392 1314 4448 sita
1328 4403 1383 4446 me.
1401 4387 1556 4462 seqnitur:

160 4490 242 4545 Vens.
271 4491 314 4546 te.
347 4487 458 4544 Tenent
482 4489 660 4556 tympanum
689 4487 717 4540 et
744 4481 955 4546 dilacerant
1046 4482 1186 4536 versit.
1203 4475 1321 4544 Quoties
1334 4470 1838 4543 incemoeornmeertingnitnr.-—

122 4578 257 4650 pendent
270 4577 312 4634 ad
324 4577 454 4633 connum
469 4575 588 4646 menni.
604 4577 645 4629 Ae
660 4571 685 4628 si
699 4575 836 4645 patenter
854 4570 953 4626 dicat:
1011 4575 1094 4645 sepe
1108 4567 1220 4642 impius
1232 4567 1264 4624 in
1285 4565 1384 4622 lucem
1403 4580 1491 4622 snam
1511 4562 1640 4620 estimat
1655 4559 1787 4618 fitiorum
1796 4559 1840 4615 ri·

125 4669 199 4724 Cum
213 4665 330 4724 Domini
351 4663 519 4722 bonoribus
537 4667 566 4719 et
579 4661 670 4720 rebus
685 4663 810 4732 tument,
830 4659 956 4730 subjecti
1010 4667 1071 4718 tam
1088 4658 1141 4716 sed
1155 4673 1226 4713 cum
1240 4653 1391 4726 filius,{qui
1404 4653 1493 4710 nimis
1503 4656 1633 4719 amatur,
1643 4647 1838 4714 subrahitur,

123 4756 247 4813 ludicris
256 4755 373 4813 actibus
384 4753 527 4825 gaudent.
546 4752 699 4826 Sequitur:
1009 4749 1132 4804 lucerna
1142 4743 1238 4818 impii,
1251 4757 1319 4816 quar
1335 4739 1504 4807 videbatur,
1519 4739 1665 4796 exsdncta
1679 4740 1733 4793 est.
1756 4736 1840 4807 seps

161 4843 248 4900 Vena.
261 4846 304 4900 it.
320 4843 441 4900 Ducunt
452 4842 485 4898 in
500 4841 583 4898 tonis
591 4840 654 4898 dies
664 4854 743 4908 snos,
754 4844 781 4896 ct
795 4839 828 4894 tn
841 4843 955 4908 puncto
1010 4836 1122 4909 impius
1135 4830 1293 4908 praesentis
1302 4827 1426 4886 honoris
1436 4826 1565 4899 gloriam
1578 4826 1734 4884 lucernam
1743 4826 1839 4898 putat,

124 4933 166 4991 od
178 4933 303 5004 inferno
316 4930 556 4990 decernant-
585 4931 669 5000 Ecce,
682 4927 768 4985 beate
781 4926 834 4988 vir,
849 4941 955 4984 eornm
1011 4925 1065 4982 sed
1088 4923 1163 4980 dum
1187 4919 1307 4978 sublata
1330 4916 1473 4988 dignitate
1493 4915 1641 4988 dejicitur,
1655 4913 1779 4973 lucerna
1792 4929 1841 4972 ex·
1895 4977 1899 4984 ι

125 5020 238 5093 gaudia
262 5019 315 5078 diu
343 5033 533 5090 narraveras,
558 5016 715 5092 quomodo
740 5031 821 5072 nunc
844 5014 955 5072 asseris
1011 5014 1102 5071 tincta
1112 5015 1165 5080 est,
1181 5025 1250 5084 que
1265 5009 1291 5065 ei
1304 5007 1390 5080 juxta
1405 5004 1588 5064 desiderium
1601 5003 1731 5064 lucebat.
1740 5004 1841 5078 Sequi·

125 5111 209 5184 quod
222 5109 254 5167 in
272 5113 386 5185 puncto
399 5108 439 5167 ad
452 5105 775 5173 iniemedescendant,
800 5103 857 5160 nisi
872 5103 956 5178 quod
1012 5108 1075 5160 tur:
1091 5103 1131 5158 lii
1144 5099 1331 5170 enemente:
1345 5097 1386 5154 eis
1401 5095 1569 5160 inundatio,
1586 5101 1614 5153 et
1633 5095 1750 5153 dobree
1763 5093 1840 5149 divi·

126 5197 395 5271 omnislongitudo
411 5196 554 5272 temporis
574 5195 642 5254 vitae
656 5192 812 5270 presentis
826 5197 957 5266 punctus
1012 5192 1061 5248 det
1082 5189 1199 5262 sarmit
1226 5189 1283 5244 ani.
1300 5217 1335 5227 -
1356 5183 1516 5242 inundatio
1536 5183 1636 5258 impiis
1657 5177 1839 5274 supervenit,

125 5303 191 5345 esse
204 5286 404 5360 cognoscitur,
419 5301 489 5344 eum
501 5285 561 5342 ilne
579 5267 778 5342 terminaturi
799 5282 831 5337 ln
844 5284 956 5354 puncto
1012 5295 1082 5336 oum
1096 5277 1236 5335 dolorum
1250 5275 1359 5332 fluctus
1374 5290 1410 5332 ex
1422 5273 1525 5347 aliqua
1534 5271 1714 5330 adversitate
1724 5268 1841 5338 patiun-

126 5376 207 5432 enim
222 5375 323 5434 stilum
339 5375 483 5449 ponimus
506 5377 536 5430 et
556 5372 703 5430 levamus.
716 5369 807 5438 Quasi
834 5383 905 5438 ergo
926 5369 957 5425 in
1011 5375 1068 5426 tur.
1085 5369 1163 5424 Bene
1173 5369 1274 5423 autem
1284 5363 1392 5422 dicitur
1403 5379 1409 5418 :
1419 5363 1458 5418 lit
1471 5363 1588 5418 dotores
1600 5355 1713 5414 dividet
1725 5353 1841 5422 furoris

127 5469 240 5538 puncto
255 5465 348 5524 vitam
362 5463 465 5533 tetigit,
480 5463 553 5535 quie
565 5461 646 5518 hunc
661 5459 777 5534 accepit
791 5463 819 5514 et
847 5457 955 5515 emisit
1011 5459 1059 5516 aui
1073 5457 1125 5530 qui
1137 5455 1217 5513 enim
1230 5457 1357 5510 aeternos
1369 5445 1590 5516 doloresimpio
1605 5456 1659 5540 per
1671 5438 1841 5541 retributio-

127 5557 226 5612 i’otest
238 5555 271 5612 in
285 5557 398 5629 puncto
418 5552 476 5609 hoo
491 5565 612 5624 quoque
627 5549 760 5622 intelligi,
773 5547 858 5624 quod
877 5563 958 5622 serpe
1011 5562 1083 5604 nem
1095 5549 1203 5616 serrat,
1219 5547 1248 5600 et
1262 5539 1426 5615 aliquando
1441 5537 1653 5630 mentemerus
1664 5533 1755 5587 ettam
1769 5532 1842 5628 tem·

126 5643 168 5712 bi,
185 5643 238 5716 qui
253 5643 304 5701 diu
317 5643 348 5702 in
359 5639 515 5716 iniquitate
526 5637 640 5696 tolerati
654 5643 733 5708 sunt,
750 5637 849 5696 subita
863 5640 958 5695 morte
1013 5633 1109 5709 porali
1122 5632 1226 5691 dolore
1236 5625 1548 5692 transverberarent:
1557 5617 1735 5692 brequoqne
1744 5615 1840 5674 etrlln
