4120 6154
252 113 306 172 ees
779 103 808 160 s.
829 100 962 159 onorus
980 92 1128 156 uaeris
1147 55 1441 156 censuerusrsrr
1647 59 1652 72 ’
1904 93 1965 150 aaa

253 233 399 308 gentilitas
411 229 657 302 designaturus
669 241 732 300 qua
743 241 797 299 per
810 224 990 298 Prophetam
1004 219 1076 277 dici-
1096 219 1121 276 Α
1134 218 1216 274 strat.
1231 214 1298 285 Sed,
1312 216 1385 273 dum
1398 214 1483 290 pulli,
1496 217 1530 272 ut
1542 212 1705 282 salventur,
1719 211 1863 283 clament,
1874 227 1966 278 corvo

251 328 319 381 turs
335 321 416 388 «Qui
430 319 482 376 dat
499 317 645 390 jumentis
670 331 771 374 eseam
786 315 933 388 ipsorum,
948 308 1078 382 etpullis
1133 319 1202 360 esea
1215 309 1413 379 praeparatur,
1429 303 1502 378 quia
1513 302 1588 360 dum
1611 302 1740 360 verbum
1761 300 1898 358 lteiboui
1912 318 1966 360 au-

252 425 421 478 corvorum,
431 429 446 459 »
459 411 488 464 et
500 405 616 479 reliqua
629 404 725 477 (Psut.
740 402 887 474 oxum-9).
904 405 959 460 lstc
971 414 1079 456 corvus
1132 391 1242 450 ditores
1257 392 1404 463 esuriunt,
1419 389 1613 466 proficiendis
1637 389 1680 448 eis
1698 390 1817 464 majora
1836 389 1967 448 doctori·

250 515 323 558 esca
347 498 413 565 luit,
430 496 509 552 dum
535 495 635 567 ipsam
662 492 824 549 Ecclesiam
846 490 1001 564 quaereret,
1026 485 1079 542 sed
1132 479 1190 536 bus
1205 481 1405 552 mteuigentia
1420 481 1502 538 dona
1517 479 1697 538 tribuuntur.
1715 479 1877 553 sequitur:

251 605 333 647 nunc
348 603 449 645 escam
475 581 593 656 accipit,
608 582 681 655 quie
700 581 766 652 ipse
788 579 829 636 ad
852 575 1079 636 conversionem
1414 569 1534 628 CAPUT
1553 569 1684 626 xxxix.

250 679 326 737 alios
347 675 486 750 exquirit,
500 673 586 744 cujus
601 669 737 727 videlicet
749 668 832 743 pulli,
847 667 879 724 id
902 671 958 736 esi,
972 663 1079 739 proedi·
1167 660 1253 716 VERS·
1272 664 1295 716 ¹·
1307 659 1452 732 quuid
1470 660 1550 716 ”⁰⁸²5
1571 664 1687 728 ‘emilii'
1704 657 1846 728 partibus
1859 657 1967 715 ibicum

251 773 368 828 setores
379 782 415 823 er
430 780 467 822 eo
480 762 561 831 editi,
569 761 669 818 nonin
680 776 712 816 se
724 761 919 834 praesumunt,
931 755 984 812 sed
994 754 1079 811 invi-
1133 747 1164 802 in
1185 749 1291 818 petris,
1307 749 1355 805 uel
1377 749 1584 819 pertenentes
1607 762 1710 805 cervus
1733 745 1920 804 observasti?
1934 778 1969 787 -

251 857 335 914 ribus
350 849 557 925 Redemptoris
569 849 633 917 sui;
649 851 678 905 et
692 847 831 920 quamvis
841 845 1012 902 animarum
1022 841 1079 915 piis
1134 835 1294 894 licridiana
1307 853 1379 910 pars
1393 836 1486 894 ibices
1501 852 1572 914 aves
1586 841 1683 906 vocat,
1699 853 1767 910 quoe
1787 835 1842 894 Nili
1855 835 1969 892 fluenta

252 943 379 1002 vocibus
406 939 548 1009 esuriant,
564 937 637 994 nihil
662 941 762 992 tamen
784 950 840 990 sua
863 933 970 990 virtute
989 945 1080 1004 posse
1132 923 1309 982 inhabitant.
1327 925 1482 983 orientalis
1496 942 1568 983 vero
1589 925 1847 1000 occidentalisque
1865 925 1970 1000 plaga,

253 1034 366 1092 sciunt:
388 1052 402 1083 ι(
416 1029 491 1094 Quia
501 1042 602 1100 neque
625 1025 678 1098 qui
692 1025 808 1099 plantat
821 1027 865 1080 est
889 1021 1014 1096 aliquid,
1026 1036 1079 1077 ne·
1133 1028 1228 1086 parva
1241 1015 1452 1088 quadrupedia
1465 1015 1559 1072 ibices
1569 1014 1858 1089 nominant,quibus
1867 1019 1896 1071 et
1906 1031 1971 1070 mo

253 1138 312 1196 qu,
335 1118 497 1194 quirigat,
522 1115 575 1170 sed
598 1113 649 1186 qm·
678 1113 897 1170 incrementum
923 1108 985 1176 dat,
1003 1111 1079 1165 Deus
1133 1101 1174 1157 ris
1189 1102 1277 1159 estin
1291 1103 1382 1176 petris
1408 1119 1524 1176 parere,
1539 1103 1592 1177 qui
1615 1119 1689 1160 casu
1708 1107 1839 1167 ruentes,
1855 1104 1920 1160 suis
1937 1119 1970 1158 se

253 1211 282 1284 (I
290 1211 359 1268 Cor.
375 1203 641 1277 111,7).»Sequitur:
650 1202 797 1272 vagantes
812 1215 844 1256 eo
858 1199 939 1270 quod
951 1213 1011 1254 non
1025 1196 1079 1254 ba·
1134 1191 1275 1248 cornibus
1289 1191 1373 1250 illaesi
1389 1192 1565 1266 suscipiunt.
1578 1193 1742 1250 cervorum
1755 1209 1828 1250 vero
1842 1208 1912 1249 mos
1927 1197 1971 1249 est

252 1299 341 1356 beant
361 1295 449 1352 cibos.
463 1324 498 1334 -
520 1295 553 1348 ln
573 1291 631 1346 hae
644 1287 804 1358 vagatione
819 1286 861 1342 nil
881 1285 963 1343 aliud
986 1301 1080 1359 quam
1135 1285 1288 1352 serpentes
1296 1281 1534 1352 exstinguerem
1547 1281 1675 1339 tlumina
1688 1286 1879 1340 transeuntes
1889 1282 1971 1355 eapi-

251 1383 441 1443 aestuantium
449 1379 680 1456 praedicatorum
690 1381 761 1434 vota
771 1374 996 1447 signantur,qui
1006 1373 1080 1430 dum
1134 1371 1199 1424 tum
1213 1384 1307 1427 onera
1320 1369 1452 1428 vicissim
1476 1369 1561 1426 ferre.
1578 1371 1611 1426 ln
1626 1370 1722 1428 cerus
1734 1361 1806 1428 vero
1821 1370 1870 1428 vel
1884 1370 1969 1426 ibici-

250 1475 283 1533 in
294 1472 434 1532 Ecclesiae
451 1470 551 1527 sinum
565 1467 696 1540 recipere
710 1464 840 1539 populos
855 1463 1001 1531 ambiunt,
1018 1477 1081 1518 ma·
1134 1457 1202 1528 bus,
1218 1458 1434 1528 magistrorum
1449 1459 1648 1534 spiritualium
1671 1475 1801 1534 persona
1819 1459 1968 1532 signatur,

251 1577 312 1635 gno
324 1561 431 1618 ardore
445 1555 593 1626 succensi,
609 1569 691 1611 nune
702 1559 705 1566 '
715 1553 754 1610 ad
773 1569 839 1620 nos,
853 1567 935 1608 nunc
958 1550 997 1608 ad
1014 1549 1116 1620 illosg
1134 1546 1231 1620 quiin
1243 1548 1333 1619 petris
1348 1548 1480 1621 pariunt,
1490 1548 1565 1606 dum
1579 1549 1611 1606 in
1621 1549 1758 1607 doctrina
1773 1550 1970 1622 Patrum,qui

251 1645 435 1719 colligendos
464 1643 647 1702 desiderium
667 1641 797 1698 mittunt.
821 1640 912 1707 Quasi
938 1639 1080 1713 quaedam
1134 1639 1219 1708 petre
1232 1650 1288 1708 pro
1302 1635 1450 1694 soliditate
1470 1637 1567 1696 vocati
1581 1642 1661 1710 sunt,
1677 1637 1716 1696 ad
1741 1637 1969 1696 conversionem

251 1736 364 1812 quippe
381 1734 496 1806 vagatio
519 1736 564 1790 est
589 1730 857 1805 ipsacogitationis
872 1728 1017 1786 aestuatio.
1034 1728 1080 1785 Sic
1135 1723 1252 1780 animas
1275 1724 1410 1798 gignunt,
1426 1725 1485 1804 ipsi
1510 1725 1622 1783 nullius
1649 1741 1739 1784 casus
1760 1725 1876 1784 damna
1907 1743 1970 1783 sen·

251 1824 365 1898 quippe
392 1822 503 1879 Paulus
518 1820 644 1878 transire
667 1819 707 1876 ad
730 1817 789 1876 alia
810 1835 846 1874 ex
870 1817 935 1874 aliis
957 1815 1079 1890 appetit,
1134 1811 1221 1883 tiuut,
1235 1813 1307 1885 quia
1329 1813 1479 1888 quidquid
1501 1813 1544 1871 eis
1568 1815 1663 1871 ruinae
1683 1815 1857 1889 temporalis
1871 1831 1970 1872 acces·

252 1911 324 1986 quia
337 1911 403 1986 ipsa
418 1927 488 1967 eum
500 1925 568 1983 quoe
578 1907 682 1982 implet
692 1907 821 1964 charitas
831 1905 965 1980 impellit.
977 1908 1080 1962 lieten-
1134 1901 1214 1973 serit,
1239 1902 1366 1972 geminis
1392 1918 1424 1958 se
1450 1902 1481 1959 in
1509 1905 1704 1962 'testamentis
1727 1905 1907 1979 suscipiunt.
1929 1906 1968 1960 ue

252 2003 301 2058 tus
327 2000 447 2075 Ephesi,
467 1997 623 2056 Corinthiis
652 1995 771 2054 scribit:
795 1999 893 2052 «Ecce
916 1993 1001 2052 tertio
1023 1995 1080 2050 hoo
1134 1989 1245 2063 quibus
1257 1989 1365 2048 dicitur
1379 2010 1385 2048 :
1401 1991 1585 2050 «Cornuain
1600 1993 1742 2051 manibus
1756 1994 1821 2066 eJus
1837 1993 1965 2052 luccae

251 2093 375 2163 paratus
391 2104 459 2144 sum
473 2086 574 2143 venue
595 2085 634 2142 ad
649 2101 704 2142 vos
719 2085 765 2157 (ll
773 2085 842 2142 Cor.
855 2099 907 2152 ιιι,
923 2083 995 2156 til.»
1010 2085 1081 2138 liur-
1134 2096 1174 2148 ιιι,
1196 2081 1254 2152 4).ι
1284 2080 1334 2137 His
1361 2097 1391 2138 se
1420 2081 1587 2156 excipiebat
1611 2083 1753 2140 cornibus
1777 2083 1888 2142 Pardus
1921 2084 1965 2140 di-

251 2195 320 2235 sum
335 2178 443 2251 Ephesi
467 2190 669 2244 commorans,
684 2172 792 2231 Galatis
810 2171 944 2246 loquitur
957 2171 1078 2228 dicens:
1134 2183 1227 2226 cens:
1256 2191 1270 2220 ιι
1284 2170 1475 2244 Quaecunque
1502 2171 1614 2246 scripta
1651 2177 1736 2245 sunt,
1761 2172 1801 2230 ed
1833 2177 1967 2230 nostram

251 2265 389 2324 «Vellem
407 2264 500 2322 modo
519 2279 584 2320 esse
604 2261 688 2336 apud
708 2278 771 2330 ros,
787 2264 816 2318 et
838 2265 955 2317 mutare
975 2275 1080 2316 vocem
1134 2257 1303 2315 docuinam
1325 2259 1437 2333 scripta
1458 2264 1561 2332 sunt»
1580 2266 1635 2320 etc.
1659 2261 1754 2338 (liora.
1774 2261 1823 2330 iv,
1844 2264 1885 2329 4.)
1912 2263 1968 2337 tpa'

250 2371 351 2414 meam
366 2356 445 2428 (Get.
454 2371 492 2422 rr,
507 2357 581 2422 20).»
598 2353 699 2410 Potest
710 2349 799 2406 etiarn
810 2349 890 2406 corvi
901 2347 1024 2404 nomine
1034 2347 1079 2404 ni·
1134 2346 1224 2403 etiarn
1260 2347 1340 2404 cervi
1376 2348 1475 2405 vocati
1509 2353 1588 2406 sunt.
1629 2352 1663 2408 Ut
1698 2350 1773 2408 illud
1809 2352 1967 2409 Jeremiae:

251 2460 304 2515 gre
318 2459 372 2516 per
386 2441 568 2498 infidelitatis
589 2439 729 2495 meritum
749 2437 835 2510 plebs
859 2436 981 2494 iudaice
1002 2436 1079 2492 desi·
1135 2455 1149 2486 κ
1163 2437 1256 2492 Cerva
1278 2435 1309 2492 in
1330 2451 1403 2507 agro
1427 2438 1543 2511 peperit
1564 2443 1593 2495 et
1605 2437 1724 2513 reliquit
1738 2440 1810 2512 (ιον.
1827 2456 1887 2508 ιιι,
1903 2441 1942 2512 5).
1954 2463 1968 2490 »

251 2531 347 2602 gnari.
363 2530 437 2586 Pulli
460 2530 605 2586 nimirum
624 2526 718 2584 sancti
742 2525 870 2598 apostoli
890 2529 968 2596 sunt,
984 2524 1080 2598 plebis
1134 2523 1193 2596 lpsi
1219 2538 1302 2580 more
1327 2538 1484 2582 cervarum
1506 2525 1693 2599 interemptis
1708 2526 1787 2584 vitiis
1808 2527 1895 2602 quasi
1912 2543 1971 2584 ser·

251 2617 418 2675 israeliticas
434 2631 523 2672 earne
534 2614 682 2687 generati;
699 2612 840 2686 quidum
855 2617 1010 2686 progente
1025 2629 1080 2670 sua
1133 2613 1238 2685 pantes
1261 2611 1374 2686 vivunt,
1388 2617 1417 2670 et
1439 2614 1478 2671 ad
1502 2613 1617 2672 iontem
1639 2615 1706 2674 vitre
1729 2615 1833 2674 acrius
1847 2616 1969 2674 marde-

251 2705 292 2766 ad
305 2705 466 2764 Dominum
489 2719 593 2778 preces
607 2702 775 2771 tunderent,
790 2702 878 2776 quasi
890 2702 964 2776 pulli
978 2718 1080 2760 corvo-
1135 2703 1233 2756 scunt.
1248 2699 1320 2757 ltine
1334 2701 1478 2776 scriptum
1492 2708 1556 2761 est:
1578 2726 1592 2755 u
1601 2703 1682 2761 Sicut
1693 2720 1800 2762 cervus
1815 2703 1968 2762 desiderat

250 2811 319 2853 rum
345 2811 415 2852 eum
436 2794 474 2851 de
497 2809 559 2867 quo
583 2790 740 2849 carnaliter
765 2791 836 2848 editi
860 2796 930 2849 sunt
956 2791 1081 2865 spiritali
1135 2787 1175 2845 ad
1196 2789 1293 2846 tontes
1314 2807 1474 2864 aquarum,
1490 2799 1545 2850 etc.
1571 2793 1666 2862 (Psoi.
1683 2810 1740 2864 ιιι,
1757 2795 1794 2867 2.)
1811 2793 1869 2868 lpsi
1892 2794 1969 2850 dum

250 2883 443 2956 intelligentie
465 2885 621 2957 parentem
642 2880 790 2955 populum
814 2885 972 2954 paverunt.
989 2881 1081 2952 lgitur
1098 2874 1265 2962 elebantia
1278 2878 1370 2950 hujus
1382 2879 1608 2953 temporalitatis
1623 2882 1875 2956 momentaquasi
1885 2899 1969 2956 que-

250 2974 326 3032 dum
343 2974 692 3045 parliamentum
713 2985 782 3028 esca
796 2974 991 3044 praeparatur,
1008 2969 1080 3043 quia
1134 2964 1207 3022 dum
1230 2966 1357 3024 flumine
1385 2972 1540 3026 transcunt
1563 2971 1779 3044 compatientes
1809 2971 1967 3043 charitate,

249 3063 325 3121 dum
351 3061 479 3136 apostoli
499 3065 635 3130 exorant,
649 3059 735 3133 plebs
760 3059 878 3116 dudum
900 3059 1017 3134 perfida
1040 3061 1077 3117 ad
1134 3069 1227 3110 onera
1241 3071 1296 3112 sua
1305 3055 1434 3113 invicem
1446 3062 1576 3130 portant,
1588 3057 1747 3132 implentes
1759 3057 1968 3133 quoddictum

250 3151 452 3225 cognitionem
477 3149 548 3207 fidei
572 3148 701 3220 ducitur,
718 3153 747 3206 et
767 3165 804 3205 ex
817 3148 1029 3223 predicatione
1043 3149 1079 3205 fi·
1134 3145 1196 3200 est:
1214 3164 1229 3194 ι(
1240 3143 1371 3201 Invicem
1385 3159 1479 3202 onera
1488 3167 1502 3196 >v
1515 3151 1617 3204 vestra
1628 3169 1643 3198 s
1654 3153 1800 3221 portatu»
1815 3151 1871 3212 etc,
1883 3149 1966 3222 (Gal.

249 3241 368 3308 tiorum,
382 3241 457 3296 dum
478 3238 564 3295 Judae
581 3236 708 3294 audiens
722 3237 815 3294 modo
837 3238 868 3294 in
882 3237 979 3294 tribus
993 3237 1080 3294 milli·
1133 3245 1175 3302 vt,
1191 3233 1231 3304 2.)
1246 3233 1321 3300 Orda
1335 3249 1405 3291 vero
1419 3239 1487 3308 post
1506 3235 1671 3294 adventurn
1686 3237 1804 3294 Domini
1817 3237 1966 3311 spiritales

250 3329 400 3397 bastart.
416 3345 447 3396 n,
460 3329 518 3396 tl),
534 3325 626 3382 modo
651 3325 683 3382 in
701 3325 835 3400 quinque
849 3325 982 3382 millibus
998 3327 1077 3395 (Act.
1133 3321 1268 3392 magistri
1292 3338 1346 3396 per
1369 3323 1519 3381 mundum
1535 3325 1634 3398 sparsi
1649 3331 1729 3396 sunt,
1746 3330 1779 3383 ut
1802 3325 1922 3384 animas
1935 3329 1965 3384 in

249 3433 290 3490 ιι,
305 3414 505 3490 l),spirituali
523 3417 568 3472 est
592 3413 786 3485 intelligentia
807 3414 923 3471 satiata.
946 3415 1002 3472 Sed
1025 3432 1079 3474 ve·
1132 3409 1192 3468 fide
1204 3411 1399 3485 praedioundo
1417 3413 1539 3484 gignere
1562 3415 1742 3489 potuissent,
1757 3422 1786 3474 et
1799 3417 1873 3491 quie
1895 3423 1966 3476 tem

250 3509 355 3578 gentes
369 3503 444 3578 pulli
458 3518 549 3560 corvo
562 3502 632 3558 huic
656 3502 820 3558 esurientes
833 3502 1016 3575 quesierunt
1036 3520 1080 3561 es·
1133 3515 1191 3574 pus
1204 3500 1419 3559 incarnationis
1444 3503 1563 3562 Domini
1588 3509 1657 3562 ante
1675 3505 1895 3580 prophetarum
1917 3521 1964 3563 ro

250 3609 329 3666 eam,
355 3592 438 3667 quia,
461 3591 564 3649 ludaa
588 3591 707 3648 credere
728 3590 857 3663 nolente,
887 3592 1016 3665 apostoli
1047 3593 1080 3650 in
1133 3603 1183 3644 ees
1197 3588 1351 3659 cognitum
1363 3589 1504 3664 nonfuit,
1519 3592 1739 3666 quamvisipsa
1757 3591 1859 3652 futura
1871 3595 1964 3652 ineer-

249 3682 433 3754 universam,
448 3679 554 3738 mundi
568 3684 686 3754 partem
709 3679 838 3753 dispersi
853 3683 932 3750 sunt,
947 3679 1079 3739 dieentes
1132 3676 1214 3734 natio
1240 3677 1424 3750 praecognita
1451 3679 1592 3738 omnihus
1622 3679 1722 3740 electis
1752 3682 1855 3756 tuerit,
1888 3677 1962 3740 bene

249 3769 473 3829 resistentibus:
490 3790 505 3820 «
516 3767 605 3826 Vobis
617 3767 741 3842 quddam
755 3768 888 3843 primum
907 3773 1080 3843 oportuerat
1132 3765 1239 3824 beatus
1261 3765 1317 3824 lob
1343 3767 1381 3825 de
1397 3771 1531 3842 ternpore
1546 3773 1651 3846 partus
1664 3770 1789 3844 ibicum,
1804 3788 1961 3831 cervarum

248 3860 332 3935 loqui
344 3859 471 3917 verbum
487 3857 547 3928 Dei,
562 3857 617 3915 sed
637 3857 782 3932 quoniam
796 3857 936 3932 repellitis
950 3858 1035 3932 illud,
1051 3865 1079 3918 et
1133 3853 1297 3913 useuuur.
1313 3857 1443 3914 Possunt
1464 3873 1536 3916 vero
1562 3874 1720 3918 cervarum
1747 3859 1960 3932 significatione
2054 3853 2055 3862 ’

247 3949 388 4022 indignos
401 3965 455 4007 sos
467 3947 609 4021 judicatis
624 3952 741 4005 aterne
754 3948 833 4017 vitre,
848 3963 918 4006 ecce
936 3949 1079 4007 converti-
1132 3943 1280 4018 doctores,
1296 3945 1497 4020 appellatione
1519 3947 1633 4006 ibicum
1657 3949 1810 4008 auditores
1828 3949 1959 4023 intelligi.

247 4056 317 4097 mur
339 4039 379 4098 ad
402 4043 505 4111 gentes
530 4039 610 4108 (Act.
624 4054 685 4108 xru,
700 4039 781 4110 llll.»
803 4040 944 4112 Tuncque
968 4055 1076 4097 corvus
1133 4035 1166 4092 lu
1189 4035 1280 4110 petris
1294 4052 1366 4094 vero
1389 4029 1482 4094 ibices
1508 4037 1639 4112 pariunt,
1654 4039 1728 4113 quia
1742 4040 1781 4098 ed
1796 4042 1960 4100 exmeenda

247 4143 348 4186 eseam
362 4127 481 4196 invenit,
498 4127 571 4200 quia
584 4143 730 4184 conversa
754 4126 915 4198 gentilitate
932 4127 1075 4186 luduicus
1133 4127 1239 4182 sancta
1252 4141 1355 4199 opera,
1371 4141 1425 4200 per
1441 4127 1580 4202 exempla
1593 4132 1715 4186 Petrum
1729 4131 1960 4204 praecedentium
2053 4125 2054 4138 ¹

245 4215 378 4290 populus
393 4215 433 4273 ad
446 4219 614 4272 extremum
636 4214 790 4272 stultitiam
806 4230 868 4270 sua
894 4214 1075 4274 infidelitatis
1095 4213 1348 4318 Dleouudantur,
1378 4219 1411 4274 ut
1438 4232 1508 4273 eum
1543 4217 1669 4276 tortasse
1695 4225 1849 4295 praeapte
1873 4219 1959 4278 subli-

246 4304 402 4377 relinquet.
430 4302 510 4361 Sicut
532 4303 677 4376 seriptum
701 4307 754 4360 est.
777 4305 900 4362 «Donec
921 4303 1076 4378 plenitudo
1130 4302 1193 4360 mia
1221 4301 1358 4376 audiunt,
1391 4309 1419 4362 et
1460 4305 1639 4364 infirmitatis
1679 4308 1810 4382 propriu
1850 4309 1960 4367 conscii

243 4394 381 4465 gentium
405 4392 537 4460 intraret,
553 4397 582 4449 et
605 4392 648 4450 sie
676 4391 775 4450 omnis
800 4393 890 4451 lsrael
913 4393 1077 4455 sairruiiet
1129 4405 1182 4448 00³
1211 4390 1336 4465 implere
1368 4408 1459 4466 posse
1492 4393 1648 4465 diffidunt,
1677 4397 1830 4470 maiorum
1868 4399 1959 4456 vitan

247 4482 340 4555 (Rom.
354 4497 396 4553 n,
411 4485 457 4548 25,
471 4484 527 4550 tt).
542 4502 557 4532 ιι
582 4482 755 4538 llonsurrer.
772 4481 884 4538 corvin
901 4481 987 4541 editis
1011 4485 1076 4558 pul·
1128 4479 1329 4556 conspiciunt,
1356 4485 1446 4556 atque
1471 4483 1503 4540 in
1532 4499 1638 4542 eorum
1663 4484 1855 4544 considerata
1880 4487 1960 4544 torti·

244 4569 291 4642 lis,
316 4573 348 4628 ut
370 4569 472 4642 lertur,
496 4584 600 4626 escam
627 4567 715 4644 plene
740 4567 875 4642 prebere
894 4569 1073 4644 dissimulat,
1127 4569 1231 4628 tudine
1262 4569 1415 4629 bonorum
1451 4586 1579 4646 operum
1615 4573 1692 4631 tetus
1723 4579 1850 4648 ponant,
1877 4575 1959 4634 verbi

243 4659 422 4735 priusquam
438 4657 654 4734 plumescendo
678 4657 858 4730 nigrescant.
874 4661 987 4717 Corvus
1007 4677 1075 4735 pro
1127 4659 1241 4730 gratia:
1257 4659 1426 4718 Verborum
1448 4663 1636 4722 contumeliis
1659 4680 1793 4740 pressus,
1815 4683 1888 4724 curn
1901 4667 1957 4724 vir-

244 4747 321 4807 ieeto
351 4752 397 4807 est
424 4747 531 4806 doctus
558 4747 686 4822 quisque
718 4747 907 4822 predicator,
937 4754 1074 4825 peecato-
1127 4753 1220 4807 tutem
1247 4750 1398 4823 patientie
1426 4768 1542 4812 servare
1569 4771 1632 4812 non
1657 4754 1777 4828 suffieit,
1803 4757 1898 4816 llavid
1919 4757 1958 4816 u-

243 4851 313 4892 rum
345 4853 469 4894 suorum
499 4835 685 4908 nigredinem
717 4836 810 4894 menti
836 4837 994 4908 reducens,
1025 4839 1074 4897 cui
1127 4841 1208 4894 ctum
1233 4837 1273 4894 ad
1291 4839 1470 4898 memoriam
1495 4842 1627 4902 reducat
1649 4844 1848 4902 parturientes
1878 4845 1956 4902 enim

244 4923 368 4998 quidem
382 4929 547 4994 nascrmtur
569 4925 601 4981 in
621 4924 681 4982 flde
705 4925 862 5000 discipuli;
880 4926 935 4984 sed
948 4927 1073 4986 tortasse
1126 4941 1232 4983 cervas
1259 4926 1420 4986 observare
1441 4935 1496 4994 est,
1511 4931 1594 5006 ipsos
1616 4933 1735 4992 labores
1758 4937 1893 5003 Petrum.
1908 4933 1956 5008 qui

243 5012 318 5071 dum
343 5029 363 5071 a
385 5012 516 5086 maeatis
539 5013 695 5087 praeteritis
722 5014 901 5072 memoriam
925 5020 1071 5088 avertunt,
1125 5013 1272 5088 spiritales
1297 5015 1375 5076 tilios
1401 5026 1578 5092 genuerant,
1606 5030 1695 5082 cauta
1716 5023 1955 5083 consideratione
2051 5069 2052 5090 ,

242 5100 419 5162 humilitatis
446 5099 634 5173 nigredinem
671 5115 733 5160 non
761 5101 931 5176 ostendunt,
959 5103 1072 5177 quibus
1120 5118 1261 5178 pensare.
1279 5107 1372 5165 Cauta
1386 5107 1498 5184 quippe
1515 5126 1547 5170 se
1560 5109 1770 5171 observatione
1785 5111 1955 5186 circumspi

243 5190 391 5250 discretus
417 5188 523 5246 doctor
559 5187 701 5248 sublimia
726 5188 839 5248 discere
868 5191 1071 5264 quaerentibus
1125 5192 1217 5266 ciunt,
1233 5198 1266 5252 ut
1280 5195 1340 5254 sint
1363 5196 1453 5256 tortas
1472 5197 1505 5256 in
1523 5202 1681 5276 preceptis
1695 5203 1913 5278 compatientes
1927 5202 1955 5258 in

241 5278 360 5337 tauma
382 5275 527 5350 mysteria
548 5291 610 5333 non
633 5275 789 5334 ministrat.
807 5277 836 5336 Si
852 5293 924 5336 vero
947 5277 979 5336 in
1002 5295 1072 5337 oon-
1123 5280 1358 5350 infirmitatibus.
1372 5286 1404 5344 in
1425 5286 1516 5344 minis
1529 5289 1685 5365 terribiles,
1699 5291 1731 5348 in
1746 5289 1956 5350 exhortationi·

242 5366 373 5426 lessione
397 5366 466 5426 sitae
501 5364 654 5440 preterita
693 5364 827 5424 lamenta
863 5367 910 5424 sui
942 5368 1071 5438 gemitus
1122 5369 1181 5430 bus
1194 5369 1308 5430 blandi.
1323 5375 1379 5442 Qui
1389 5380 1586 5452 porrigerem
1598 5379 1764 5456 disciplinae
1776 5383 1957 5440 Patressunt
2050 5395 2051 5400 ¹

242 5455 322 5514 vlut
332 5457 536 5527 nigrescentes
550 5455 671 5530 plumas
684 5453 845 5528 proferant,
853 5454 931 5512 illico
941 5445 1071 5514 esurien-
1124 5476 1175 5532 per
1200 5461 1317 5534 pietatis
1347 5463 1460 5524 viscera
1487 5483 1552 5526 esse
1576 5473 1688 5528 matres
1707 5475 1868 5540 novenrnt,
1885 5469 1954 5544 quia

243 5542 322 5602 tibus
344 5543 499 5622 discipulis
519 5545 661 5606 umente
677 5543 744 5624 vita
758 5543 910 5620 loquendo
925 5543 1069 5617 submini-
1123 5549 1241 5610 labores
1252 5559 1362 5612 smera
1375 5557 1580 5632 conceptionis
1591 5557 1728 5632 tolerant,
1736 5564 1765 5620 et
1775 5558 1956 5646 proferendo
