4106 6148
284 121 337 178 U
969 113 1118 176 aarum
1133 114 1244 176 ssl’dl
1256 118 1296 174 tl.
1901 132 1938 194 roo

285 241 423 300 animum
438 236 1112 310 almerus.presertimtsnusponttfictnus,
1131 239 1245 298 APetri
1258 239 1618 314 apostolorumprinoipie
1634 239 1813 312 mmmmm,
1823 249 1937 308 starola

284 327 487 392 relutevulsis
504 326 713 383 sustentaculis
724 342 914 390 castuauon
926 327 1114 395 sinemagao
1169 327 1376 402 piscoprmur,
1390 335 1419 388 et
1431 329 1464 386 in
1478 329 1598 388 culmen
1611 331 1850 404 metropolitanum
1873 338 1937 396 subli-

285 417 418 490 maculo
431 421 460 474 et
473 415 585 486 rigoris
599 415 645 472 sui
656 415 833 474 detrimento
849 432 867 472 a
885 415 1011 490 proprio
1036 419 1114 474 statu
1166 433 1296 488 mamus,
1313 424 1341 478 et
1356 419 1512 492 privilegia
1525 419 1614 479 nobis
1625 421 1790 482 ramasse
1799 439 1879 480 manu
1890 442 1936 498 pro

285 505 462 563 cencuhtur.
480 507 606 577 Insuper
618 505 711 564 etiam
726 505 800 562 dum
825 505 936 562 deforis
956 504 1032 560 inter
1060 521 1114 560 vos
1167 507 1233 580 pria
1247 509 1403 566 munimus
1418 513 1446 564 et
1459 507 1699 578 corroboramus,
1713 525 1745 569 ac
1766 515 1823 569 rata
1842 528 1893 571 esse
1906 516 1937 575 iit·

284 610 340 667 pro
351 594 436 668 pallii
449 593 954 665 honarepentinaciterhujusmodi
964 593 1114 652 comendo
1167 610 1299 664 mamus,
1320 595 1481 668 denuoque
1497 594 1546 651 tibi
1557 594 1682 668 pallium
1692 611 1756 654 eum
1769 599 1937 672 preseutipre

284 689 437 742 exercetur
447 701 459 740 1:
472 684 576 754 agitur
588 683 665 740 utin
675 683 807 740 fraterna
818 683 1010 742 emulatione
1023 683 1114 740 decor
1167 687 1253 756 cepto
1267 684 1434 743 sectrndum
1450 701 1541 742 usum
1553 683 1636 758 prius
1663 701 1834 754 conoessum,
1854 704 1937 748 succa

283 771 443 829 mcerdotii
452 772 535 829 intus
549 763 721 828 evacuetur.
1167 773 1345 846 scribasque
1358 773 1417 829 tuis
1430 773 1577 846 perpetim
1592 773 1749 830 urendum
1767 774 1896 833 tradimus.
1914 779 1937 836 u-

316 860 391 916 ·lnde
404 875 486 930 ergo,
501 859 605 927 trater,
629 857 763 918 officium
787 864 928 918 noshum
955 859 1030 917 illud
1048 875 1113 920 esse
1165 862 1261 934 lisque
1276 879 1312 918 ex
1328 862 1442 921 amussi
1456 862 1497 919 ita
1512 862 1886 934 adiustitiamreintegratis
1903 866 1937 924 de·

283 949 513 1022 perpendentes,
526 964 565 1004 ne
577 949 798 1006 inimicitiarum
804 948 1039 1006 tomiteinvchis
1048 965 1113 1006 suc·
1166 947 1313 1008 crevimus
1322 949 1407 1008 rixas
1419 955 1543 1018 vestras,
1557 954 1586 1007 et
1594 950 1789 1008 dissensiones
1799 951 1897 1024 pretate
1914 970 1938 1010 ar

283 1043 433 1095 crescente
454 1037 615 1094 dissidium
625 1043 744 1094 sancire
767 1039 818 1094 hei
846 1038 993 1111 Ecclesia,
1022 1042 1112 1111 atque
1166 1052 1258 1096 causa
1271 1037 1421 1096 derivatas
1433 1039 1583 1109 dirimere,
1600 1045 1688 1114 atque
1702 1039 1938 1108 inhateruumane

283 1127 462 1185 scandalum
475 1128 538 1184 sinc
549 1127 665 1186 consilii
680 1132 708 1184 et
716 1128 849 1188 utilitatis
857 1133 964 1184 vestrm
973 1131 1113 1200 respectu
1164 1140 1229 1182 rem
1241 1143 1292 1184 vos
1304 1127 1507 1196 reconciliare,
1520 1127 1597 1186 sicut
1607 1128 1722 1200 utrique
1743 1132 1856 1194 vestrum
1876 1130 1937 1186 nolo

283 1215 548 1272 diutiusnutristur
564 1233 570 1270 :
584 1215 1111 1289 adsequestrandumlitemvcstram
1166 1219 1323 1288 susceptus
1339 1220 1470 1273 servetur
1482 1217 1565 1289 pallii
1575 1217 1673 1274 honor
1693 1216 1805 1286 ihesus,
1827 1217 1938 1274 hortantes

283 1303 454 1360 accedimus
467 1319 524 1360 nos
539 1304 801 1376 arbitrabamur
816 1304 1013 1362 sollicitudine
1028 1321 1046 1362 a
1060 1303 1112 1360 do·
1163 1306 1489 1378 eatetenusapostolice
1497 1307 1633 1374 instituti,
1649 1305 1757 1368 amodo
1776 1321 1830 1370 non
1847 1307 1872 1365 in
1893 1323 1938 1364 cou-

283 1393 366 1449 mino
380 1393 533 1463 regiminis
543 1393 684 1464 injuncti,
696 1409 794 1466 quam
822 1394 983 1450 amborum
995 1397 1110 1450 vestro·
1164 1392 1295 1458 tentione
1310 1395 1542 1456 etaemulatioae
1554 1395 1714 1455 *maneatis
1731 1397 1838 1460 comat
1849 1395 1937 1467 ¹illidat

280 1499 348 1539 rum
358 1499 466 1540 amore
474 1483 518 1539 ad
531 1483 589 1539 hoe
603 1484 730 1556 permoti
748 1483 807 1553 rita
815 1483 955 1539 videlicet
965 1487 1002 1539 ut
1014 1489 1042 1539 at
1072 1484 1110 1539 de
1164 1482 1247 1554 quod
1268 1483 1413 1550 cononice
1441 1483 1567 1554 singulis
1592 1483 1752 1556 provinciis
1775 1483 1868 1556 singul
1886 1483 1938 1554 ordi·

280 1571 607 1644 prahbateconutctss
621 1571 1109 1644 rastriquerimoniarationabili·
1126 1592 1149 1654 Β
1164 1577 1274 1638 nentur
1299 1573 1531 1646 metropolitani.
1558 1574 1685 1640 arcade
1707 1572 1863 1640 distribuere
1878 1577 1938 1644 atque

280 1660 338 1716 bus
350 1660 470 1731 iudiciis
481 1661 536 1716 rite
546 1660 669 1732 :jushtire
685 1659 917 1726 satisfaciamus,
933 1665 962 1719 et
974 1675 1028 1716 vos
1043 1677 1109 1720 om·
1162 1658 1362 1726 determinare
1385 1663 1425 1728 ita
1449 1661 1536 1727 vobis
1563 1662 1734 1736 parochias,
1758 1662 1858 1722 Ιιοιιιιιιι
1874 1665 1938 1734 etpa-

280 1747 312 1802 ni
325 1747 705 1819 explosacontroversiaiu
722 1747 890 1806 draternam
913 1747 1108 1818 concordiam
1162 1747 1283 1813 cilicum
1310 1749 1498 1822 aestimamus
1527 1756 1591 1821 :ut
1609 1751 1714 1820 divisis
1733 1750 1848 1820 duabus.
1861 1749 1938 1806 borira

281 1834 396 1892 Christo
411 1833 587 1902 moderante
598 1850 787 1894 revocemus.
1161 1839 1293 1909 regionis
1320 1840 1490 1912 provinciis,
1517 1841 1646 1906 lteroldo
1666 1839 1869 1913 archiepiscopo
1886 1838 1938 1896 ocri-

316 1927 424 1984 Netum
435 1927 482 1980 est
491 1923 591 1994 igitur,
603 1923 770 1997 litterisque
780 1939 941 1997 penesnos
953 1940 1107 1986 commen·
1162 1927 1290 1990 dentalis
1306 1929 1467 1996 remonte
1479 1947 1554 1998 cura
1565 1931 1802 2000 committaturat
1824 1928 1936 1986 cusbdir:

279 2013 395 2081 datum,
409 2013 520 2086 quihus
533 2013 728 2070 cocheiacum
737 2014 815 2070 locis
830 2014 961 2086 dignitas
972 2015 1051 2087 pallii
1066 2015 1108 2074 ab
1163 2015 1215 2074 tibi
1232 2021 1335 2077 autem
1361 2017 1647 2092 successoribusque
1662 2019 1728 2088 tuis,
1742 2019 1849 2092 propter
1867 2015 1937 2074 enei·

278 2101 336 2158 hac
347 2100 602 2174 apostolieasade
619 2101 773 2162 debeatur.
797 2103 1027 2162 bruniacensem
1051 2119 1107 2164 au·
1160 2107 1224 2164 tum
1234 2101 1937 2178 mtouunmsanetsnominassemus-sirati

278 2195 338 2248 tem
353 2190 459 2248 urbem
470 2191 638 2264 eudomius
648 2191 910 2264 metrapoiitanam
925 2192 998 2263 tore,
1014 2198 1108 2255 etar-
1158 2193 1226 2266 jure
1237 2196 1567 2268 juniorumrevereatia
1577 2197 1719 2269 assurgit,
1734 2192 1937 2262 inbeaeoictionh

277 2278 458 2352 chlepiscopi
471 2278 648 2350 redamari
661 2280 805 2341 aasabim
833 2285 885 2338 tua
901 2296 1037 2353 preesse
1057 2281 1106 2341 ali·
1159 2286 1188 2340 et
1202 2283 1283 2344 sedis
1297 2285 1403 2346 ordine
1416 2285 1547 2359 prolatis
1573 2289 1667 2360 atque
1693 2284 1854 2358 pennesitis,
1871 2280 1937 2355 prori-

278 2365 441 2438 ttmffliilffs
455 2367 532 2424 ⁸10⁰*
545 2367 578 2423 in
596 2367 756 2440 Plilllsstlllss
777 2367 956 2430 fluthssssfissit
978 2367 1024 2430 dd
1044 2383 1106 2426 x110³
1159 2371 1459 2436 denmmouentaus
1474 2375 1649 2445 Pannoniae,
1676 2375 1869 2446 regionemque
1886 2377 1937 2428 lvs-

277 2471 373 2528 usque
388 2456 575 2514 aledireotis
599 2456 951 2528 salmoriacensem
977 2456 1106 2518 inventis
1158 2477 1262 2522 rorum
1277 2466 1368 2536 atqua
1383 2461 1572 2527 auratorum
1584 2465 1663 2538 (248)
1682 2465 1735 2531 sad
1750 2470 1777 2522 et
1799 2463 1936 2528 sclavum

277 2545 461 2617 quibusdam
477 2545 698 2617 exemplaribus
711 2545 977 2605 ehartoeretueteta
998 2546 1105 2606 admo.-
1158 2549 1212 2623 qui
1237 2551 1330 2612 modo
1359 2553 1525 2619 Christiani,
1552 2553 1596 2610 vel
1637 2554 1735 2616 adhuc
1757 2568 1806 2626 per
1827 2551 1938 2623 baptism

277 2631 351 2686 dum
371 2632 475 2688 attritis
497 2633 528 2688 in
543 2633 674 2690 archivio
707 2634 801 2692 sancti
823 2633 903 2690 *Petri
924 2634 1104 2708 reperimus.
1159 2639 1274 2700 Christo
1282 2640 1425 2704 lucrandi
1438 2647 1518 2710 sunt,
1533 2642 1769 2717 circumquaque
1786 2638 1936 2708 marmiun,
1991 2639 1992 2716 Τ

279 2721 633 2778 llanoetiaminexordio
646 2722 1104 2792 nascentisEcclesiae,etimma-
1159 2729 1321 2802 oredimus,
1340 2735 1542 2804 ,nostramque
1567 2732 1766 2806 apostolicam
1793 2731 1870 2798 dmm
1885 2723 1936 2784 inil-

275 2809 647 2868 nissimatihristianorum
661 2812 910 2885 persecutiones
931 2813 1105 2874 doctoribus
1158 2820 1194 2877 lis
1216 2820 1353 2893 partibus
1380 2821 1574 2895 praedicandi,
1602 2827 1634 2882 at
1656 2839 1716 2898 ,pro
1742 2821 1850 2881 arbitrio
1871 2818 1936 2873 vaire
1991 2805 1992 2896 t

274 2897 359 2954 istius
373 2899 452 2956 sedis
465 2899 696 2960 catholieaetidei
707 2901 845 2960 nevimus
857 2902 1106 2976 rudimentaper-
1124 2908 1212 3001 cuhi
1228 2924 1312 2982 opus
1336 2915 1380 2968 est
1396 2909 1561 2984 ,episcopos
1589 2911 1796 2980 constituendi,
1817 2906 1935 2976 omniunt
1991 2923 1992 2930 ¹

275 2989 388 3062 cepisse
401 3008 408 3060 ;
422 2993 451 3046 et
464 2989 570 3046 exinde
586 2991 848 3048 esuccedanhbus
859 2991 1105 3064 praedicatoribus
1119 2985 1123 3002 '
1158 2997 1317 3070 disponere
1345 3002 1435 3072 atque
1463 2999 1603 3062 ordinare
1630 3000 1682 3060 tali
1693 2999 1856 3064 auctoritate
1876 2999 1935 3064 atque

273 3078 305 3134 in
319 3079 484 3152 superioris
511 3083 602 3153 atque
621 3079 768 3140 interioris
786 3081 952 3140 Pannonia
982 3082 1107 3154 provin·
1158 3091 1305 3160 potestate
1330 3087 1517 3160 delegamus,
1544 3105 1582 3147 ec
1619 3092 1648 3154 si
1679 3091 1736 3165 ipsi
1757 3091 1893 3164 ‚prasente
1909 3079 1936 3138 ai·

271 3167 334 3225 cias
354 3169 498 3240 eiusdem
522 3169 594 3226 tidei
624 3185 781 3232 emanasse
819 3169 958 3239 mahom.
989 3170 1104 3235 Quibus
1157 3176 1333 3250 fuissemus.
1370 3179 1507 3246 Quodsi
1540 3180 1606 3252 jam
1634 3181 1732 3243 dicim
1766 3177 1885 3246 flammas
1903 3187 1936 3228 ar·

272 3256 363 3314 eh'ttm
396 3257 516 3314 duabus
548 3258 724 3330 provinciis,
747 3258 928 3332 'illarumque
951 3259 1103 3332 Pontifici·
1156 3267 1366 3343 ohjepisoopus
1382 3269 1534 3342 deinceps,
1563 3269 1871 3344 suppumvfllquispiam
1891 3276 1935 3319 suo·

272 3346 341 3416 hus,
367 3363 464 3420 usque
482 3346 526 3403 ad
554 3351 691 3421 tempora
717 3347 895 3416 hunnorum
921 3363 985 3406 non
1014 3348 1101 3418 elius,
1156 3373 1321 3428 esseorum,
1337 3358 1461 3418 minime
1475 3358 1603 3418 diffinito
1617 3361 1716 3422 limite
1741 3347 1934 3425 metanoeae

270 3451 366 3507 quam
389 3440 500 3495 saneta
520 3436 730 3492 mausiacensis
749 3436 872 3510 prefuit
906 3438 1102 3511 archiepisco·
1154 3445 1343 3504 interdictam
1358 3453 1447 3520 atque
1460 3463 1544 3504 asna
1558 3451 1707 3522 potestate
1722 3452 1871 3522 separatur
1887 3440 1935 3496 die

272 3540 341 3596 pus,
368 3540 499 3597 quorum
521 3524 685 3581 *barbarios
711 3524 813 3582 feritas
838 3541 900 3582 1101]
914 3526 1015 3582 solum
1028 3542 1102 3599 βιῶ·
1155 3535 1246 3592 casim
1261 3539 1392 3610 repetere
1408 3536 1601 3610 pervicaciter
1615 3545 1751 3612 conatur,
1766 3553 1816 3594 nec
1835 3551 1850 3591 a
1867 3526 1935 3608 prohi-

271 3612 384 3670 dictem
402 3613 636 3670 lauriacensem
658 3615 818 3682 civitatem,
836 3631 942 3672 aarum
962 3617 1055 3674 etiam
1069 3617 1100 3673 in
1153 3623 1223 3680 bitae
1238 3625 1434 3681 contentionis
1450 3625 1610 3684 schismate
1626 3644 1681 3702 per
1691 3629 1761 3686 istas
1771 3629 1934 3691 coshasapor

271 3703 396 3760 circuitu
421 3703 594 3775 adiacentes
618 3703 755 3773 regiones
785 3703 982 3777 depopulavit
1009 3710 1099 3780 atque
1153 3711 1257 3768 tolicas
1271 3712 1445 3770 traditiones
1460 3718 1550 3788 atque
1563 3715 1818 3773 determinationes
1838 3719 1935 3779 mepta

160 3835 162 3843 ,
270 3790 405 3849 funditus
440 3791 597 3848 desolavit.
629 3790 701 3848 inde
728 3791 859 3866 ¹quidem
894 3793 1028 3867 contigit,
1067 3797 1100 3852 ut
1152 3801 1251 3858 citur:
1272 3801 1336 3875 ipse
1349 3802 1499 3876 atiampie
1515 3819 1661 3863 concessa
1690 3803 1831 3877 dignitatis
1849 3792 1934 3856 muniti

269 3881 402 3956 episcopi
426 3881 484 3939 hae
507 3881 681 3939 necessitate
708 3881 866 3956 compulsi,
888 3882 961 3940 sede
985 3882 1098 3940 iliade·
1152 3891 1249 3948 oenus
1263 3891 1383 3966 penitus
1396 3891 1538 3966 privetur,
1553 3899 1645 3966 atque
1660 3891 1819 3952 secundum
1829 3891 1870 3963 jus
1881 3883 1933 3958 prs

267 3974 348 4028 serta
373 3975 463 4044 atque
490 3970 548 4028 alio
575 3971 730 4042 hunslata,
756 3971 848 4040 simul
861 3971 959 4036 ‹etiam
981 3973 1097 4030 arehie-
1151 3980 1257 4049 dnum,
1288 3981 1423 4054 superior
1446 3981 1605 4039 Hannonis
1626 3985 1810 4042 coadunetur
1830 3969 1932 4036 interiori,

267 4059 453 4134 piscopalem
486 4061 583 4134 ipsius
611 4060 696 4118 sedis
728 4059 904 4118 desererent
933 4062 1095 4119 honorem.
1151 4073 1312 4143 salue-tute
1326 4075 1733 4144 tuorumquesuocessoram
1753 4069 1839 4133 anaba
1861 4073 1933 4140 Perti·

265 4151 413 4209 stodernis
436 4156 547 4219 autem,
569 4150 776 4210 mea-multum
797 4155 876 4208 retro
891 4151 1004 4224 elapsis
1019 4157 1096 4210 um
1148 4157 1268 4220 tualitar
1282 4157 1461 4230 subiaceant
1484 4158 1598 4222 ditium.
1626 4160 1840 4229 Almanam
1862 4155 1932 4210 auhn

267 4239 402 4312 poribus,
430 4243 557 4297 vacante
585 4239 625 4296 ab
649 4238 815 4312 apostolico
839 4239 951 4297 vicario
990 4243 1094 4299 Bava-
1147 4261 1369 4320 assensumque
1380 4247 1549 4321 prebentes
1562 4249 1751 4316 ursaceus
1771 4239 1932 4310 eumaem

266 4326 380 4384 riorum
408 4341 518 4400 regno,
552 4331 632 4385 arno
668 4327 784 4401 primus
811 4332 921 4386 sanetas
957 4328 1094 4387 sstrbur-
1113 4297 1535 4396 1³decretishenediaimue,et
1555 4339 1720 4407 catholicos
1741 4333 1929 4413 ambram:

266 4415 367 4486 gensis
391 4415 528 4472 hostede
541 4416 725 4487 ¹subrogatur
748 4417 1004 4492 archiepiscopus.
1024 4421 1093 4476 Hac
1147 4425 1409 4498 mehtentesvero,
1426 4424 1866 4501 atque-intirmarevelomniro
1886 4427 1930 4491 pff·

263 4509 389 4564 tutatur
415 4515 532 4564 annosa
563 4507 746 4564 memorialis
781 4507 875 4564 saeris
894 4507 1001 4564 sortirii
1031 4509 1093 4566 his·
1146 4515 1493 4585 verterecontendentcs
1509 4518 1700 4576 anathemate
1717 4513 1871 4578 narmaur
1882 4519 1930 4565 saa·

264 4595 350 4664 toria.
374 4594 464 4678 hodo
489 4599 590 4653 autem
610 4595 790 4653 mortalibus
798 4595 982 4669 propitiante
996 4597 1094 4655 dhris·
1146 4609 1199 4662 ctu
1212 4605 1361 4674 rtrinitatis
1371 4605 1502 4664 distrime
1526 4609 1727 4680 percutimus,
1752 4612 1779 4666 at
1804 4593 1930 4678 apostolice

262 4687 305 4756 to,
328 4684 376 4752 ab
397 4684 540 4742 hostibus
567 4688 680 4754 sancte
718 4685 929 4744 ¹lauriacensis
949 4685 1092 4744 :Ecclesia
1145 4695 1381 4768 munereque
1395 4685 1931 4771 mulctatiAnam'aeosephiraerspitt·

261 4773 412 4845 quietect
439 4774 471 4832 in
491 4773 826 4832 habitandiseeuritate
849 4791 1006 4848 maressa,
1029 4791 1091 4834 nou
1144 4783 1591 4857 vaunt‚demnamus‚,et0um
1604 4781 1929 4861 blasphematoribusat·

260 4857 334 4916 fflffl
360 4863 584 4934 (luam‘ffiidssm
612 4863 802 4921 fffliflvflitatia
828 4867 886 4932 ,tua
915 4865 1091 4924 cathedram
1143 4873 1320 4946 suspiritus
1333 4875 1521 4948 sempiternis
1531 4869 1874 4950 cruciatihuapuaimdos
1883 4862 1927 4918 der

258 4952 379 5023 oportet
399 4951 514 5008 haberi.
547 4955 736 5026 Quapropter
760 4954 1034 5012 reinthronizamus
1061 4960 1090 5014 te
1144 4963 1286 5020 tinamus.

259 5038 360 5096 eidem
379 5039 520 5097 ¹liccleeire
536 5045 849 5101 Ιειιιιοιιιιιιιιι·Ριιιιίιιιι
865 5043 1088 5118 videlicstpra-
1531 5055 1577 5114 lll.

259 5127 454 5191 decessorum
481 5133 663 5200 nostrorum,
681 5132 742 5189 sed
762 5137 791 5190 et
817 5133 913 5191 beatae
937 5135 1088 5192 memoria
1177 5157 1438 5200 srrsromsarrnrr
1453 5159 1532 5202 rara
1547 5161 1567 5202 ιι
1582 5158 1784 5206 marmianus
1801 5145 1902 5198 natm

259 5218 376 5278 domini
415 5221 520 5278 Leonis
559 5235 659 5294 pdpffi,
688 5237 707 5279 a
734 5239 803 5296 -qtlo
840 5223 1014 5282 excellenfltt
1036 5230 1088 5283 tua
1442 5250 1657 5296 crupucmu,

256 5308 351 5382 pallio
374 5325 410 5368 ac
430 5310 590 5384 'privilegio
605 5309 718 5369 donata
730 5316 786 5382 est,
816 5312 985 5371 sanctiones
997 5317 1087 5388 atque
1260 5324 1458 5395 praeoptem
1480 5320 1833 5385 semimortuam.

258 5403 369 5457 statuta
393 5407 590 5476 exsequentes
620 5419 683 5460 :ac
714 5419 795 5478 saepe
819 5405 931 5462 dictam
950 5409 1085 5463 sanctam
1230 5413 1327 5486 [Apud
1362 5415 1462 5482 hausi,
1487 5416 1581 5472 Cone.
1605 5417 1696 5480 avrti,
1722 5429 1756 5486 p.
1795 5405 1860 5473 loll
1904 5477 1907 5488 Ι

255 5489 487 5548 monacensem
511 5492 671 5550 Ecclesiam
686 5499 838 5568 potestate
863 5499 892 5552 et
917 5495 982 5552 vice
1004 5493 1086 5552 beati
1175 5501 1333 5564 tesseras,
1360 5513 1465 5556 servus
1492 5515 1644 5559 serverum
1671 5499 1732 5566 liei,
1765 5494 1858 5554 dilecto
1879 5481 1921 5538 ⁶¹¹⁰
1991 5491 1992 5496 ’

285 5577 369 5650 ‹resa›
382 5579 445 5636 tiae
452 5583 710 5653 estloravorum,
726 5583 780 5656 qui
791 5584 949 5643 anama
973 5587 1002 5641 et
1015 5583 1141 5646 lteram
