4106 6148
128 153 182 210 seo
368 128 407 146 ’“
586 137 737 206 iclrmi
759 144 862 202 earn
879 143 904 202 ιι
920 143 1099 204 misroin
1118 147 1162 204 ιι
1179 147 1389 206 reiviiseii.
1789 147 1844 206 set

129 278 163 332 ut
175 276 205 332 et
214 271 314 348 polica
326 269 544 344 iugnajustitiia
557 273 716 328 stemmate
728 269 880 326 laureatus
890 273 995 342 pos-A
1013 267 1184 342 plectuntur
1195 269 1342 343 tripudiis.
1359 271 1405 328 En
1413 270 1492 328 illius
1506 269 1648 344 vestigiis,
1661 285 1755 345 quem
1768 269 1842 328 olim

129 362 343 428 sideatorans
372 364 401 416 et
422 375 479 416 sua
502 359 641 433 pignora,
657 357 768 432 quibus
784 356 960 414 cassinense
1014 357 1079 414 sola
1092 359 1258 432 Campania
1283 363 1417 428 noverat,
1441 377 1522 418 nunc
1543 375 1629 432 reges
1652 363 1737 417 terres
1757 359 1843 416 litant

127 451 236 509 beetur
259 448 442 518 cenobium,
469 464 488 506 a
513 447 731 520 regibusterrie
745 462 857 504 cernuo
879 463 961 503 sum-
1013 447 1209 504 devotissima
1224 446 1327 504 oscula
1350 463 1468 504 necnon
1481 448 1680 522 permunifica
1703 463 1840 506 munera.

128 540 283 613 missoque
295 543 475 596 venerentur
488 537 627 594 adoratu.
650 536 750 594 Tantis
774 536 855 594 enim
867 535 959 592 mira·
1012 537 1079 592 Jam
1109 550 1190 592 nunc
1215 551 1297 607 crgo,
1326 539 1411 593 Pater
1438 537 1684 595 excellentissime
1709 541 1841 610 patrum,

128 629 268 688 culorum
282 627 427 702 prodigiis
443 627 534 685 etiam
547 643 630 685 nuno
649 627 732 702 apud
745 643 835 684 suum
862 626 959 684 hono·
1012 628 1097 682 tuam
1108 625 1210 683 cernui
1223 625 1395 698 flagitamus
1410 625 1611 696 clementiam,
1626 631 1660 684 ut
1673 625 1762 684 nobis
1774 625 1842 700 opis

127 717 247 776 rificum
271 716 366 774 larem
391 715 556 790 praepollet,
583 719 616 773 ut
642 715 793 788 ejusmodi
829 713 960 772 rumoris
1013 717 1071 771 tue
1100 715 1238 789 porriges
1256 715 1418 772 dexteram.
1447 715 1584 784 obstrue,
1613 733 1728 790 quaeso,
1748 715 1842 774 nostri

128 805 293 863 tonitruum
322 804 539 862 transmarinos
563 805 863 877 ultramontanosque
877 804 959 876 prin·
1013 803 1155 861 misertus
1177 805 1351 878 iniquorum
1366 805 1444 877 (coh.
1474 804 1618 878 cicorum)
1633 821 1688 864 ora
1709 805 1843 864 crudelia

127 894 209 968 cipes
223 893 263 950 ed
287 893 334 952 sui
356 893 509 968 pertrahat
531 897 668 968 potenter
690 893 880 967 obsequium.
899 893 959 949 Nec
1013 891 1065 965 qui
1094 895 1160 949 tuas
1185 891 1389 950 fraudulenter
1403 895 1534 966 gestiunt
1554 893 1663 951 illicere
1690 893 1840 952 vernulas.

127 983 279 1057 immerito
291 984 498 1042 saneterrenis
511 999 529 1041 s
543 983 729 1058 principibus
751 981 960 1040 venerabiliter
1013 983 1057 1038 lta
1067 981 1203 1038 solamen
1228 987 1324 1055 tuum,
1348 985 1442 1052 Pater,
1469 983 1528 1040 tuis
1549 982 1695 1040 clientulis
1710 998 1787 1055 quos
1801 982 1842 1040 ad

126 1073 303 1140 bonoratur,
316 1071 368 1146 qui
386 1087 494 1142 regum
504 1071 642 1129 omnium
653 1073 717 1142 regi
733 1071 810 1128 colle
821 1069 959 1128 summit·
1013 1073 1100 1126 tuum
1127 1069 1309 1128 imitandum
1333 1071 1439 1130 eallem
1462 1071 1631 1144 pertraxisti
1655 1069 1840 1128 clementius.

3 1217 5 1220 .
126 1164 203 1232 tens,
219 1160 347 1218 inomni
374 1161 490 1220 studuit
511 1161 573 1218 vita
596 1176 652 1218 sua
673 1160 849 1232 dignissime
863 1158 960 1217 famu·
1012 1157 1114 1214 Pande
1125 1157 1299 1229 dignanter,
1310 1159 1476 1233 poscimus,
1501 1159 1556 1217 iter
1581 1175 1644 1234 quo
1658 1159 1698 1216 ed
1712 1158 1842 1232 patriam

3 1279 5 1316 ;
125 1249 192 1308 luri.
208 1254 274 1323 lpse
302 1249 451 1324 siquidem
479 1266 534 1324 per
553 1250 734 1325 prophetam
757 1249 960 1321 dignatusest
1012 1247 1193 1320 pervenitur,
1209 1252 1359 1322 quatenus
1374 1264 1411 1306 ex
1425 1253 1477 1306 tuo
1490 1263 1580 1320 grege
1592 1247 1710 1304 nullum
1725 1246 1843 1304 nancis-

2 1371 6 1408 ι
124 1338 261 1414 polliceri
276 1355 283 1394 :
299 1354 356 1410 ego
371 1337 572 1411 glorificantes
585 1355 635 1396 me
647 1337 832 1412 glorificabo.
1013 1339 1098 1392 catur
1109 1335 1296 1410 periculum
1313 1341 1346 1394 ut
1357 1337 1430 1394 olim
1445 1337 1498 1394 tibi
1512 1337 1623 1394 cebete
1636 1336 1747 1394 talenta
1762 1351 1842 1392 coni·

162 1431 235 1485 Vere
249 1426 374 1501 quidem
385 1427 542 1498 insigniter
568 1428 650 1485 bunc
672 1432 810 1485 nostrum
825 1425 960 1484 saeratis-
1012 1424 1099 1482 muni
1123 1426 1251 1483 Domino
1274 1427 1428 1498 geminata
1450 1426 1488 1484 de
1502 1425 1591 1483 nobis
1602 1426 1770 1494 restituens,
1785 1424 1842 1480 du-

3 1493 7 1590 r
127 1515 239 1574 simum
277 1519 394 1574 Patrem
441 1515 618 1588 glorificavit
650 1520 678 1575 et
712 1515 867 1588 glorificet,
887 1529 959 1594 ,non
1011 1513 1081 1586 plici
1095 1514 1221 1587 praemio
1236 1515 1324 1588 potiri
1340 1515 1491 1572 merearis.
1517 1518 1575 1572 Nos
1597 1529 1721 1588 quoque
1737 1513 1843 1570 imme-

127 1609 245 1663 tantum
281 1605 314 1662 in
350 1605 486 1664 aethereis
513 1605 624 1676 regnis,
650 1604 704 1662 sed
734 1603 824 1662 etiam
855 1619 958 1660 coram
973 1621 994 1677 B
1011 1601 1059 1659 riti
1100 1618 1154 1676 per
1179 1608 1265 1660 tuum
1302 1603 1502 1662 interventum
1536 1603 1642 1660 saltem
1677 1602 1842 1661 evadamus

3 1745 7 1772 ι
126 1692 302 1751 hominihus
325 1693 356 1750 in
379 1693 464 1750 terris
495 1709 556 1766 quo
591 1695 671 1749 totus
697 1695 844 1764 agnoscat
877 1689 959 1748 orbis
1014 1690 1207 1765 supplicium,
1219 1708 1298 1766 quos
1312 1693 1352 1749 ob
1364 1692 1540 1750 meritorum
1550 1691 1725 1767 qualitatem
1738 1706 1842 1748 conse-

2 1827 7 1864 1
126 1785 241 1855 quanta
252 1779 447 1839 beatitudinis
463 1780 559 1852 gloria
574 1779 732 1852 exaltatur,
746 1779 798 1854 qui
822 1795 878 1853 pro
893 1779 959 1852 ejus
1014 1783 1136 1838 cuturos
1157 1781 1341 1852 ambigimus
1356 1781 1525 1854 premium.
1540 1783 1699 1838 prestante
1715 1779 1842 1837 homino

3 1917 8 1938 ,
126 1869 250 1927 nomine
262 1869 376 1926 studuit
397 1868 430 1926 in
455 1867 513 1926 hac
540 1868 602 1926 vita
624 1867 782 1926 salubriter
796 1866 958 1926 humiliari.
1012 1873 1117 1927 nostro
1127 1872 1197 1928 iesu
1211 1870 1327 1928 christo
1339 1870 1392 1943 qui
1404 1875 1440 1932 te,
1462 1869 1634 1928 beatissime
1651 1871 1745 1934 Pater,
1762 1867 1841 1924 adeo

3 1947 9 2020 J
127 1961 170 2015 lin
183 1958 269 2016 illum
282 1974 375 2032 quem
392 1955 514 2032 spelaca
541 1957 707 2032 [spelunca]
724 1961 884 2014 tenuerunt
908 1957 959 2014 ali·
1013 1957 1188 2016 sublimavit
1198 1962 1232 2016 ut
1243 1958 1327 2015 nullo
1343 1963 1518 2016 sanctorum
1533 1959 1589 2027 (tto
1603 1958 1682 2030 cod.)
1693 1960 1762 2030 post
1770 1955 1843 2012 bea·

126 2045 310 2121 quantulum
334 2044 511 2114 latitantem,
548 2061 630 2102 nunc
666 2043 826 2118 paradisus
852 2045 959 2102 retinet
1013 2051 1058 2104 tos
1067 2047 1219 2120 apostolos
1228 2047 1350 2104 interior
1358 2047 1583 2120 videarisripso
1594 2046 1698 2120 utique
1706 2046 1759 2119 qui
1771 2061 1842 2102 eum

3 2195 6 2206 ,
128 2133 346 2204 exsultantem
362 2139 391 2190 et
404 2149 497 2208 quem
509 2149 583 2192 arva
609 2133 767 2208 quondam
785 2132 958 2192 habuerunt
1011 2138 1093 2194 Patre
1108 2140 1137 2193 et
1153 2135 1261 2210 Spiritu
1286 2140 1390 2194 sancto
1413 2135 1525 2194 visitet
1544 2138 1654 2207 regniu
1668 2150 1723 2208 per
1736 2133 1841 2192 omnia

2 2223 10 2294 J
95 2294 98 2298 ¹
128 2221 299 2280 coniectum
321 2221 453 2296 jejuniis,
478 2237 559 2280 nunc
592 2222 711 2298 Olympi
737 2222 850 2294 gaudia
873 2238 956 2280 com·
1011 2223 1329 2282 secucseculoium.
1343 2228 1448 2282 Amen.
1492 2287 1496 2296 ,

759 2579 846 2620 tulto
877 2579 1003 2621 uoltltu
1034 2579 1215 2622 necentur.

494 2747 1000 2896 AGAPETUS
1054 2749 1309 2892 Para
1367 2753 1459 2899 11.

721 3099 933 3195 NOTITIA
967 3100 1261 3196 HISTORIEA.

485 3251 585 3326 (Apud
608 3251 711 3322 llansi,
731 3251 927 3310 conciliorum
946 3253 1134 3327 amplissima
1156 3253 1275 3312 Collect.
1295 3251 1390 3322 llVlll‚
1409 3253 1483 3324 405.)

928 3383 1033 3399 —

165 3482 230 3547 Aga
270 3479 318 3532 tus
332 3474 444 3558 llarino
466 3473 620 3558 successit,
634 3489 716 3532 anno
741 3474 848 3533 Christi
861 3479 925 3546 946,
940 3478 1075 3558 tempore
1088 3473 1274 3558 Constantini
1300 3473 1370 3530 lllll.
1386 3471 1439 3530 llio
1463 3475 1522 3556 ¹ost¹
1530 3471 1642 3530 multas
1658 3472 1792 3544 synodos
1812 3472 1844 3556 Ιιιι

4 3563 9 3594 ι
130 3563 226 3605 causa
256 3545 542 3639 'ugonisetitrtaldi
558 3545 736 3628 celebratas,
753 3547 952 3630 Rhemensem
974 3546 1267 3628 archiepiscopatum
1282 3543 1437 3627 artaldoa
1457 3544 1628 3671 ὲιιιιιοᾳιιιιιι
1642 3543 1842 3600 confirmavit.

132 3622 264 3676 Brunoni
279 3617 448 3676 bolonienSl
461 3618 699 3700 archiepiscopo,
715 3619 830 3675 ottonis
850 3617 944 3691 fratri,
967 3617 1219 3698 palliumpetenti
1241 3621 1398 3672 concessit.
1416 3618 1455 3671 lle
1479 3615 1574 3672 ellatis
1600 3614 1640 3671 ab
1656 3616 1761 3672 ottone
1774 3629 1844 3684 rege

130 3705 183 3746 ma
227 3704 245 3745 a
270 3689 394 3746 victoria
420 3689 510 3745 [tanis
546 3687 714 3762 iisdemque
741 3689 771 3746 in
801 3689 999 3748 Christianam
1025 3689 1201 3759 religionem
1221 3687 1360 3761 acceptis,
1384 3687 1550 3756 gratulatus
1565 3689 1609 3742 est
1626 3683 1845 3756 llamburgensi

2 3751 7 3769 ⁸
130 3759 279 3829 limesia,
296 3760 421 3832 ejusque
436 3733 540 3832 privile
564 3759 592 3815 'a
606 3760 806 3831 amarioribus
822 3763 945 3832 accepta
959 3759 1115 3816 innovavit
1129 3760 1230 3831 (Abiu.
1251 3757 1303 3814 lib.
1323 3773 1354 3827 ii,
1369 3773 1395 3813 e.
1411 3760 1451 3818 it.

167 3829 260 3885 llu'us
275 3834 408 3910 tempore
455 3833 542 3886 osto
566 3830 641 3886 itum
667 3830 795 3888 Lotharii
817 3829 1016 3900 Berengarius
1042 3843 1171 3898 regnum
1199 3827 1289 3884 italie
1303 3827 1424 3883 invasit.
1441 3828 1507 3882 Otto
1536 3825 1699 3898 imperator
1717 3840 1789 3882 vero
1804 3824 1844 3882 ab

131 3845 293 3957 adalheide
306 3897 406 3981 tilioli
449 3898 532 3982 ulphi
546 3899 708 3982 relictaque
722 3899 850 3982 lotharii
863 3915 970 3982 uxore·
983 3903 1013 3956 et
1025 3905 1108 3981 Aga·
1130 3903 1159 3956 to
1173 3897 1324 3980 pontifice,
1340 3897 1444 3980 iugata
1458 3901 1520 3952 tota
1536 3895 1705 3965 Berengarii
1716 3894 1843 3978 tamihe,

131 3985 188 4046 pro
202 3973 346 4044 suppehis
360 3967 490 4027 terendis
503 3969 686 4037 sollicitatus,
700 3969 893 4027 adelheidem
909 3985 1056 4042 regenam,
1070 3986 1089 4026 o
1101 3987 1141 4026 im
1157 3969 1285 4024 lotharii
1298 3983 1471 4039 conjugem,
1483 3981 1607 4022 uxorem
1622 3971 1746 4040 accepit.
1761 3965 1844 4022 ldcm

131 4056 261 4113 regnum
271 4039 461 4110 integerrime
480 4040 622 4098 defendit.
638 4045 801 4115 agapetus,
815 4056 885 4098 cum
898 4056 1010 4098 novem
1025 4041 1123 4110 annis,
1139 4039 1294 4096 mensibus
1308 4041 1423 4112 septem
1437 4043 1467 4094 et
1477 4036 1585 4093 diebus
1599 4036 1703 4093 decem
1719 4049 1844 4093 munere

132 4111 274 4187 pastorali
287 4111 366 4169 bene
378 4110 499 4170 iunctus
514 4111 627 4177 fuisset,
641 4127 679 4170 ex
691 4112 749 4170 hac
762 4112 824 4169 vita
837 4112 988 4183 migravit.

391 4517 394 4524 ¹
576 4379 978 4500 suarm
1021 4277 1281 4496 PAPss'
1317 4376 1404 4494 11.

477 4587 846 4712 EPISTOLAE
904 4590 994 4711 ET
1038 4586 1489 4710 PRlVlLEGlA.

537 4927 559 4983 l.
970 4931 994 4984 Α
1013 4943 1129 4984 cisino
1143 4926 1282 4997 religioso
1293 4923 1396 4981 abbati
1409 4921 1587 4980 venerabilis
1597 4921 1771 4979 monasterii
1789 4923 1844 4979 lto·

130 5045 249 5090 aeirem
262 5045 344 5089 riis
355 5046 378 5086 ii
393 5045 571 5088 iiivirrciuii
589 5047 645 5089 ino
665 5049 839 5092 uoiasrssio
852 5051 878 5092 s.
894 5049 961 5091 sii·
1016 5017 1090 5073 mini
1106 5014 1276 5082 ὃᾶῙιᾶῐῡιῑθι
1288 5017 1316 5071 et
1330 5029 1384 5086 W
1395 5017 1422 5070 ιθ
1434 5012 1465 5068 5¹¹
1477 5011 1584 5069 00d0ffl
1598 5010 1760 5068 Vssnfllabffi
1777 5027 1843 5067 ¹1²⁰·

406 5117 526 5158 viroris
544 5117 686 5160 rumaisi.
1015 5105 1145 5162 naslerio
1160 5102 1446 5176 successoribusque
1458 5101 1516 5158 tuis
1530 5099 1693 5159 abbatibus
1716 5099 1748 5155 in
1776 5113 1842 5169 per·

453 5207 550 5282 (Anno
566 5209 643 5282 946.)
1014 5197 1151 5268 petuum.
1681 5273 1686 5286 Ι

1052 5283 1209 5340 Summam
1219 5285 1354 5353 gerentes
1365 5277 1594 5337 sollicitudinem
1604 5287 1743 5332 omnium
1754 5285 1844 5327 vene-

353 5333 851 5464 ΜἏἪΕΞᾈΞΜᾘῼΨΗ
877 5349 960 5407 papo
1014 5369 1155 5474 labilium
1177 5369 1324 5441 locorum,
1347 5371 1497 5442 quantum
1519 5361 1678 5465 ordivino
1691 5357 1842 5432 adjutorio

131 5511 959 5588 ιι

167 5641 316 5698 Acirnrus
326 5636 500 5714 episcopus,
520 5651 623 5696 serius
635 5653 794 5697 servorum
821 5639 882 5712 liei,
901 5637 960 5695 Hi·
1012 5640 1136 5710 mentia,
1152 5642 1181 5697 et
1194 5637 1262 5696 laus
1277 5632 1415 5693 Ecclesia
1434 5629 1540 5689 Christi
1551 5633 1751 5704 procuratum
1767 5639 1841 5686 nam

133 5331 329 5404 denuntiatio

291 5405 339 5463 Fu
