4110 6138
128 61 147 94 Ν

94 153 147 214 aar
535 113 537 118 ’
685 153 800 216 sunno
820 151 855 215 ru
873 153 1001 216 uirus
1021 159 1048 217 s.
1071 153 1211 220 cocus.
1747 171 1803 232 eea

91 293 152 353 que
167 275 381 353 exceptioque
390 277 574 355 archipresul
587 279 766 338 turonensis
780 281 958 340 ilartimsh
977 285 1006 340 et
1024 283 1137 342 liertinl
1154 285 1344 360 repatriantls
1366 287 1490 348 celebris
1504 295 1533 350 et
1550 291 1719 366 jucundas
1741 295 1803 353 suls

91 369 133 424 ab
148 367 251 425 exsilio
271 373 420 425 revertens
433 370 472 426 ab
483 369 613 426 alumnis
628 387 689 427 surs
703 369 835 428 officiose
845 369 921 428 adeo
975 372 1159 430 memorialis
1184 375 1318 449 exceptio
1333 383 1526 438 memoratur.
1542 385 1580 439 Te
1595 383 1684 456 igitur
1697 383 1802 457 [ergo],

92 457 249 532 excipitur,
265 459 484 533 etlnproprra,
502 461 533 518 ut
557 459 741 533 dictumest,
757 461 827 518 sede
852 461 922 518 resl—
975 476 994 516 o
1019 460 1098 518 bone
1133 461 1262 533 ilartinc,
1287 464 1336 537 pie
1364 465 1459 539 pater,
1489 471 1592 541 pastor
1619 475 1647 529 et
1677 475 1803 546 patrone

90 547 177 614 dens,
192 545 276 602 omni
290 545 399 620 petenti
413 563 454 616 sc,
469 549 503 604 ut
518 547 563 605 sul
577 547 670 606 moris
687 553 741 622 est,
756 547 920 624 plurimum
974 553 1084 620 noster,
1097 551 1185 608 nobis
1211 553 1359 626 [obsecro]
1386 551 1454 611 fillis
1479 559 1507 613 et
1529 555 1669 630 alumnis,
1685 575 1803 620 necnon

91 635 285 704 subiugatur.
302 635 362 690 lloc
382 635 564 709 exceptionis
577 637 692 695 celebre
703 637 823 708 testum,
839 653 920 698 anno
946 655 948 666 ¹
975 639 1003 694 ct
1015 637 1240 698 veneratoribus
1251 639 1321 712 tuls,
1334 643 1478 701 moretuo
1491 639 1573 702 bono
1585 648 1697 722 confer,
1712 647 1804 708 noxia

91 723 133 780 ab
149 722 357 779 incarnatione
372 723 489 781 llomtnl
510 725 757 797 octingentesimo
778 727 922 798 octogesi-
975 726 1134 796 submove,
1163 733 1191 786 et
1219 731 1389 788 orationum
1421 729 1487 804 jugi
1514 733 1658 793 instantia
1692 737 1804 810 gaudia

91 828 144 867 mc
157 810 297 886 septimo,
312 827 330 868 a
359 813 577 871 transvectione
593 815 744 872 tricesimo
764 816 862 889 primo
877 813 919 872 ld.
974 815 1062 874 nobis
1076 818 1144 874 vitre
1158 817 1386 878 interminabilis
1400 819 1511 879 obtine.
1525 826 1684 883 prestante
1701 824 1803 884 Domi-

92 901 232 958 ll'ecemb.
248 901 402 959 celebriter
430 903 480 974 agi
498 905 538 961 ab
564 903 721 962 sonando
739 901 920 976 [adalaudo]
973 919 1014 961 no
1027 907 1129 963 nostro
1151 909 1219 964 Jesu
1247 907 1371 981 christo,
1393 909 1528 984 quicum
1550 913 1634 970 Patre
1655 915 1684 970 et
1699 915 1803 988 spiritu

91 987 319 1063 archiepiscopo
334 989 511 1061 Trrrcnensi
528 997 557 1050 et
578 1009 597 1051 a
616 991 920 1066 comprovincialibus
973 999 1077 1051 sancto
1087 995 1158 1052 vivit
1168 999 1197 1053 ct
1210 1001 1316 1069 regnat
1330 999 1418 1068 Deus,
1438 1013 1494 1073 per
1507 999 1611 1059 omnia
1623 999 1736 1061 soecula
1750 1019 1802 1060 see-

90 1079 242 1154 cpiscopls
266 1079 416 1139 celebrata
430 1081 586 1157 synodalis
600 1083 726 1141 sancivit
740 1083 919 1154 auctorites;
972 1083 1120 1142 culorum.
1137 1085 1244 1144 Amen.

89 1183 160 1243 quea
175 1167 299 1244 quando
325 1170 465 1229 recolitur
491 1173 621 1231 ahenis
645 1171 723 1231 iacta
745 1170 918 1244 destructio,

910 1547 982 1693 li

279 1829 521 1953 suello
579 1833 652 1950 ru
696 1832 972 1954 utilit
1031 1833 1288 1955 sancii
1337 1835 1611 1961 cucula

768 2085 885 2128 ABRthS
918 2081 1122 2130 morianensis.

449 2255 640 2323 (Bibliotheca
653 2255 863 2326 Cluniacensis,
884 2273 951 2330 pag.
969 2256 1047 2326 1761,
1067 2277 1102 2314 ex
1112 2266 1170 2316 vet.
1182 2277 1237 2314 ms.
1250 2260 1446 2335 Martiniano).

844 2415 1050 2442 ...q-

123 2561 169 2618 Ad
194 2561 290 2620 saecli
313 2578 350 2622 sc
372 2563 539 2622 maassirni
565 2565 678 2624 tidonis
704 2566 799 2640 patris
812 2567 917 2634 noem.
933 2570 957 2626 Β
972 2567 1029 2626 sibi
1046 2581 1203 2642 superesse
1218 2569 1304 2642 quod
1319 2569 1446 2628 timenti
1467 2570 1539 2637 ouis
1553 2587 1625 2630 vero
1643 2572 1802 2631 minum

90 2651 179 2722 cujus
200 2651 290 2710 bodie
313 2652 389 2712 leste
416 2653 615 2726 celebramus,
629 2653 736 2714 laudes
764 2656 919 2714 addidisse
970 2656 1003 2713 in
1024 2657 1084 2714 boc
1101 2658 1283 2731 corpusculo
1297 2659 1423 2732 positum,
1433 2659 1542 2718 debeat
1562 2659 1620 2718 sibi
1633 2662 1803 2737 quidquam

89 2739 215 2814 aliquid,
230 2740 415 2815 decerpsisse
436 2748 492 2802 est.
508 2747 585 2801 Cum
606 2744 756 2817 siquidem
775 2747 918 2804 virtutum
971 2747 1129 2804 vendicare
1157 2747 1196 2805 de
1227 2748 1350 2820 meritis,
1380 2765 1512 2822 quorum
1541 2751 1596 2808 iter
1626 2751 1802 2809 daemonum

89 2829 156 2900 ejus
180 2829 275 2900 gretia
299 2845 362 2888 nou
385 2829 578 2890 sermonibus
600 2833 780 2906 exponenda
800 2834 849 2898 sit,
863 2833 919 2892 sed
970 2834 1803 2914 intestatievelutlalmuumobsldetmultitudo,quibus

89 2917 233 2990 operibus
256 2919 583 2994 comprobandacunr
604 2921 777 2980 enimdlcat
792 2923 921 2996 Scriptu-
969 2940 1079 2987 omues
1099 2925 1164 2982 dies
1185 2925 1429 2999 supplantatores
1453 2927 1542 2984 invisi
1565 2928 1738 2986 mimamm
1760 2929 1802 2988 ta·

88 3023 138 3063 ra:
155 3009 259 3067 Gloria
273 3011 376 3066 Patro
389 3015 431 3067 est
444 3010 543 3066 Filius
553 3013 680 3080 sopiens,
696 3016 816 3084 quantae
829 3011 920 3084 hujus
972 3029 1067 3087 queos
1080 3014 1207 3072 madunt
1224 3015 1490 3074 innumerabilium
1504 3017 1647 3075 mortium
1657 3033 1803 3091 expaves·

89 3100 160 3154 sunt
180 3096 292 3169 gloriae,
307 3097 360 3170 qui
386 3101 539 3155 tantorum
562 3097 694 3154 filiorum
722 3099 869 3173 supientia
892 3105 921 3157 et
973 3102 1109 3160 cendosi
1125 3103 1339 3174 Navigautibus
1361 3104 1441 3162 enim
1457 3106 1545 3162 nobis
1568 3121 1622 3179 per
1643 3107 1803 3165 turmore

87 3185 246 3243 devotione
259 3186 394 3244 tremant
409 3191 441 3243 ln
456 3187 571 3245 Christo
586 3187 666 3244 enim
678 3190 812 3262 iesupcr
822 3193 918 3246 livan-
973 3203 1118 3263 moenum
1128 3194 1336 3264 eespoviosum,
1349 3193 1380 3250 lu
1389 3208 1450 3267 quo
1464 3199 1534 3252 sunt
1543 3197 1665 3266 repletio
1676 3211 1802 3269 qaorum
1877 3267 1881 3276 Α

89 3275 200 3346 galium
213 3292 270 3334 nos
285 3279 396 3347 genuit.
410 3275 562 3350 Quidquid
576 3277 673 3348 agitur
687 3278 717 3334 iu
740 3279 798 3336 hac
813 3283 919 3337 sancta
973 3296 1034 3338 non
1056 3287 1110 3352 est,
1123 3297 1275 3351 numerus,
1291 3284 1438 3341 animatio
1456 3285 1573 3355 pusillo
1593 3292 1620 3342 et
1634 3301 1756 3357 mooun,
1771 3284 1803 3341 id

87 3365 176 3438 plebe
197 3371 295 3440 potest
316 3383 381 3423 esse
404 3366 505 3423 vitulis
524 3371 552 3424 et
566 3367 677 3438 gratia,
691 3367 729 3424 de
752 3369 810 3425 hoc
831 3369 919 3442 quasi
968 3373 1026 3438 est,
1042 3369 1162 3427 diversa
1186 3375 1255 3428 sunt
1279 3387 1390 3444 genera
1413 3372 1680 3448 inimicorum,qui
1698 3389 1803 3431 secun-

88 3455 225 3528 quodam
250 3455 331 3513 tonte
357 3455 554 3520 lucidissimo,
584 3456 722 3514 omnium
752 3458 919 3515 rivulorum
969 3457 1047 3515 dnn
1061 3463 1233 3518 nostrarum
1257 3460 1366 3518 virium
1383 3461 1592 3535 quantitatem,
1608 3465 1803 3537 compensato

88 3547 204 3618 puritas
218 3547 379 3605 emanavit.
392 3547 518 3618 Etenim,
544 3547 617 3620 quia
631 3547 774 3604 castitatis
787 3549 920 3622 pollebat
972 3546 1132 3604 nobiscum
1142 3563 1240 3618 agone
1254 3547 1415 3606 luctarer.

87 3637 203 3708 vigore,
228 3637 301 3710 quia
327 3637 514 3694 absinentiae
546 3635 732 3710 gloriebatur
762 3638 917 3710 angustiis,
1008 3635 1042 3692 ln
1055 3636 1146 3708 hujus
1159 3636 1261 3710 itaque
1275 3637 1383 3694 mundi
1392 3637 1513 3714 paone,
1526 3639 1618 3699 nobis
1631 3639 1720 3700 valde
1734 3654 1802 3713 per-

88 3726 162 3798 quia
174 3725 387 3784 blandimentis
400 3731 463 3783 erat
475 3726 619 3800 praeditus
629 3725 768 3795 lenitatis,
780 3728 917 3785 omnium
972 3724 1192 3782 timescendum
1205 3731 1260 3799 est,
1275 3743 1313 3784 uc
1328 3727 1429 3786 navim
1451 3735 1585 3786 noscam
1607 3734 1659 3785 aut
1672 3728 1804 3803 procella

90 3815 202 3872 civium
232 3816 263 3872 in
290 3819 385 3873 Deum
408 3815 583 3890 provocavit
611 3815 762 3872 affectum.
792 3819 868 3876 Bene
892 3821 921 3874 at
972 3813 1158 3885 tempestatis
1176 3813 1315 3887 abripiat,
1332 3820 1384 3872 aut
1398 3815 1507 3873 linctus
1521 3816 1694 3890 absorbeat,
1709 3817 1802 3874 autin

5 3973 6 3980 ἵ
88 3915 221 3972 congrue
237 3900 268 3958 in
282 3901 339 3958 hac
354 3900 402 3958 dle
413 3916 507 3973 quam
521 3899 608 3957 uobis
625 3899 705 3956 beati
723 3899 816 3973 patris
826 3899 920 3957 nostri
936 3925 956 3983 C
973 3903 1116 3956 eternam
1130 3901 1265 3974 praedam
1283 3901 1380 3976 piretu
1395 3902 1523 3960 crudelis
1537 3903 1678 3961 abducat.
1694 3903 1804 3961 adver

5 4071 6 4076 ἵ
89 3989 205 4048 Orionis
217 3989 256 4047 ad
266 3989 445 4066 paradisum
453 3989 596 4046 transitus
606 3988 814 4046 exsultabilem
823 3989 921 4047 reddit
974 3989 1102 4044 sushaec
1125 4003 1196 4060 ergo
1211 3989 1409 4049 multilormia
1430 3990 1523 4050 seculi
1544 3990 1636 4064 mala,
1652 3992 1803 4064 castigatis

5 4115 7 4150 2
87 4077 243 4153 praesentis
265 4079 376 4153 psalmi
398 4077 581 4136 versiculum
609 4077 858 4136 decantavimus:
882 4079 919 4138 la
973 4077 1002 4132 et
1027 4075 1115 4133 castis
1136 4075 1252 4134 aclibus
1267 4077 1452 4136 resistamus.
1476 4077 1556 4136 Beati
1583 4082 1685 4136 autem
1707 4079 1802 4137 Patris

5 4215 6 4222 ,
87 4171 233 4228 monerio
263 4175 377 4228 atauo
402 4169 459 4226 erit
481 4170 594 4240 justas.
608 4166 700 4239 Digne
715 4167 795 4224 enim
811 4167 842 4224 in
857 4183 920 4225 me·
973 4163 1086 4222 Odonis
1108 4165 1215 4224 merita
1233 4167 1299 4238 jam
1313 4166 1345 4223 in
1366 4171 1430 4225 tuto
1443 4169 1540 4241 posita
1554 4168 1653 4225 securi
1662 4167 1803 4239 magnili-

5 4263 6 4268 ’
86 4257 219 4315 moriam
232 4257 537 4324 vertiturbominum,
553 4257 606 4329 qul
620 4257 660 4315 ad
679 4256 825 4330 gaudum
840 4261 921 4318 han·
972 4255 1158 4329 consequi
1182 4255 1421 4328 gubernaculum
1446 4257 1516 4314 fidei
1540 4257 1663 4315 viriliter
1688 4261 1802 4328 tenens,

87 4349 334 4420 siitaugelorum.
351 4349 406 4416 Qui
418 4350 483 4422 jam
508 4349 635 4420 gratiam
649 4347 755 4406 Christi
778 4347 921 4407 clarifica·
973 4347 1139 4404 anchoram
1154 4346 1389 4421 speitranquilla
1401 4347 1464 4420 jam
1487 4347 1519 4404 in
1534 4347 1661 4405 statione
1684 4363 1805 4421 compo·

5 4473 7 4510 ;
88 4443 136 4495 tus
151 4439 339 4513 invenit‚qui
352 4439 460 4496 mundi
474 4437 601 4510 gloriam
611 4452 674 4494 non
688 4438 835 4510 quaesivit.
970 4435 1044 4506 suit,
1070 4439 1099 4493 et
1127 4435 1251 4510 plenam
1288 4436 1460 4495 coelestibus
1485 4436 1605 4506 diuitis,
1630 4441 1658 4494 et
1687 4437 1804 4496 aeternis

5 4551 7 4580 ι
126 4527 200 4585 llicit
211 4544 310 4586 sermo
325 4528 464 4585 divinus:
480 4529 525 4584 Ne
541 4527 712 4584 laudaveris
728 4526 876 4583 bominem
887 4527 919 4582 ia
975 4525 1125 4582 mercibus
1153 4525 1257 4584 navim
1277 4531 1380 4600 optato
1406 4527 1438 4584 in
1456 4527 1552 4585 littore
1570 4527 1736 4596 collocavit,
1751 4527 1806 4600 qui

5 4695 6 4700 η
88 4619 150 4676 vile
166 4633 231 4675 suo.
246 4615 402 4691 Tanquam
415 4615 440 4673 si
458 4613 588 4673 diceret:
613 4613 717 4672 Lauda
730 4617 800 4689 post
814 4613 919 4683 vitam,
975 4622 1078 4675 contra
1107 4633 1213 4675 omnes
1247 4617 1434 4676 adversarios
1463 4622 1579 4675 scutum
1614 4617 1728 4675 timoris
1753 4617 1806 4674 ilci

5 4713 7 4726 ’
86 4707 332 4783 magnilicapcst
346 4706 650 4765 consummationem.
665 4703 782 4780 Duplici
794 4705 920 4762 enimex
979 4705 1084 4763 tandiu
1104 4705 1337 4780 infatigabiliter,
1360 4707 1465 4778 tenuit,
1487 4705 1584 4764 donec
1598 4705 1806 4766 advictoriam

5 4837 7 4866 ,
87 4797 308 4863 causantibus
323 4797 541 4855 esthominum
562 4795 661 4867 magis
685 4795 840 4852 memoriae
853 4795 919 4853 lau·
975 4794 1153 4868 perveniret.

5 4909 7 4940 r
87 4888 160 4946 dem
174 4887 246 4945 dare
259 4903 353 4964 quam
366 4885 445 4960 vita,
455 4891 489 4943 ut
499 4885 550 4943 illc
563 4885 758 4960 potissimum
772 4889 918 4960 tempore,
1010 4882 1087 4950 Quid
1097 4883 1178 4940 enim
1192 4881 1248 4940 luit
1261 4885 1340 4939 totus
1352 4882 1420 4942 vite
1434 4881 1513 4940 illius
1527 4899 1643 4955 cursus,
1655 4885 1714 4942 nisi
1724 4901 1804 4943 unus

5 4985 6 5014 l
86 4977 196 5036 merita
210 4976 372 5036 sanctitatis
386 4975 520 5046 extollas,
535 4971 660 5048 quando
673 4991 730 5032 nec
743 4973 920 5032 laudantem
974 4989 1045 5030 cum
1070 4971 1151 5044 vigili
1173 4973 1259 5028 hoste
1274 4969 1451 5030 conflictus?
1477 4973 1600 5040 Quantis
1613 4975 1663 5033 hic
1677 4975 1806 5046 concisa

5 5055 6 5140 f
87 5067 331 5135 adulaticnocet,
347 5081 403 5123 nec
422 5065 580 5123 laudatum
593 5067 687 5122 tentet
705 5063 804 5122 elatio.
817 5061 920 5122 Lauda
972 5062 1021 5120 via
1033 5061 1164 5119 veritatis
1179 5059 1359 5134 errantibus,
1371 5065 1400 5120 et
1413 5059 1451 5119 de
1464 5075 1587 5122 summa
1605 5063 1671 5138 iam
1684 5063 1717 5121 in
1735 5079 1805 5138 pro·

5 5141 6 5200 7
86 5173 161 5229 ergo
181 5160 251 5231 post
278 5155 458 5231 pericnlum,
480 5153 613 5230 predica
639 5167 788 5211 securum.
817 5153 920 5210 Lauda
975 5149 1104 5208 fundum
1118 5165 1194 5224 mpe
1213 5147 1426 5224 pendentibus,
1449 5153 1595 5210 nmismm
1608 5151 1740 5210 reddidit
1760 5151 1804 5207 vl-

86 5263 151 5306 non
160 5245 332 5319 navigantis
342 5246 512 5304 felicitatem
526 5262 534 5315 ;
551 5241 604 5301 scd
617 5259 687 5301 cum
699 5241 867 5318 pervenerit
880 5241 920 5300 ad
934 5281 959 5338 D
975 5257 1054 5310 sinn,
1066 5243 1093 5298 et
1107 5239 1193 5298 illum
1207 5255 1269 5315 quo
1283 5239 1414 5299 Christus
1427 5239 1586 5311 viderebrr,
1596 5237 1748 5316 reparavit
1760 5237 1805 5295 in·

85 5341 220 5412 portum.
234 5335 336 5394 Lauda
350 5335 435 5393 ducis
444 5335 595 5406 virtutem,
609 5333 661 5389 sed
676 5349 746 5390 cum
757 5331 920 5406 perductus
976 5330 1111 5389 tultum?
1125 5331 1312 5398 Quantorum
1330 5329 1464 5401 auribus,
1480 5329 1577 5388 sordis
1604 5333 1633 5387 et
1645 5327 1804 5387 infidelita-

86 5425 184 5484 estad
203 5427 403 5500 triumphum.
420 5424 493 5491 Quis
506 5429 607 5482 autem
619 5422 723 5480 vivens
739 5425 801 5479 tuto
815 5419 919 5496 possit,
974 5421 1009 5477 tis
1022 5420 1210 5478 obturatione
1224 5419 1386 5491 damnatis,
1403 5419 1442 5477 nd
1455 5417 1682 5494 percipiendam
1696 5433 1804 5476 vocem

86 5533 123 5575 ac
139 5515 203 5574 sine
222 5515 421 5590 trepidatione
441 5511 569 5581 laudari,
591 5511 644 5586 qni
665 5515 694 5568 et
721 5511 758 5568 de
772 5511 921 5584 preterito
974 5505 1803 5581 calestinmmandatorum,pretiosuminluditauditnm,

86 5605 227 5666 meminit
237 5621 269 5664 se
280 5603 393 5664 habere
407 5601 493 5679 quod
505 5601 624 5674 debeat,
638 5605 668 5660 et
681 5601 719 5659 dc
728 5599 830 5659 iuno
839 5597 922 5658 videt
974 5597 1133 5659 utvocentl
1140 5599 1199 5660 oso
1212 5598 1253 5658 ed
1263 5594 1514 5667 miscricordiam,
1523 5595 1742 5670 responderent
1750 5611 1804 5670 per
