4120 6154
113 187 156 242 333
437 153 439 157 ’
512 181 1322 246 33113333333113333.3333.133133.-133.
1345 193 1408 247 3111.
1756 196 1807 250 333

110 309 358 378 1311,3133313333
373 309 400 365 in
416 315 500 382 porta
513 309 715 376 consisterem,
730 313 758 364 31
766 307 927 366 causasin·
943 306 967 361 31
983 313 1094 364 sancta
1113 312 1246 368 Ecclesiae
1261 313 1436 382 referamus,
1452 315 1499 370 ille
1515 315 1540 386 ej
1547 331 1580 370 us
1595 314 1685 372 verbu
1696 315 1810 372 beatifi-

108 401 283 454 troeuntium
297 399 474 469 judicarent.
493 400 577 466 Quod
607 399 730 454 beatum
753 397 808 453 lob
832 396 927 466 egisse
982 401 1038 462 331,
1054 399 1156 470 quiea
1171 417 1238 474 quer
1254 401 1391 472 andicrit,
1408 418 1499 474 opere
1510 407 1711 460 consummat.
1722 403 1771 460 1113
1781 403 1809 460 31

107 501 158 560 pro
170 485 250 541 cultu
261 487 379 557 justitiae
396 493 508 544 certum
524 493 671 544 tenemus.
689 487 744 544 Sed
773 485 847 560 quid
875 499 928 556 per
981 485 1183 544 testimonium
1199 489 1305 555 reddit,
1322 491 1373 562 331
1382 490 1527 564 exemplis
1544 493 1610 552 31133
1627 492 1705 550 illius
1731 491 1808 550 bene

107 575 225 632 civitatis
240 581 369 648 portam,
384 578 440 633 nisi
457 578 538 634 hona
553 593 682 652 quaeque
701 577 778 634 actio
792 575 929 644 designa·
981 565 1109 632 vivendo
1120 579 1292 651 respondet.
1306 579 1445 652 Sequitur
1461 596 1468 635 :

107 669 158 736 tur,
178 681 333 738 perquam
346 668 446 723 anima
462 667 501 724 ad
512 670 692 724 conventum
707 666 791 736 regni
802 664 928 720 caelestis
1018 665 1107 723 Vens.
1126 672 1169 733 11,
1184 668 1225 724 13.
1242 669 1286 725 Eo
1296 669 1375 740 quod
1391 669 1561 726 liberassem
1584 685 1749 741 pauperem
1761 688 1809 730 vc·

106 753 290 823 ingreditur?
312 755 393 812 Unde
410 757 560 828 Propheta
575 757 615 812 ait
630 774 636 811 :
652 779 665 804 3
681 755 736 822 Qui
751 754 865 810 exaltas
880 769 928 810 me
983 754 1169 824 ciseraatem,
1185 763 1211 814 31
1223 759 1377 828 papillam
1392 759 1442 815 cai
1453 775 1512 814 aaa
1522 765 1588 816 erat
1598 761 1730 830 adjutor.
1752 763 1810 818 Be-

106 842 140 898 de
152 841 243 914 portis
257 845 371 909 mortis,
390 849 422 901 ut
434 845 611 902 annuntiem
622 861 728 901 omnes
741 843 847 901 laudes
863 847 928 898 tuas
954 857 960 868 ·
982 844 1113 901 3333113113
1125 847 1257 915 perarari
1265 862 1355 916 saper
1369 863 1415 904 me
1428 847 1573 915 3333131331,
1596 853 1626 904 ct
1647 863 1700 904 cor
1713 851 1811 908 3311333

106 929 502 1004 133331131111381331Ρ331.
520 951 556 1000 nr,
576 935 657 1006 15).»
691 933 766 994 Quid
792 947 928 1004 veroper
983 935 1404 1006 consolaturum-uagae
1424 935 1635 994 misericordie
1661 937 1718 994 1313
1741 943 1812 994 3331
1892 953 1899 964 ·

106 1019 283 1091 cathedram,
299 1021 354 1077 nisi
369 1023 530 1093 magisterii
542 1025 702 1080 auctoritas
725 1019 928 1092 designatur?
982 1036 1083 1093 opera,
1099 1021 1227 1079 liberare
1256 1023 1467 1081 vociferantem
1495 1039 1670 1098 pauperem,
1694 1025 1810 1098 pupillo

106 1110 198 1164 draca
211 1113 312 1166 autem
326 1127 398 1168 3333
414 1112 514 1184 platea
540 1129 596 1184 pro
623 1111 779 1168 latitudine
809 1111 925 1166 dicitur.
982 1107 1165 1178 adiutorium
1176 1112 1357 1182 ministrare,
1369 1113 1535 1186 pariturum
1548 1113 1672 1187 eripere,
1688 1129 1740 1170 cor
1768 1114 1811 1170 vi·

104 1203 179 1256 llnnc
190 1214 264 1270 ergo
279 1200 410 1258 Ecclesia
423 1201 461 1258 ad
477 1201 603 1258 civitatis
633 1205 752 1274 33313111
781 1199 925 1272 procedit,
981 1196 1050 1252 duee
1065 1200 1223 1256 consolari.
1241 1201 1309 1257 11333
1322 1201 1428 1258 1333133
1441 1201 1496 1258 131)
1512 1205 1540 1258 31
1551 1201 1686 1258 exhibuit
1708 1201 1811 1258 sabdi-

103 1288 168 1360 quia
182 1293 215 1344 ut
230 1289 366 1344 auditum
385 1291 512 1347 calestia
526 1291 610 1362 regui
623 1289 775 1363 percipiat,
790 1289 820 1344 in
845 1304 928 1345 senc·
981 1283 1028 1350 tis,
1046 1291 1074 1342 et
1088 1291 1186 1343 tamen
1198 1305 1252 1361 per
1265 1295 1401 1346 sanctam
1414 1288 1575 1346 Ecclesiam
1589 1289 1760 1348 exhibenda
1771 1290 1812 1348 si-

102 1377 135 1433 113
149 1377 318 1434 actionibus
334 1385 458 1436 exercet.
477 1380 529 1436 uui
541 1380 572 1436 13
586 1380 684 1453 platea
696 1379 928 1451 3333133331133-
982 1376 1093 1443 guerit.
1110 1379 1180 1440 Quae
1194 1383 1346 1450 utcunque
1362 1395 1443 1434 3333
1456 1377 1671 1436 incessabiliter
1685 1385 1811 1448 exercet,

101 1467 160 1526 dra.
177 1467 251 1540 quie
266 1468 293 1522 in
311 1485 429 1534 13331333
445 1469 628 1526 auctoritatis
639 1467 792 1525 latitudine
806 1467 852 1522 sui
866 1483 928 1522 ma·
981 1464 1250 1523 313131311331131133
1265 1484 1336 1522 31133
1347 1471 1375 1524 31
1385 1467 1539 1541 loquenda
1550 1472 1664 1541 pascat,
1676 1473 1705 1525 31
1713 1469 1814 1526 deleu-

102 1555 531 1624 313133113111131111133131331.
565 1558 619 1624 031
645 1558 724 1614 33113
754 1559 834 1611 33313
858 1570 926 1627 quae
981 1551 1537 1630 (1313(1333313331.Η3333313133333
1563 1571 1656 1630 supra
1681 1557 1813 1614 diximus

102 1643 185 1698 sentit
197 1643 320 1716 publica
333 1661 404 1702 voce
416 1647 568 1720 praedicat,
594 1646 680 1720 quasi
709 1646 739 1700 13
771 1645 870 1718 313133
896 1642 927 1699 13
946 1658 967 1712 Β
981 1643 1097 1716 31313113
1112 1661 1203 1719 opera
1217 1651 1321 1702 sancta
1337 1646 1468 1703 Ecclesia
1480 1651 1509 1703 31
1520 1647 1716 1720 corporaliter
1732 1649 1813 1705 exbi-

102 1731 520 1808 cathedrasedet.sequitnr:
981 1731 1040 1796 bet,
1056 1737 1085 1790 31
1103 1733 1271 1807 spiritaliter
1295 1735 1434 1792 exhibere
1464 1749 1526 1792 non
1550 1740 1656 1792 cesset.
1685 1739 1760 1791 Nam
1785 1739 1814 1792 et

134 1821 220 1876 Vens.
235 1824 261 1876 8.
280 1823 476 1880 Videbaatme
483 1827 609 1894 jaceres
619 1813 927 1889 etadsccadebaatar,
978 1835 1142 1890 pauperem
1152 1823 1365 1892 vociferantem
1380 1823 1497 1893 liberat,
1512 1837 1582 1878 cum
1596 1823 1748 1896 peccatori
1761 1839 1813 1880 ve·

101 1915 126 1964 et
147 1925 228 1966 senes
245 1919 432 1982 assurgentes
445 1914 576 1970 31313331.
593 1945 627 1953 -
641 1913 668 1968 Si
679 1911 807 1968 historiae
833 1911 929 1965 13133·
982 1908 1065 1964 31331
1080 1909 1262 1982 deprecanti,
1276 1927 1327 1966 eas
1341 1925 1418 1982 quas
1432 1909 1624 1968 commiserat
1647 1911 1752 1984 culpas
1766 1927 1813 1967 re·

100 1997 213 2065 dimus,
229 2001 539 2071 (3333311311313111333
555 2001 594 2068 ;si
608 2000 842 2071 chartariaeque
856 2014 931 2070 3333·
982 1995 1072 2053 laxet.
1091 1999 1250 2054 [letalibus
1264 1998 1567 2072 quippepauperibus
1582 1999 1703 2056 dicitur:
1721 2001 1814 2056 ‹Bea-

100 2087 175 2141 dirit
189 2088 335 2143 videmus.
351 2092 477 2145 terrenas
493 2103 624 2160 namque
640 2088 698 2143 dici
723 2087 827 2153 solent,
857 2087 929 2159 quia
983 2084 1004 2139 ti
1020 2099 1167 2158 pauperes
1179 2087 1294 2159 spiritu,
1309 2087 1454 2159 quoniam
1467 2087 1602 2158 ipsorum
1616 2091 1661 2143 est
1684 2103 1813 2158 regnum

101 2173 175 2228 nulli
191 2175 306 2230 consilii
326 2177 470 2244 gravitate
487 2177 696 2249 deprimuntur
710 2194 717 2245 ;
748 2191 835 2231 senes
861 2191 930 2231 3333
985 2173 1129 2230 calorum
1144 2176 1264 2246 (1131113.
1278 2193 1307 2237 3,
1324 2179 1361 2246 3).
1380 2199 1393 2225 3
1409 2176 1556 2250 l’upillum
1567 2193 1637 2232 3333
1648 2177 1815 2234 3313331331

100 2277 161 2316 non
178 2277 231 2318 eos
245 2264 395 2337 Scriptura
406 2281 511 2322 vocare
521 2265 687 2328 consucvit.
697 2265 749 2337 qui
760 2264 824 2320 sola
835 2279 930 2336 quan·
985 2262 1107 2334 adjutor
1119 2263 1235 2334 liberat,
1251 2265 1323 2320 dum
1340 2265 1549 2337 unusquisque
1560 2269 1678 2321 mortuo
1690 2267 1814 2338 antiquo

99 2350 179 2406 111313
196 2355 375 2424 1331333331,
392 2355 443 2409 3331
460 2371 579 2410 morum
593 2353 806 2424 grandaevitate
820 2352 929 2408 maturi
984 2357 1068 2424 patre
1081 2352 1211 2418 diabolo,
1229 2353 1268 2408 ed
1285 2357 1395 2410 sancta
1414 2353 1549 2409 Ecclesia
1565 2353 1665 2410 sinum
1681 2369 1813 2426 currens,

100 2445 176 2494 sunt.
196 2441 278 2496 Unde
294 2444 519 2514 perqucmdam
535 2444 699 2516 sapientem
713 2441 821 2498 31131133
834 2461 840 2497 :
854 2463 867 2491 3
882 2443 930 2498 83-
983 2440 1013 2496 13
1024 2457 1060 2496 33
1072 2457 1153 2497 sance
1168 2441 1381 2500 exhortationis
1406 2441 1590 2512 adiutorium
1613 2441 1735 2514 1333311,
1762 2443 1815 2516 331

99 2533 202 2584 nectus
219 2531 464 2602 venerabilisest,
481 2547 542 2588 non
564 2532 716 2600 diuturna,
745 2545 843 2603 acque
871 2545 928 2586 nu·
980 2529 1044 2600 Jam
1066 2529 1215 2586 desideria
1239 2530 1346 2586 mundi
1375 2530 1583 2604 persequentis
1609 2529 1694 2602 fugit.
1719 2533 1815 2588 Potest

99 2633 181 2672 mero
194 2633 344 2674 annorum
356 2625 539 2693 computata.
557 2620 628 2677 Cani
644 2625 713 2676 sunt
735 2624 836 2675 autem
860 2635 928 2675 sen·
982 2617 1087 2692 pupilli
1101 2619 1223 2674 nomine
1238 2618 1335 2676 tidelis
1350 2618 1479 2693 quisque
1490 2619 1580 2675 etiam
1591 2623 1714 2693 propter
1736 2635 1814 2676 mor·

101 2721 150 2760 sus
162 2707 305 2776 hominis,
320 2713 348 2764 et
361 2715 433 2765 (3133
460 2709 619 2765 senectutis
647 2709 707 2764 3113
733 2707 928 2765 immaculata
982 2710 1042 2762 tem
1058 2707 1130 2763 boni
1147 2709 1240 2764 Patris
1253 2707 1385 2778 intelligi,
1402 2707 1489 2780 cujus
1505 2707 1701 2782 adtemplum
1724 2709 1813 2766 visio·

98 2795 178 2865 (Sap.
196 2813 235 2868 rr,
252 2799 319 2866 8·9).
338 2821 351 2847 »
383 2800 523 2855 Sanctam
542 2813 613 2868 ergo
641 2797 803 2853 Ecclesiam
825 2797 928 2853 vident
982 2794 1191 2853 nedestitutus
1207 2797 1736 2869 33133331331311331331113133333
1755 2803 1811 2856 331.

98 2899 177 2940 3333
189 2887 319 2956 juvenes
333 2890 362 2943 31
374 2887 615 2952 absconduntur,
636 2901 721 2942 senes
733 2901 805 2942 vero
833 2885 859 2941 ei
882 2901 928 2941 as·
984 2885 1154 2941 Benedictio
1166 2885 1257 2942 etiam
1269 2887 1403 2954 perarari
1418 2901 1508 2958 super
1527 2901 1598 2942 eum
1623 2887 1715 2956 33311,
1743 2903 1813 2944 3313

98 2980 254 3046 surgentes
270 2977 422 3046 assistunt,
439 2975 927 3049 quiavigoremejusatquerecti-
945 3001 967 3058 0
982 2973 1149 3046 peccatoris
1177 2973 1328 3030 interitum
1355 2973 1510 3046 prevenit,
1539 2979 1568 3032 et
1604 2991 1675 3032 cum
1702 2977 1814 3033 sanctis

99 3063 927 3134 tudinemimmaturilormidantgrandaeviglorificantr
980 3061 1235 3120 exhortationibus
1250 3077 1267 3118 3
1283 3061 1379 3133 culpae
1391 3061 1478 3118 13333
1493 3062 1621 3120 reducit.
1636 3063 1719 3119 Unde
1742 3065 1814 3120 scri·

97 3154 174 3211 leves
185 3157 303 3230 quique
319 3157 371 3230 qui
393 3162 470 3224 sunt,
488 3155 615 3226 tugiunt,
631 3171 737 3226 graves
754 3169 825 3212 3333
840 3157 929 3227 atque
979 3155 1064 3225 ptum
1080 3155 1124 3208 ast
1149 3169 1155 3207 :
1187 3150 1271 3217 «Qui
1284 3149 1416 3206 converti
1443 3149 1544 3206 1333311
1569 3153 1757 3222 peccatorem
1772 3151 1812 3208 eh

96 3244 216 3314 perfecti
228 3246 310 3301 hanc
321 3245 456 3301 vitasuee
468 3243 579 3301 meritis
589 3242 775 3314 assurgendo
786 3257 930 3299 renerau·
981 3257 1080 3298 errore
1091 3241 1146 3296 viae
1162 3257 1235 3311 suae,
1252 3239 1379 3296 salvabit
1389 3239 1523 3296 animem
1538 3239 1755 3311 ejusamorte,
1784 3243 1813 3297 et

97 3337 151 3388 tur.
168 3333 334 3407 Sequitur:
981 3329 1076 3402 operit
1092 3327 1312 3386 multitudinem
1338 3331 1532 3402 peccatorum
1560 3329 1636 3396 (dac.
1663 3343 1693 3400 v,
1722 3327 1778 3402 10).
1795 3347 1811 3383 3

129 3423 217 3478 vans.
234 3428 263 3488 9,
280 3423 320 3478 lo.
337 3422 663 3492 Pmacipescessadam
680 3421 770 3492 133311,
800 3420 929 3491 3131133·-
981 3420 1153 3475 1133331333
1167 3417 1266 3474 vidua
1282 3417 1464 3488 consolatur,
1493 3416 1568 3478 dum
1598 3417 1679 3474 fideli
1702 3417 1810 3491 cuique

98 3515 156 3565 tam
172 3511 417 3581 superponebant
426 3513 473 3566 cri
481 3525 544 3566 sac.
579 3513 680 3566 Vocem
703 3525 786 3567 suam
816 3509 929 3566 13111113-
980 3508 1100 3578 animer,
1116 3507 1188 3580 quia
1202 3511 1328 3563 aeternas
1343 3505 1459 3562 Domini
1474 3505 1683 3563 retributiones
1697 3510 1811 3578 narrat,

98 3598 165 3655 131331
181 3601 284 3666 daces,
296 3600 929 3672 3111133333333331133131331111333131.-
980 3598 1068 3674 quasi
1077 3597 1133 3653 viri
1148 3597 1193 3652 sui
1207 3595 1811 3670 333331133133313133333331.(1313313

97 3688 171 3752 Quid
187 3690 248 3745 hoc
264 3688 389 3745 133333111
404 3689 496 3745 duces
508 3689 554 3744 331
565 3689 714 3762 principes
728 3687 850 3758 intelligi
860 3705 928 3762 pos·
981 3687 1150 3761 spiritaliter
1165 3687 1267 3743 anima
1279 3687 1447 3757 junctaeet,
1458 3701 1494 3743 eo
1509 3691 1629 3743 mortuo
1639 3685 1810 3743 viduadici·

97 3783 174 3840 sunt.
192 3779 252 3834 nisi
266 3779 411 3835 heretice
424 3779 579 3851 pravitatis
594 3779 755 3835 auctores?
768 3781 808 3834 lle
817 3779 929 3851 quibus
981 3782 1039 3846 tur,
1052 3777 1104 3834 sed
1120 3781 1231 3832 3333133
1244 3775 1382 3832 Ecclesia
1396 3775 1523 3832 vocibus
1536 3793 1574 3832 ex
1588 3777 1654 3848 ejus
1664 3791 1810 3832 resurrec-

96 3881 149 3936 per
164 3866 358 3922 Psalmistam
374 3867 481 3922 dicitur
497 3886 503 3922 ε
517 3889 530 3916 3
549 3867 649 3923 Eti'usa
660 3871 703 3922 est
718 3867 868 3923 contentio
884 3883 932 3922 su·
980 3867 1060 3922 tione
1077 3864 1232 3920 refovetur.
1250 3864 1408 3936 Sequitur:

95 3969 149 4024 per
161 3955 329 4028 principes,
345 3959 373 4010 et
386 3955 568 4010 seduxerunt
582 3971 633 4010 eos
646 3956 678 4010 in
691 3955 772 4011 invio
785 3960 814 4011 et
825 3971 887 4011 non
899 3954 931 4010 iu
1018 3957 1104 4008 Vens.
1121 3952 1298 4007 rarescitis
1310 3952 1436 4007 indutae
1449 3965 1525 4020 sam,
1543 3957 1569 4007 et
1583 3953 1690 4008 33311333·
1716 3967 1761 4008 me
1774 3954 1812 4007 si-

94 4044 141 4099 vla
157 4044 258 4114 (Psal.
275 4045 400 4112 333111).
417 4046 613 4113 »Nuncergo
636 4043 844 4099 hareticarum
871 4043 933 4116 ple-
984 4041 1231 4097 catoestt'meato.
1260 4069 1296 4080 -
1322 4038 1502 4094 vestimento
1515 4038 1617 4110 utique
1645 4053 1714 4093 cum
1729 4039 1813 4094 33311-

93 4131 182 4187 binm
199 4129 353 4203 principes
370 4131 544 4186 auctoritate
568 4133 678 4188 sanctae
708 4129 843 4186 Ecclesia
867 4145 933 4202 per·
985 4143 1063 4199 mur,
1078 4143 1114 4184 ex
1129 4126 1306 4200 omniparte
1322 4125 1556 4182 circumdamur.
1572 4125 1622 4182 llle
1636 4139 1707 4197 ergo
1723 4125 1812 4198 33311-

94 4220 267 4291 pendentes
281 4223 401 4275 cessant
420 4218 512 4292 loqui,
530 4223 559 4275 et
572 4219 660 4292 quasi
677 4219 721 4276 ori
737 4235 792 4274 suo
804 4217 932 4289 digitum
985 4218 1025 4274 113
1040 4217 1115 4272 31331
1127 4215 1304 4270 vestimento
1317 4213 1450 4284 vestitur,
1462 4213 1515 4288 qui
1528 4229 1559 4270 se
1575 4213 1707 4286 undique
1729 4213 1812 4270 bono

97 4311 321 4382 superponunt,
333 4308 406 4364 dum
423 4307 505 4363 131313
519 4307 658 4381 33333113,
675 4323 736 4364 333
757 4307 872 4364 3311333
883 4321 932 4363 vo·
985 4323 1074 4380 opere
1089 4304 1226 4379 protegit,
1241 4308 1270 4360 et
1281 4303 1396 4360 nullam
1411 4307 1527 4376 partem
1535 4303 1660 4360 actionis
1671 4319 1732 4361 3333
1745 4319 1812 4377 pec-

96 4397 137 4452 313
153 4414 187 4454 33
201 4397 335 4470 reprimi,
353 4397 405 4453 sed
420 4398 535 4454 virtutis
560 4413 653 4454 manu
675 4395 854 4467 significant.
880 4399 932 4470 Va
985 4401 1052 4454 cato
1066 4395 1182 4452 nudam
1197 4393 1345 4468 relinquit.
1362 4393 1478 4451 Nullam
1490 4393 1543 4467 qui
1567 4395 1597 4450 in
1612 4393 1678 4452 allis
1692 4394 1814 4452 actioni-

97 4501 160 4542 cem
178 4501 270 4542 suam
285 4485 377 4542 duces
389 4487 539 4552 cohibent,
568 4485 640 4558 3313
662 4486 804 4542 nimirum
826 4485 857 4541 hi
878 4485 932 4558 qui
985 4488 1044 4544 bus
1055 4485 1154 4558 justus
1168 4488 1222 4552 est,
1233 4483 1264 4540 in
1280 4483 1345 4541 aliis
1358 4483 1496 4556 injustus,
1509 4483 1596 4558 quasi
1607 4486 1665 4542 hoc
1678 4483 1813 4542 1313333-

98 4583 166 4646 post
179 4593 212 4633 se
231 4581 366 4632 errantes
377 4576 507 4650 populos
524 4576 640 4632 trahere
652 4578 811 4642 conantur,
836 4589 874 4631 ne
888 4573 932 4630 lc·
985 4573 1111 4647 operuit,
1128 4571 1201 4628 illud
1215 4573 1349 4630 33113311.
1365 4573 1505 4647 Sequitur
1519 4590 1527 4629 3
1543 4573 1583 4630 111
1593 4575 1814 4644 (1133133313ρα-

99 4665 148 4736 qni
163 4681 400 4739 perversenunc
414 4665 557 4724 audeant.
576 4669 605 4721 et
618 4663 802 4720 auctoritatis
816 4663 934 4720 irenen·
985 4663 1200 4720 3113133333.-
1224 4663 1378 4718 lustcrum
1404 4661 1518 4732 iudicia
1545 4665 1624 4718 recte
1650 4662 1815 4718 diademati

99 4757 145 4809 131
154 4754 304 4827 33331333,
328 4759 356 4811 et
379 4755 485 4811 virtute
511 4754 646 4810 rationis.
676 4755 810 4820 0333331
831 4753 935 4823 lingua
987 4755 1210 4824 comparantur,
1225 4750 1298 4823 quie
1308 4763 1363 4822 per
1377 4750 1481 4820 magni
1510 4750 1608 4822 operis
1623 4749 1750 4822 gloriam
1775 4749 1816 4806 ad

100 4843 209 4912 gutturi
224 4859 283 4899 suo
294 4844 433 4910 adhaeret,
448 4844 521 4916 quia
531 4843 584 4899 etsi
599 4857 739 4915 perversa
749 4841 831 4915 loqui
841 4841 936 4898 libera
986 4841 1187 4898 retributionis
1202 4840 1318 4896 ducunt
1331 4853 1486 4895 eoronam.
1499 4841 1573 4905 Qua
1587 4839 1729 4896 nimirum
1738 4839 1816 4912 judi-

101 4947 171 4987 roce
187 4947 252 4988 non
261 4931 390 5000 audent,
407 4931 485 4986 intus
500 4939 601 4987 tamen
618 4930 700 5004 apud
716 4946 747 4986 se
771 4931 937 5000 contegunt
987 4929 1034 4986 cia
1053 4943 1156 4985 secum
1181 4927 1314 5000 quotidie
1341 4929 1488 4985 introrsus
1509 4933 1614 4999 agunt,
1643 4927 1717 5002 quid
1744 4931 1814 5001 1133,

101 5018 938 5094 3333133333333133333333113333333333313133133-
988 5017 1061 5092 quid
1074 5017 1213 5090 proximo
1227 5015 1359 5075 debeant
1371 5017 1494 5074 solerter
1508 5019 1667 5094 aspiciunt,
1677 5023 1766 5093 atque
1777 5017 1817 5076 ad

100 5109 213 5166 liuntur
226 5110 342 5165 1133331
348 5123 420 5179 ergo
426 5108 739 5181 temporumsequenti
745 5108 936 5165 tribulatione
989 5108 1108 5180 agenda
1122 5108 1205 5164 bona
1219 5121 1251 5164 se
1263 5108 1453 5166 vehementer
1466 5109 1646 5178 accendunt,
1660 5113 1689 5167 ct
1703 5107 1741 5165 de
1752 5124 1819 5178 per·

102 5196 935 5271 deprehensamminiscensEcclesiadeploratSequitur:
989 5197 1110 5272 petratis
1139 5196 1226 5253 malis
1250 5190 1383 5254 districte
1409 5199 1605 5271 redarguunt.
1635 5197 1718 5254 113313
1741 5196 1818 5250 bene

138 5291 224 5344 vens.
240 5287 387 5342 11313313
398 5287 522 5342 audiens
534 5285 786 5354 beatificabatme
795 5291 822 5340 31
832 5287 938 5342 ocatur
988 5301 1111 5361 quoque
1124 5301 1179 5359 per
1188 5285 1388 5343 Salomonem
1402 5285 1510 5343 dicitur
1524 5281 1819 5356 3113311311331331133·

105 5373 664 5433 3311333313311313331313333331113131331111.
682 5405 716 5414 -
733 5375 808 5428 llum
824 5372 938 5429 bestiti·
991 5385 1088 5434 taram
1096 5377 1225 5447 judicia.
1241 5377 1377 5450 Sequitur
1395 5395 1402 5434 :

104 5467 162 5521 3331
178 5481 210 5521 33
227 5465 269 5521 ab
280 5464 471 5520 audientibus
487 5463 604 5535 sibique
620 5460 824 5519 testimonium
853 5461 938 5517 reddi
1027 5469 1108 5522 Vens.
1123 5470 1166 5536 15,
1182 5465 1593 5537 16.03313133133“3333,313333
1604 5459 1822 5532 elaadafflater

105 5555 312 5611 evidentibus
327 5553 433 5610 latetur
444 5553 551 5609 beatus
561 5551 627 5622 tob,
640 5551 777 5625 33311313
789 5565 937 5623 sermone,
993 5567 1074 5610 eram
1096 5571 1276 5626 pauperum,
1287 5563 1314 5613 et
1334 5567 1457 5611 causam
1466 5563 1556 5621 auam
1570 5550 1734 5608 nesciebam
1750 5549 1821 5605 (1113·-

105 5645 204 5718 qualis
219 5645 252 5701 ia
267 5659 356 5717 opere
369 5643 433 5715 1311,
444 5641 619 5700 ostenditur.
632 5641 719 5709 Quod
732 5641 755 5696 si
773 5640 810 5697 ad
835 5655 939 5696 vocem
991 5643 1164 5712 acutissime
1177 5644 1406 5714 investigatam.
1419 5671 1453 5680 -
1470 5641 1546 5695 13133
1554 5639 1618 5696 heac
1632 5639 1749 5697 lectoria
1759 5637 1822 5695 3131-
