4104 6162
100 136 163 192 hii
444 128 446 132 ¹
628 136 874 196 cotaarroutnt
894 137 983 194 LIBRI
1002 139 1100 197 TRES.
1121 168 1164 184 ..,
1175 143 1241 198 hle.
1262 145 1294 200 ll.
1382 147 1385 154 '
1764 147 1817 202 586

112 271 263 330 quemque
274 259 441 331 pessimum
452 261 585 334 potentia
599 260 756 328 cumulari,
773 259 934 318 terribilem
954 267 1127 320 lexeroere
1141 265 1330 338 permittitur,
1345 271 1459 340 quanto
1472 267 1569 326 soluta
1589 267 1685 326 bestia
1706 223 1817 326 violen-

111 345 183 414 sred,
199 352 227 402 et
241 347 356 404 tumido
372 350 551 406 successum
576 349 664 407 malis
682 351 796 423 augeri,
824 349 935 424 quihus
990 353 1047 411 tior
1059 358 1103 411 est
1112 371 1206 428 quam
1224 354 1325 427 ligata.
1336 359 1417 414 Tunc
1429 357 1509 414 enim
1522 357 1556 415 iit
1569 357 1818 416 tantalerventior
1907 406 1910 424 ,

110 450 164 492 nec
177 433 316 506 judicum
332 442 439 506 metus,
456 454 510 494 rrae
525 440 691 496 reverentia
704 455 797 496 sacrae
808 440 936 497 auctori·
990 443 1030 500 ad
1045 445 1199 515 soevitiam,
1214 449 1330 520 quanto
1346 461 1376 502 se
1391 446 1564 504 viciniorem
1575 449 1664 506 sentit
1684 449 1724 507 ad
1752 463 1816 523 poe-

111 523 177 580 tatis
191 523 352 597 praevalere
363 531 469 599 potest,
481 543 535 584 nec
546 543 651 590 cortun
661 528 825 603 perniciem
836 527 937 586 ullate-
990 547 1071 590 nam.
1086 533 1261 592 considerat
1271 549 1404 608 namque
1418 535 1502 608 quod
1518 535 1604 607 juxta
1614 537 1660 606 sit,
1683 537 1817 594 utlicen-

110 629 166 670 nus
176 613 323 670 cohibere.
335 615 391 672 Sed
401 615 475 688 qnid
488 615 526 672 do
533 617 687 689 judicibus
698 618 827 674 dicimus
837 616 851 672 ‘l
861 619 936 673 Nam
990 621 1063 678 tiam
1077 623 1269 696 nequissimas
1284 623 1427 681 libertatis
1439 623 1572 682 amittat:
1584 629 1736 699 alquanto
1750 627 1818 684 bre·

110 706 138 758 et
147 701 213 775 ipsi,
228 702 281 775 qui
294 703 333 759 ad
345 705 409 760 haec
421 705 613 779 reprimenda
631 707 783 766 constituti
808 707 935 774 fuerant,
990 709 1079 768 vitato
1103 712 1246 786 temporis
1270 716 1459 784 angustatur,
1490 715 1573 769 tanto
1601 713 1817 788 multiplicitate

109 791 260 861 graviores
274 796 466 866 tempestates
481 799 510 852 et
519 796 748 869 perniciosiores
765 797 797 854 in
811 796 937 853 miseros
989 798 1173 857 crudelitatis
1186 799 1374 874 expanditur.
1388 801 1469 858 Sicut
1481 799 1519 856 de
1533 797 1584 856 illo
1594 815 1667 857 voce
1680 802 1817 874 angelica

108 885 253 938 exercent.
271 884 337 940 llaec
351 887 451 940 aulem
467 885 570 959 iniqua
583 889 673 959 atque
683 885 935 959 injusteinaequa-
989 887 1097 944 dicitur
1108 888 1149 945 ad
1161 891 1308 946 ioannem
1323 906 1329 944 ε
1352 891 1399 945 Vn
1413 895 1511 958 terra,
1527 893 1555 946 et
1568 890 1657 961 mori,
1669 891 1740 961 puio
1756 891 1817 948 des-

107 969 173 1027 litas
185 985 247 1028 non
263 971 362 1028 solum
374 973 404 1028 in
417 973 551 1046 urbibus,
563 974 615 1032 sed
626 979 655 1031 et
668 975 699 1031 in
715 975 796 1046 agris
813 991 819 1030 :
836 979 936 1030 elnon
990 978 1089 1034 cendit
1109 977 1246 1036 diabolas
1273 980 1315 1036 ad
1338 994 1388 1036 cos
1417 978 1528 1036 tabens
1563 979 1641 1035 iram
1664 994 1816 1050 mapnam,

107 1058 245 1116 salumin
260 1063 348 1129 terra,
364 1060 417 1118 sed
432 1065 461 1118 et
470 1061 500 1117 in
515 1063 592 1119 mari
608 1062 802 1120 committitur
816 1067 845 1120 et
856 1078 936 1120 exer·
988 1065 1083 1122 sciens
1093 1067 1173 1138 qaod
1186 1067 1336 1124 modicam
1351 1072 1466 1136 tempus
1480 1065 1567 1123 hahet
1583 1065 1685 1138 (Apoc.
1699 1066 1816 1138 xn,12).

106 1152 198 1205 cetur.
215 1151 247 1206 lit
257 1149 439 1222 primoribus
451 1151 574 1224 quidem
587 1151 734 1226 propheta
747 1151 818 1210 dicit
835 1153 937 1209 :Non-
989 1156 1154 1226 lnncergo
1173 1155 1205 1211 in
1220 1154 1403 1226 magnaeirae
1417 1151 1550 1210 iurarem
1565 1169 1596 1210 se
1624 1152 1750 1222 dilatat;
1780 1168 1818 1210 ne

106 1244 288 1296 aeoestram
302 1241 613 1311 estjudiciamscire?
638 1242 740 1314 (Mich.
765 1258 809 1311 ιιι,
839 1243 875 1315 l).
904 1244 936 1298 lit
988 1243 1444 1320 quiinbeatitudinestarenou
1458 1242 1566 1316 potuit,
1590 1242 1622 1300 in
1650 1241 1818 1301 damnatio-

104 1325 176 1382 item
186 1325 263 1384 alius
278 1326 367 1385 dicit:
381 1329 524 1386 Forsitan
539 1330 627 1387 stalli
639 1335 709 1387 sont
719 1336 747 1388 et
762 1332 935 1402 ignorantes
988 1331 1036 1388 nis
1051 1349 1113 1388 ause
1129 1331 1247 1390 foveam
1261 1348 1331 1389 oum
1348 1331 1453 1405 paucis
1465 1331 1532 1388 ruit.
1560 1333 1640 1389 Tunc
1668 1331 1818 1406 quidquid

104 1417 186 1472 ciam
197 1417 340 1472 Domirdi
359 1417 411 1474 ltro
426 1419 521 1489 ipitnr
535 1419 577 1476 aci
590 1421 746 1488 optimates
761 1437 767 1475 :
784 1421 844 1490 ipsi
856 1420 934 1477 enim
988 1421 1125 1495 noqrdter
1150 1420 1277 1478 valuerit
1305 1420 1431 1478 callidus
1455 1419 1592 1494 exquirit.
1622 1421 1691 1478 llaec
1715 1420 1818 1496 itaque

104 1505 465 1574 cognocernntjadiciam
487 1507 542 1563 Dei
564 1507 622 1578 soi,
649 1513 676 1564 et
687 1523 752 1564 ecce
776 1508 825 1564 hic
839 1507 935 1579 mapis
989 1513 1125 1584 tempora
1136 1510 1202 1582 jam
1217 1509 1344 1580 venisse,
1358 1510 1484 1582 jamque
1505 1508 1674 1581 malignum
1700 1510 1819 1572 hostem

102 1594 317 1665 confregerunt
326 1597 448 1666 jnpum.
462 1596 609 1669 Nnnpnid
622 1611 713 1668 snper
725 1597 772 1654 iris
784 1612 845 1653 non
859 1597 934 1654 oisi-
955 1617 974 1671 Β
988 1599 1164 1672 mysterium
1179 1597 1343 1672 iniquitatis
1365 1597 1483 1670 operari
1511 1612 1565 1672 per
1588 1599 1646 1654 hoc
1660 1599 1818 1657 manifeste

103 1681 183 1750 tado,
197 1683 270 1740 dicit
282 1684 447 1742 Dominus?
457 1684 530 1756 (der.
547 1701 575 1752 v,
588 1687 615 1755 t,
632 1689 672 1754 5.)
688 1684 823 1742 visitabit
844 1688 933 1754 certe,
987 1691 1078 1760 patet,
1094 1686 1178 1760 quod
1192 1686 1291 1744 omnis
1303 1685 1378 1743 ordo
1390 1685 1543 1756 religionis
1554 1690 1607 1742 aut
1618 1685 1819 1745 Christianita-

103 1775 133 1827 et
148 1771 226 1828 sicut
240 1771 397 1830 ltalachias
410 1773 492 1844 dicit,
508 1773 562 1830 erit
576 1774 659 1832 testis
673 1773 761 1832 velox
776 1773 933 1846 maleficis,
988 1775 1024 1833 tis
1037 1775 1214 1834 immutatus
1230 1779 1283 1843 est,
1306 1790 1363 1832 nec
1388 1773 1528 1848 impietas
1550 1774 1617 1846 jam
1643 1773 1818 1832 erubescere

101 1859 257 1931 adulteris,
271 1861 448 1935 etperjnris,
460 1866 489 1918 et
501 1862 780 1920 calumniatoribus.
798 1866 842 1934 Et,
859 1862 935 1919 sicut
988 1864 1095 1922 saltem
1106 1864 1257 1936 dignatur,
1269 1864 1321 1922 sed
1337 1863 1510 1936 iniquorum
1534 1861 1750 1937 multiplicitate
1772 1879 1819 1920 ro-

102 1955 197 2006 Amos
221 1949 301 2016 dicit,
315 1965 378 2006 non
392 1950 447 2006 erit
461 1950 505 2006 eis
519 1951 593 2022 fuga
607 1969 614 2019 ;
639 1951 693 2008 sed
707 1952 732 2007 si
746 1951 935 2009 ascenderint
988 1953 1094 2010 borota
1108 1957 1198 2027 caput
1213 1952 1325 2026 ubique
1339 1952 1476 2010 locorum
1499 1951 1642 2010 extulisse
1667 1951 1816 2010 videatur.

102 2037 145 2093 ad
160 2038 281 2106 coelum,
295 2037 366 2094 inde
378 2038 514 2096 detrahet
528 2054 589 2106 sos,
603 2045 632 2096 et
644 2040 669 2094 si
684 2039 844 2096 celaverint
859 2056 890 2096 se
904 2039 936 2096 in
1024 2039 1131 2094 lllllllll.
1144 2036 1199 2103 Qui
1210 2041 1311 2094 autom
1320 2035 1379 2093 sint
1390 2052 1468 2110 quos
1480 2035 1818 2094 suisditionibusisdem

101 2124 403 2198 profundummaris.
420 2126 462 2182 ihi
476 2126 636 2184 mandabit
650 2127 789 2202 serpenti,
805 2133 833 2184 et
858 2143 936 2184 mor-
989 2125 1084 2182 hostis
1107 2125 1271 2200 mancipat,
1299 2140 1354 2199 per
1378 2125 1436 2182 hoc
1458 2123 1636 2194 ostenditur,
1655 2125 1739 2200 quod
1765 2141 1818 2184 rex

100 2214 188 2271 debit
202 2231 263 2272 eos.
281 2216 422 2289 Quisquis
434 2216 524 2287 igitur
538 2217 708 2275 considerat
734 2216 781 2274 vel
808 2233 934 2274 causam
989 2230 1056 2272 esse
1068 2231 1159 2289 saper
1173 2230 1280 2273 omnes
1297 2213 1376 2271 filios
1390 2213 1540 2288 superbiae
1554 2213 1736 2287 perhibetur.
1763 2216 1818 2272 Su-

100 2317 221 2373 eorum,
233 2305 285 2376 qui
301 2306 428 2374 gratiam
442 2304 493 2362 liei
502 2304 533 2361 in
543 2320 675 2362 vacuum
696 2305 882 2380 recipientes,
907 2307 935 2362 et
988 2302 1094 2376 porhic
1109 2318 1181 2360 vero
1195 2307 1225 2360 et
1238 2301 1349 2360 multos
1363 2302 1395 2358 in
1423 2301 1618 2360 saecularibus
1645 2301 1761 2371 studiis,
1790 2307 1820 2359 et

101 2391 143 2448 ad
159 2390 341 2450 diabolicam
358 2392 530 2448 servitutem
545 2392 704 2449 redeuntes
727 2397 863 2466 pereunt,
891 2393 934 2450 vel
989 2391 1099 2449 multos
1113 2392 1145 2449 in
1159 2390 1257 2464 gradu
1269 2390 1420 2462 religionis
1443 2391 1557 2465 positos
1581 2390 1749 2464 prosternit.
1779 2393 1819 2448 lte

101 2479 241 2536 miserias
254 2495 369 2549 eorum,
382 2481 435 2554 qui
444 2479 701 2538 innumerabiliter
712 2480 823 2550 afflicti,
840 2482 934 2540 autin
988 2481 1051 2537 istis
1065 2496 1198 2554 namque
1227 2480 1372 2554 scriptum
1396 2485 1441 2537 est
1463 2497 1469 2536 :
1495 2481 1578 2536 Misit
1592 2480 1720 2538 caudam
1733 2495 1819 2538 saum

102 2569 374 2627 murmurationem
390 2573 441 2626 aut
454 2569 485 2626 in
493 2568 734 2642 desperationem
743 2569 932 2640 excedentes,
988 2571 1091 2638 draeo,
1107 2576 1135 2628 et
1151 2572 1247 2628 traait
1259 2571 1378 2628 tertiam
1387 2575 1505 2640 partem
1531 2570 1691 2628 stellarum
1712 2570 1818 2642 (Aper.

100 2663 130 2716 et
145 2659 325 2732 temporalia
337 2662 366 2716 et
379 2673 526 2716 mansura
539 2658 652 2715 damna
668 2658 834 2730 incurrunt,
860 2659 932 2716 satis
988 2676 1037 2728 rur,
1051 2663 1090 2728 4).
1108 2659 1196 2728 Quod
1208 2665 1252 2718 est
1265 2665 1399 2718 extrema
1412 2659 1606 2733 persuasione
1634 2660 1745 2717 mrrltos
1758 2664 1815 2718 ter-

100 2754 149 2805 est
160 2747 240 2805 unde
250 2747 450 2816 contristetur,
467 2751 496 2803 ct
509 2746 610 2818 lugeat
646 2747 701 2812 Qui
725 2751 827 2804 aulem
843 2763 934 2822 super
987 2748 1066 2806 renis
1081 2749 1237 2806 amoribus
1252 2748 1415 2816 involvere,
1431 2750 1484 2822 qui
1497 2749 1596 2806 studio
1611 2749 1678 2806 vitae
1689 2750 1817 2808 eoelestis

100 2838 148 2894 his
165 2836 332 2894 conhistari
342 2839 479 2910 possunt,
491 2838 585 2893 Deum
598 2835 756 2909 dupliciter
774 2837 826 2910 qui
843 2852 934 2910 super
987 2838 1127 2894 videntur
1141 2837 1297 2894 inherere.
1311 2839 1388 2894 Sane
1403 2837 1442 2894 de
1455 2837 1511 2894 illis
1527 2839 1602 2902 alias
1619 2855 1625 2894 :
1643 2840 1819 2898 circumdo·

97 2927 239 2984 miserias
252 2925 383 2982 illiorum
396 2924 486 2982 lsrael
496 2924 604 2996 legitur
618 2924 759 2996 doluisse,
776 2941 867 2998 super
881 2941 933 2999 pe-
953 2927 1062 3020 ctrum
1078 2941 1153 2990 enm,
1165 2926 1272 2999 inquit,
1287 2927 1391 2983 salices
1415 2927 1556 2982 torrentis
1584 2927 1661 2994 (dot.
1689 2943 1736 2999 ει,
1765 2929 1816 3001 Π).

98 3017 230 3073 rituram
246 3013 428 3071 llierusalenr
444 3013 574 3070 tlevisse.
990 3013 1100 3074 Salices
1111 3014 1304 3072 infructuosae
1316 3014 1440 3070 arbores
1456 3018 1537 3084 sunt,
1553 3013 1606 3071 sed
1629 3017 1756 3071 torrente
1783 3016 1820 3072 ri-

132 3105 270 3161 lllllllltll.
287 3102 401 3160 Ohhaa
415 3105 516 3160 autern
527 3101 669 3174 initpritas
685 3101 827 3158 undatius
850 3102 934 3159 ebul·
989 3108 1108 3176 gantur.
1133 3107 1259 3160 torrens
1287 3102 1470 3160 hiemalibus
1504 3101 1612 3176 pluviis
1638 3102 1816 3170 intumescit,

98 3194 143 3266 lit,
162 3197 196 3249 ut
205 3192 296 3249 isaias
308 3192 359 3260 ait,
371 3190 444 3264 quia
453 3191 562 3248 veritas
574 3191 606 3247 in
635 3190 786 3248 oblivione
813 3191 877 3260 erit,
906 3194 935 3247 et
989 3194 1042 3250 sed
1065 3196 1167 3250 aestate
1189 3192 1326 3250 siccatur.
1350 3194 1404 3248 Per
1426 3190 1531 3248 salices
1559 3206 1630 3262 ergo
1659 3191 1818 3248 seculares

99 3284 193 3352 longe
205 3280 323 3354 justitia
337 3283 395 3338 stat
410 3298 417 3335 :
433 3279 518 3354 quia,
534 3278 610 3336 sicut
621 3280 687 3351 J'am
703 3278 846 3352 diximus,
862 3284 934 3337 tem·
988 3281 1101 3356 quique
1116 3279 1324 3352 significantur
1347 3297 1365 3336 a
1386 3278 1475 3336 bonis
1504 3277 1647 3336 virtutum
1673 3277 1819 3336 irrratibus

99 3368 356 3444 porapericulosa
369 3372 527 3439 venerunt,
543 3371 571 3424 et
585 3368 645 3424 tine
662 3383 718 3425 suo
734 3367 869 3425 mundus
883 3385 933 3426 ur-
988 3370 1087 3428 alieni.
1108 3372 1161 3426 Per
1189 3372 1349 3426 torrentem
1376 3383 1447 3424 vero
1470 3366 1605 3424 mortalis
1629 3365 1817 3442 gloriaque

100 3465 200 3534 getnr.
216 3459 271 3526 Qui
282 3458 351 3515 finis
365 3474 434 3516 cum
448 3474 485 3515 ex
499 3459 567 3532 ipso
582 3473 637 3515 suo
661 3457 767 3515 ordine
792 3459 933 3532 pendeat,
988 3459 1110 3518 caducis
1137 3456 1302 3516 honoribus
1330 3461 1473 3530 tanquam
1502 3453 1683 3514 hiemalibus
1709 3455 1819 3530 pluviis

100 3547 304 3623 perversiores
317 3552 419 3604 tamen
434 3561 573 3620 quosque
584 3545 762 3603 inventurus
773 3549 829 3618 est,
843 3547 896 3620 qui
906 3550 935 3604 et
988 3548 1120 3621 inflatur,
1137 3545 1192 3604 sed
1208 3546 1275 3604 vitre
1288 3546 1379 3619 hujus
1394 3545 1521 3604 termino
1544 3543 1716 3602 annulatur.
1742 3545 1819 3603 ltali-

100 3631 183 3694 illius
194 3635 288 3693 ruinis
302 3633 392 3706 digne
406 3634 646 3708 comprimantur
656 3638 685 3692 et
695 3650 729 3691 ex
740 3633 859 3692 illorum
871 3651 933 3692 me·
989 3652 1083 3708 gnum
1110 3637 1212 3711 itaque
1235 3635 1373 3710 spiritum
1397 3634 1501 3692 salices
1530 3633 1668 3691 torrentis
1694 3633 1818 3691 circum·

100 3727 168 3784 ritis
183 3741 270 3783 versa
282 3724 347 3782 vice
362 3723 500 3796 ejusdem
519 3723 706 3782 ordorerum
720 3723 932 3782 confundatur.
988 3726 1072 3796 dant,
1094 3725 1240 3800 quoniam
1264 3724 1306 3796 hi,
1334 3739 1411 3797 qnos
1436 3724 1467 3780 in
1493 3721 1554 3780 suis
1584 3722 1817 3794 cogitationibus

101 3819 155 3872 list
166 3829 288 3888 quoque
302 3817 331 3870 et
345 3813 405 3871 alia
418 3812 506 3886 ratio,
521 3813 594 3887 quia
607 3828 663 3886 pro
680 3828 715 3870 eo
730 3812 814 3886 quod
834 3812 933 3870 horni-
988 3830 1075 3872 amor
1110 3814 1176 3872 vitae
1203 3812 1333 3871 carnalis
1363 3812 1502 3882 inebriat,
1525 3815 1608 3868 tanto
1633 3810 1675 3867 illi
1708 3811 1818 3868 arctius

99 3901 412 3976 nespostrevelatam
427 3901 554 3974 gratiam
569 3901 736 3960 dilexerunt
748 3901 845 3972 magis
856 3904 935 3959 tenc·
988 3903 1144 3974 inherent,
1166 3907 1282 3976 quanto
1316 3901 1429 3972 largius
1456 3899 1612 3957 delectatio
1640 3900 1817 3956 transitoria

100 3993 282 4066 hrasqrram
297 3991 407 4062 lucem,
423 3991 518 4048 vocati
541 3995 619 4058 sunl,
650 3995 683 4048 nt
707 3990 750 4048 ait
776 3989 933 4064 propheta,
988 3991 1150 4064 voluptatis
1166 3989 1368 4048 eosintundit.
1386 3987 1441 4054 om
1454 3986 1564 4044 scilicet
1588 4001 1670 4042 more
1690 3985 1818 4052 salicum

100 4086 130 4140 et
144 4096 209 4139 non
222 4079 453 4155 responderant,
469 4084 578 4154 etque
591 4079 688 4137 noluit
703 4077 848 4136 Dominus
875 4077 934 4134 ele·
988 4078 1102 4136 tructus
1126 4093 1189 4136 non
1222 4077 1331 4146 ierunt,
1361 4076 1413 4132 sed
1444 4075 1476 4130 in
1500 4073 1577 4130 loliis
1611 4072 1817 4142 viridescunt;

101 4175 222 4244 gerunt,
245 4175 274 4227 et
296 4173 512 4242 cognoscentes
536 4172 631 4226 licum
654 4184 716 4228 non
741 4168 817 4225 sicut
840 4169 934 4224 Deum
989 4167 1237 4243 quiaaliquaudo
1262 4165 1354 4224 verba
1376 4162 1541 4221 honestatis
1569 4161 1734 4236 proterunt,
1764 4162 1818 4218 sod

101 4259 357 4332 glorificaverunt,
372 4263 495 4334 propter
508 4259 566 4316 hoc
579 4257 677 4316 tradet
701 4257 767 4316 illos
797 4258 876 4314 Deus
903 4256 934 4312 in
950 4257 1107 4368 1’nullum
1119 4257 1188 4314 vitre
1204 4255 1324 4330 pondus
1339 4269 1376 4312 ex
1390 4252 1479 4310 honis
1492 4251 1634 4325 operibns
1645 4249 1816 4308 ostendunt.

101 4348 253 4407 desideria
275 4348 374 4406 cordis
389 4351 446 4421 sui,
462 4348 538 4406 siam
552 4347 589 4405 de
603 4347 788 4422 quibusdam
811 4349 934 4420 aposto·
990 4349 1030 4406 De
1044 4347 1155 4422 quibus
1176 4345 1322 4420 scriptum
1348 4347 1391 4402 est
1415 4361 1421 4398 :
1438 4343 1603 4400 Imitantur
1617 4348 1716 4399 autem
1730 4341 1818 4398 illum

101 4438 151 4495 lus
167 4436 260 4496 dicit:
279 4438 316 4496 Ut
328 4439 474 4508 impleant
481 4442 607 4507 peccata
621 4451 677 4494 saa
690 4451 814 4507 semper,
831 4441 859 4494 et
883 4436 936 4508 qai
988 4438 1042 4510 qai
1058 4443 1129 4494 sant
1148 4452 1186 4494 ea
1199 4441 1288 4506 parte
1302 4436 1365 4505 ejas
1379 4433 1463 4505 (Sap.
1479 4448 1509 4502 ιι,
1522 4431 1577 4503 25),
1593 4429 1729 4487 videlicet
1741 4444 1819 4486 sem·

101 4531 134 4586 in
148 4528 286 4586 sordidas
299 4533 351 4596 est,
368 4527 520 4586 sordescat
535 4527 637 4584 adhoc
662 4525 852 4597 illaesae,
879 4525 933 4598 tt).
988 4543 1043 4600 per
1056 4524 1269 4600 superbiendo,
1284 4538 1443 4596 nunquam
1456 4519 1671 4594 resipiscendo.
1688 4520 1762 4574 ltem
1781 4518 1818 4576 de

105 4621 137 4676 Et
151 4619 225 4692 quia
238 4617 398 4676 illuminati
408 4618 491 4689 iusta
506 4632 596 4689 agere
622 4615 828 4686 neglexerunt,
856 4615 934 4686 justo
988 4618 1035 4674 his
1048 4621 1078 4674 et
1088 4616 1162 4674 illud
1178 4633 1184 4671 :
1201 4616 1280 4672 Huic
1293 4620 1406 4670 montes
1419 4611 1526 4668 trevias
1548 4613 1654 4681 ferant
1682 4609 1755 4681 (dod.
1771 4625 1817 4670 rr..

105 4707 207 4765 caecati
222 4707 323 4764 adhuc
333 4707 445 4764 iaciant
459 4705 678 4780 undeamplins
689 4704 789 4780 puniri
800 4719 935 4762 merean-
992 4711 1046 4777 li).
1063 4709 1116 4762 Per
1130 4707 1249 4762 montes
1265 4707 1364 4759 tumor
1393 4698 1604 4772 superborum,
1631 4713 1685 4770 per
1709 4696 1818 4752 herbas

104 4802 164 4855 tur.
181 4797 227 4856 nd
242 4798 326 4872 quod
341 4797 479 4856 videlicet
490 4797 654 4869 agendum,
681 4799 711 4852 et
734 4795 935 4852 immissiones
989 4795 1078 4851 tlnxae
1093 4793 1262 4866 voluptates
1276 4805 1380 4848 eorum
1396 4787 1613 4861 exprimuntur.
1640 4789 1716 4856 Ergo
1731 4800 1818 4842 mon-

105 4901 159 4960 pcr
172 4887 298 4958 angelos
312 4886 410 4944 malos
420 4887 507 4959 iuxta
519 4884 720 4954 Psalmistam,
734 4884 880 4941 [lominus
892 4899 935 4940 se·
990 4888 1034 4942 tes
1046 4883 1117 4939 huic
1132 4880 1273 4938 beemoth
1287 4877 1398 4935 herhas
1415 4875 1523 4942 ierunt,
1552 4875 1625 4948 quia
1652 4889 1772 4950 semper·
1788 4876 1818 4931 in

105 4977 211 5034 mitam
225 4977 277 5034 irae
291 4991 353 5034 sure
363 4975 443 5046 lacit,
460 4979 493 5032 ut
508 4991 560 5032 cor
573 4973 725 5048 prioribus
746 4973 860 5030 meritis
882 4987 936 5043 ag·
991 4972 1032 5030 eis
1045 4986 1168 5045 pronam
1183 4972 1300 5026 aeternae
1313 4965 1417 5022 mortis
1442 4963 1585 5032 esuriens,
1610 4963 1683 5020 dum
1711 4961 1769 5036 ipsi
1788 4979 1819 5019 se

105 5070 264 5138 gravatum
289 5067 369 5139 jnste
394 5065 548 5140 permittat
568 5063 658 5120 etiam
682 5063 936 5136 subsequentibus
990 5059 1141 5119 eidemad
1154 5072 1245 5116 omne
1259 5055 1364 5112 vitium
1379 5056 1524 5118 sternunt,
1540 5051 1741 5110 dumnullum
1757 5067 1819 5106 ma-

106 5154 309 5226 malignorum
323 5154 461 5228 spiritum
487 5150 733 5227 persuasionibus
755 5151 826 5208 lalli.
854 5149 937 5208 Unde
990 5149 1055 5206 lum
1084 5151 1137 5204 aut
1172 5142 1334 5215 cogitando
1358 5146 1411 5198 aut
1434 5140 1588 5214 operando
1629 5141 1818 5214 praetereunt,

106 5243 556 5318 inelpooalypsidiciturzffltm
574 5240 938 5311 completisuerintmille
991 5238 1064 5311 quia
1090 5251 1210 5308 semper
1236 5235 1266 5290 in
1293 5231 1335 5288 eis
1365 5248 1422 5288 stra
1447 5229 1594 5286 desideria
1622 5224 1816 5292 recognoscit,

107 5335 191 5401 arrisi,
202 5335 336 5392 solvetur
350 5335 489 5391 Satanas
504 5332 607 5402 (ripas.
619 5347 663 5393 ιιι,
679 5333 716 5402 7).
746 5329 820 5394 Ouia
833 5327 936 5384 videli-
992 5326 1077 5399 qrarsi
1093 5339 1212 5396 semper
1225 5322 1254 5378 in
1269 5321 1422 5377 montilms
1448 5319 1556 5372 herbas
1572 5317 1693 5374 invenit,
1708 5311 1818 5382 quilius

107 5427 155 5477 cet
182 5423 224 5479 vel
250 5423 289 5480 ad
311 5423 468 5480 utilitatem
491 5420 667 5486 electorum,
697 5419 744 5474 vel
785 5418 823 5473 ad
852 5417 938 5472 delri-
993 5435 1055 5474 sure
1080 5414 1200 5471 matiam
1229 5416 1357 5466 ventrem
1388 5408 1499 5472 temlnt,
1527 5419 1617 5474 quem
1648 5407 1728 5456 terreto
1769 5401 1818 5456 de-

108 5515 243 5568 mentum
272 5511 471 5586 reproborum
492 5513 578 5566 tanto
607 5507 705 5566 acrius
731 5521 826 5579 quam
850 5509 939 5562 antea
992 5504 1158 5563 laetabilius
1182 5501 1309 5574 quisque
1335 5495 1430 5570 puscit
1454 5495 1568 5564 sprauto
1601 5489 1750 5546 sordidius
1778 5491 1819 5544 in-

108 5598 278 5670 fecissetis
294 5600 361 5657 totis
376 5599 490 5656 viribus
516 5598 577 5654 suis
602 5615 633 5654 se
660 5598 691 5654 in
718 5597 811 5652 linem
838 5594 939 5650 saeculi
994 5594 1146 5667 qrrinatrrr.

306 5691 429 5745 Parnon.
450 5685 582 5745 Clllllllll.
1593 5669 1624 5724 19
