4110 6138
250 161 302 214 187
767 157 795 214 S.
818 156 948 215 ODONIS
966 156 1114 214 taetris
1126 157 1383 216 atuuncertsts
1402 161 1436 214 11.
1908 156 1965 212 tat

249 275 741 337 1111111111111111111111111
756 277 870 336 honore
899 281 927 337 S.
944 278 1073 350 Gregorii
1094 315 1117 370 Α
1133 279 1258 348 1111111,
1273 279 1412 336 eamdem
1428 277 1618 336 festivitatem
1633 275 1860 335 solemnizabat.
1875 277 1964 334 Porro

153 385 166 393 ·
249 370 394 437 sacratus,
421 365 602 423 11111111111
629 366 925 441 presbyterquidam
954 367 1076 424 nomine
1131 369 1274 442 quedem
1287 385 1324 425 ex
1333 367 1448 425 ancillis
1463 367 1528 440 ejus
1543 366 1672 439 graviter
1686 365 1761 422 inihi
1786 365 1963 433 vexabatur,

248 455 391 513 Geraldus
414 460 550 529 praerat,
575 457 628 530 qui
652 456 750 514 eidem
783 457 847 513 viro
876 457 927 514 Ilei
950 457 1076 515 Gereldo
1132 459 1206 514 cnm
1221 458 1310 529 igitur
1323 458 1371 514 ille
1384 473 1438 531 per
1452 457 1620 514 orationem
1636 455 1754 513 adeam
1775 455 1964 530 respexisset,

246 543 335 602 valde
350 561 406 618 pro
421 562 477 602 sua
490 546 644 603 sanctitate
660 547 769 603 charus
784 550 813 603 et
835 545 989 605 familiaris
1004 550 1077 616 erat,
1132 548 1201 605 etin
1216 548 1326 617 medio,
1342 551 1460 616 uteret,
1477 546 1582 621 populi
1597 546 1741 604 acerrime
1765 546 1925 612 frenderet,
1937 549 1964 602 et

247 635 299 708 qui
314 635 404 692 etiam
420 642 488 692 ante
501 635 568 692 vitre
582 635 891 693 sureterminnmsese
905 653 961 710 pro
976 651 1079 693 amore
1132 636 1291 706 vesaniret,
1316 636 1466 707 rogabant
1493 649 1610 702 omnes,
1632 639 1664 692 ut
1691 650 1761 690 eam
1786 634 1832 690 vir
1845 632 1964 690 Domini

248 722 351 780 divino
362 723 511 780 reclausit.
528 723 666 780 adhunc
681 739 752 795 ergo
761 724 826 796 jam
838 724 935 782 dietus
961 724 1006 780 vir
1021 726 1078 780 Do·
1134 725 1255 796 signare
1269 725 1453 797 dignaretur.
1469 724 1556 791 Quod
1569 723 1617 780 ille
1642 738 1695 797 per
1718 727 1895 780 consuetam
1911 721 1965 778 sibi

247 812 323 869 mini
336 812 479 870 Geraldus
494 813 658 886 aliquando
673 813 800 886 divertit,
815 830 908 887 quem
922 817 993 888 post
1011 829 1079 871 ora·
1132 813 1331 871 humilitatem
1359 813 1471 870 diutius
1494 811 1618 869 distulit.
1638 811 1696 867 Sed
1718 809 1771 868 illa
1784 809 1965 868 debacchati

248 903 361 958 donem
393 903 585 970 deosculans,
617 903 691 960 dixit
720 902 825 967 :Quid
840 903 940 972 nohis,
957 903 1080 960 Geralde
1133 919 1203 959 cum
1231 918 1292 960 non
1321 907 1463 970 cessaret,
1490 900 1668 972 rogantibus
1695 900 1743 956 his
1766 899 1820 972 qui
1840 899 1966 956 aderant

248 991 349 1063 trater,
378 993 417 1049 ad
441 993 632 1049 refectionem
661 991 786 1049 daturus
813 995 869 1050 111
884 996 927 1049 En
954 993 1037 1066 apud
1052 995 1080 1049 to
1133 991 1293 1049 instantius
1320 991 1442 1048 tandem
1461 989 1587 1048 'elevata
1627 1004 1733 1062 mauu,
1759 988 1845 1062 signo
1869 987 1966 1046 erucis

248 1083 397 1156 prandere
411 1082 558 1139 venimus.
573 1081 694 1139 Dicebat
709 1083 790 1139 enim
803 1083 861 1140 hoo
874 1098 930 1158 pro
941 1082 1080 1140 familiari
1134 1096 1201 1137 eam
1241 1080 1378 1151 signavit.
1407 1082 1445 1136 Xr
1476 1078 1526 1136 ille
1560 1078 1754 1153 purulentum
1783 1076 1966 1149 sanguinem

249 1171 456 1240 contubernio,
472 1172 556 1244 quod
570 1171 652 1246 apud
667 1172 752 1228 illum
763 1173 860 1230 isdem
873 1153 1013 1230 sacerdo's
1027 1173 1080 1230 ha·
1134 1185 1290 1238 evomens,
1320 1168 1463 1227 continuo
1487 1173 1593 1225 sanata
1618 1171 1672 1224 est.
1699 1168 1774 1224 cum
1802 1183 1911 1224 omnes
1935 1166 1965 1222 in

247 1261 348 1318 hebet.
365 1265 401 1317 At
428 1261 476 1317 ille
491 1261 650 1332 gaudens:
673 1263 712 1333 Si,
730 1262 836 1337 inquit,
869 1263 1003 1328 Domine,
1022 1267 1080 1320 tuae
1135 1260 1185 1316 [lei
1221 1258 1363 1316 leudibus
1388 1261 1596 1332 personarent,
1628 1255 1967 1338 eumque¹¹magnitica·

248 1349 349 1423 pietati
372 1348 480 1422 placet,
507 1366 569 1407 non
598 1349 695 1406 abibis
708 1351 840 1422 jejunus.
864 1350 1080 1406 Verumtamen
1133 1352 1209 1418 rent,
1250 1346 1299 1414 ille
1335 1362 1449 1419 magna
1493 1344 1757 1402 animadversione
1798 1361 1851 1402 eos
1885 1361 1966 1402 oom-

248 1454 310 1495 non
324 1437 423 1494 habeo
436 1439 511 1511 quid
527 1439 753 1512 apponamnisi
778 1454 888 1514 penem
909 1443 938 1495 et
965 1438 1078 1508 vinum,
1134 1436 1250 1510 peseuit
1278 1436 1392 1504 dicens,
1420 1436 1504 1511 quod
1531 1435 1580 1494 bei
1610 1435 1802 1492 solummodo
1836 1434 1966 1491 clemen·

249 1528 302 1585 sed
315 1527 468 1601 inquiram
484 1529 508 1584 si
520 1529 594 1586 forte
607 1545 742 1597 caseum,
769 1529 818 1586 vel
845 1545 904 1585 ova
930 1543 1078 1602 reperero.
1135 1526 1218 1598 bam,
1262 1531 1353 1599 atque
1381 1525 1477 1582 sancti
1511 1525 1596 1593 Petri,
1629 1525 1717 1597 eujus
1747 1523 1873 1581 ecclesia
1912 1529 1964 1592 est,

249 1620 324 1674 Tum
338 1617 437 1674 senior
453 1633 459 1672 :
476 1620 516 1674 Ne
531 1621 568 1686 te,
582 1617 688 1690 iuquit,
702 1617 819 1689 fatiges,
833 1617 979 1692 quoniam
990 1615 1115 1715 ebsti·B
1135 1614 1374 1686 magnificarent.
1399 1616 1468 1689 lpse
1495 1619 1539 1672 est
1561 1619 1662 1672 autem
1683 1613 1735 1671 ille
1757 1613 1884 1671 ecclesia
1904 1629 1967 1688 qua

249 1705 357 1762 nentia
369 1705 434 1762 dies
448 1710 502 1774 est,
515 1709 543 1762 et
555 1706 671 1763 bonum
686 1705 751 1778 erit,
767 1706 791 1762 si
812 1706 869 1777 vel,
885 1707 958 1779 quia
969 1705 1079 1762 desunt
1134 1709 1206 1762 tune
1232 1704 1418 1774 iurabatur,
1446 1703 1572 1777 quando
1592 1703 1700 1760 mulier
1728 1719 1808 1760 oseca
1828 1704 1967 1777 superius

250 1794 356 1868 epulae,
382 1794 503 1867 parcius
518 1794 645 1852 subhac
663 1794 822 1852 occasione
849 1793 1078 1852 comederimus.
1134 1793 1294 1852 nominata
1308 1793 1345 1850 de
1360 1810 1441 1868 aqua
1454 1810 1565 1851 manus
1577 1794 1644 1866 ejus
1665 1793 1768 1850 lumen
1786 1794 1908 1866 recepit.

249 1885 324 1941 cum
337 1899 409 1955 ergo
422 1883 579 1957 presbyter
608 1883 648 1940 ad
676 1883 910 1958 praeparandum
932 1883 1080 1940 discurre·
1169 1884 1283 1940 XXXlll.
1297 1881 1426 1949 Quidam
1436 1882 1480 1939 vir
1494 1882 1616 1938 nomine
1631 1881 1809 1938 herloardus
1822 1879 1862 1939 de
1887 1897 1967 1954 equo

249 1977 303 2046 ret,
317 1972 494 2028 conclavum
504 1973 667 2044 ingressus,
681 1973 756 2031 vidit
769 1974 883 2047 piscem
906 1973 938 2028 in
956 1971 1078 2029 ferculo.
1134 1970 1251 2044 lapsus,
1267 1987 1362 2029 unum
1389 1987 1469 2042 genu
1500 1970 1557 2028 sibi
1584 1969 1683 2028 valide
1703 1969 1819 2028 collisit.
1845 1971 1891 2028 Oh
1919 1987 1967 2026 cu-

249 2065 331 2119 Tunc
357 2061 541 2135 stupetactus
566 2061 644 2119 clem
681 2062 874 2134 interrogavit
897 2061 1079 2130 ministrum,
1131 2061 1182 2134 jus
1211 2060 1346 2118 dolorem
1366 2077 1420 2135 per
1432 2077 1484 2117 sex
1497 2060 1563 2118 dies
1580 2061 1646 2133 jam
1661 2060 1725 2118 sine
1740 2060 1808 2117 cibo
1823 2060 1963 2132 degebat.

250 2151 392 2225 quisnam
407 2151 523 2225 piscem
538 2151 623 2208 illum
645 2151 783 2209 attulerit.
797 2155 834 2208 Xt
857 2151 905 2208 ille
920 2151 1037 2208 nescire
1050 2165 1081 2206 se
1136 2153 1253 2207 Etcum
1267 2149 1341 2206 nihil
1366 2150 1422 2208 sibi
1437 2150 1476 2208 ad
1505 2149 1672 2207 remedium
1694 2149 1824 2223 reperire
1851 2155 1965 2224 posset,

249 2239 333 2310 dixit,
349 2255 485 2297 asserens
497 2240 581 2313 quod
595 2239 696 2296 nullus
717 2239 758 2296 ibi
782 2239 882 2312 fuerit,
897 2239 950 2312 qui
965 2239 1081 2313 piscem
1135 2239 1174 2298 ad
1189 2241 1415 2314 captennacum
1430 2239 1644 2308 transmittens,
1678 2254 1791 2314 aquam
1817 2239 1856 2296 de
1870 2241 1966 2296 mani·

248 2329 333 2386 illum
348 2329 475 2386 atterrat.
491 2329 648 2402 Presbyter
662 2345 733 2400 ergo
749 2329 851 2385 exiens
864 2328 904 2385 ad
933 2328 1079 2384 seniorem
1136 2329 1195 2386 bus
1209 2329 1315 2386 domni
1328 2329 1444 2387 Geraldi
1470 2329 1549 2386 clam
1564 2329 1621 2386 sihi
1635 2328 1742 2386 deferri
1765 2329 1843 2386 lecit.
1862 2330 1966 2388 Xbum

250 2418 401 2491 supplicat
415 2421 448 2474 ut
476 2417 507 2473 in
534 2418 669 2474 conclavi
692 2418 802 2475 intrare
816 2417 998 2489 dignaretur.
1016 2419 1081 2483 Quo
1135 2417 1232 2486 dictu,
1257 2435 1329 2475 mox
1358 2423 1391 2475 ut
1422 2418 1599 2492 predictam
1626 2434 1737 2492 aquam
1766 2435 1857 2492 super
1887 2435 1967 2491 genu

251 2511 404 2580 sequente,
420 2507 536 2580 piscem
550 2506 699 2564 ostendit:
717 2507 765 2564 llle
785 2507 927 2564 attonitus
941 2511 970 2564 et
983 2506 1080 2564 admi·
1136 2506 1255 2581 sparsit,
1271 2507 1355 2563 omni
1369 2506 1472 2564 dolore
1484 2505 1628 2563 liberatus
1638 2505 1799 2563 incolumis
1828 2509 1965 2564 surrexit.

249 2600 343 2665 ratus,
358 2595 468 2666 gratias
484 2597 543 2650 Deo
556 2611 626 2651 eum
641 2595 797 2652 sacerdote
812 2595 968 2653 referebat.
985 2597 1081 2662 Quem
1134 2593 1199 2651 lilia
1223 2593 1369 2651 nonnulla
1396 2593 1564 2652 referuntur
1586 2594 1624 2652 de
1649 2609 1686 2652 eo
1706 2610 1775 2668 qum
1787 2593 1836 2652 vel
1861 2595 1966 2664 relatu,

250 2687 364 2750 111111,
379 2687 407 2740 11
420 2683 515 2758 ipsius
528 2683 699 2740 ministrum
707 2684 881 2756 juramento
895 2684 1079 2754 constrinxit,
1135 2684 1183 2741 vel
1199 2683 1398 2742 admiratione
1424 2684 1518 2756 digne
1531 2688 1610 2742 sunt.
1639 2684 1697 2743 Sed
1708 2684 1800 2750 enim,
1816 2685 1890 2759 quia
1900 2686 1967 2744 vul·

250 2771 340 2840 naid,
356 2770 430 2828 dum
443 2771 492 2828 ille
503 2771 624 2840 viveret,
637 2771 724 2829 abeui
740 2773 953 2846 prodidissent.
965 2773 1023 2831 Sed
1032 2790 1081 2832 ea·
1135 2774 1254 2846 gariter,
1277 2779 1306 2830 et
1319 2789 1416 2831 nona
1438 2773 1569 2848 praelatis
1595 2777 1726 2847 quatuor
1747 2773 1875 2832 testibus
1889 2791 1968 2832 asse·

250 2861 321 2918 dem
335 2876 382 2918 res
393 2860 532 2934 pluribus
546 2853 692 2935 paulatim
710 2861 849 2932 innotuit,
875 2864 1020 2937 quoniam
1035 2863 1081 2920 di-

249 2949 321 3008 vina
333 2951 529 3024 dispensatio,
541 2966 609 3024 quae
624 2955 745 3008 sanctos
759 2967 899 3026 quosque
922 2952 1079 3025 glorificat,

249 3057 301 3098 eos
314 3041 405 3098 etiam
418 3045 523 3099 eontra
537 3057 627 3112 suum
640 3042 716 3100 velle
738 3058 961 3118 nonnunquam
982 3045 1080 3103 mani·

248 3128 345 3187 iestat.
366 3132 439 3186 Vere
455 3130 599 3186 [lominus
614 3131 714 3188 adhuc
731 3149 793 3188 sua
809 3132 1018 3207 promissionis
1037 3138 1082 3192 111

248 3234 375 3288 memor,
399 3221 428 3275 et
451 3218 634 3292 inquirentes
658 3235 728 3277 eum
750 3237 814 3278 non
840 3221 979 3280 deficient
997 3222 1080 3280 omni

248 3306 341 3364 bono.
359 3309 504 3366 Caeterum
519 3307 692 3365 incredibile
713 3325 776 3367 non
796 3308 886 3368 debet
904 3313 962 3369 hoo
976 3311 1079 3384 videri,

248 3393 505 3468 dumirequenter
519 3395 667 3467 legamus,
692 3397 776 3470 quod
801 3399 878 3455 Deus
901 3399 941 3456 ad
963 3399 1081 3474 supple-

249 3487 389 3540 mentum
404 3483 498 3540 servis
511 3483 574 3539 suis
587 3487 640 3541 aut
652 3488 770 3558 potum,
786 3489 838 3542 aut
850 3486 952 3544 eibum
976 3487 1081 3544 diviui-

248 3573 296 3628 tus
311 3571 481 3628 ministrare
495 3571 638 3642 dignatus
651 3572 699 3629 sit.

284 3663 370 3716 XXXI.
400 3661 497 3730 Pagus
523 3675 586 3716 non
614 3659 703 3732 longe
731 3661 771 3718 ab
795 3661 949 3720 aureliaco
971 3665 1081 3721 harcu-

247 3747 338 3805 liscus
351 3751 486 3821 vocatur,
499 3748 586 3820 juxta
597 3764 689 3822 quem
703 3748 782 3824 lepis
795 3749 922 3824 quidam
934 3751 1079 3810 naturali-

248 3843 293 3896 ter
302 3839 451 3896 rotundus
467 3837 585 3897 insidet.
604 3842 679 3898 Cum
692 3839 857 3914 aliquando
882 3843 1014 3900 domnus
1029 3845 1081 3901 Ge·

1134 2867 1251 2936 111111,
1273 2879 1310 2920 11
1336 2863 1458 2920 reticere
1488 2862 1653 2933 malumus,
1680 2879 1749 2920 cum
1778 2869 1881 2920 tamen
1906 2881 1966 2922 non
2037 2871 2038 2880 ¹

1135 2951 1311 3024 ignoremus
1327 2951 1505 3027 quiamulta
1517 2953 1618 3023 gessit,
1640 2968 1709 3026 quse
1732 2953 1778 3010 vel
1792 2953 1906 3024 nullus,
1921 2955 1966 3012 vel

1136 3041 1226 3116 pauci
1261 3041 1467 3114 cognoverint.
1491 3040 1646 3115 Siquidem
1684 3041 1722 3098 de
1749 3043 1966 3100 cousuetudine

1135 3132 1256 3206 piorum
1283 3135 1312 3188 et
1337 3131 1489 3188 bonorum
1515 3131 1685 3200 hominum,
1715 3147 1835 3206 semper
1849 3133 1967 3190 humili·

1135 3224 1226 3278 tatem
1250 3219 1332 3278 velut
1353 3220 1451 3277 cordis
1474 3219 1598 3278 oculum
1625 3236 1744 3278 servare
1768 3222 1920 3280 studebat
1936 3226 1967 3280 111

1133 3310 1203 3367 ideo
1216 3313 1364 3384 quantum
1383 3313 1511 3383 potarat,
1526 3324 1619 3384 opera
1642 3326 1698 3368 sue
1711 3309 1840 3370 celabat.
1866 3313 1908 3370 De
1921 3313 1966 3370 his

1133 3415 1205 3456 vero
1220 3415 1289 3472 quae
1306 3399 1374 3472 ipso
1387 3398 1506 3456 nolente
1514 3398 1669 3473 patebant,
1681 3399 1786 3458 laudes
1798 3417 1863 3459 non
1877 3403 1966 3476 patie-

1134 3487 1348 3545 baturaudire.
1377 3555 1382 3566 Ι

1170 3577 1284 3634 XXXIV.
1307 3581 1368 3634 1111
1389 3577 1489 3652 itaque
1512 3577 1551 3635 de
1578 3578 1732 3636 miraculis
1749 3580 1816 3653 ejus
1826 3580 1965 3652 sufficiat,

1133 3683 1202 3740 quae
1215 3665 1398 3724 satisfaciant
1425 3667 1468 3724 eis
1497 3667 1551 3742 qui
1566 3667 1694 3740 gloriam
1707 3669 1869 3742 cuiuslibet
1897 3687 1965 3728 san-

1134 3756 1183 3829 eti,
1198 3770 1261 3814 non
1275 3772 1312 3813 ex
1338 3757 1505 3830 quantitate
1525 3757 1679 3816 bonorum
1707 3775 1846 3834 operum,
1863 3761 1917 3818 sed
1931 3779 1965 3818 ex

1133 3846 1347 3903 numerositate
1385 3846 1549 3904 metiuntur
1574 3848 1740 3920 signorum.
1768 3850 1859 3925 Xpud
1889 3867 1965 3926 quos

247 3928 352 3986 raldus
385 3943 401 3984 e
430 3928 552 3999 regione
577 3930 766 3999 transitaret,
797 3931 923 4004 quidam
950 3931 987 3990 de
1014 3933 1080 4006 ejus
1134 3936 1209 3993 torte
1235 3936 1378 3993 sanctitas
1406 3937 1472 4008 ejus
1492 3937 1579 3995 vilior
1592 3939 1765 4009 haberetur,
1781 3941 1807 3997 11
1818 3939 1859 3998 de
1874 3942 1964 3998 mira·

248 4017 392 4076 comitatu
406 4017 555 4074 Xdrddus
570 4017 702 4088 nomine,
721 4020 945 4078 conviatoribus
963 4038 1079 4080 assere·
1134 4025 1208 4083 culis
1234 4042 1303 4099 qua
1328 4027 1431 4097 vigens
1458 4033 1590 4098 gesserat
1615 4029 1690 4088 nihil
1718 4030 1885 4090 audissent
1907 4032 1964 4088 tllis

246 4107 311 4175 bat,
324 4108 408 4180 quod
421 4121 511 4180 super
524 4106 658 4180 lapidem
676 4107 762 4165 illum
777 4109 855 4166 saltu
879 4111 1079 4169 conscendere
1134 4131 1206 4173 sane
1220 4115 1274 4186 qui
1288 4131 1391 4173 amore
1402 4116 1523 4191 ejuspie
1533 4121 1682 4191 tenentur,
1695 4135 1826 4194 eumque
1835 4120 1965 4179 discreta

247 4199 360 4270 posset.
387 4196 474 4261 Quod
489 4198 638 4268 ‘protinus
666 4199 780 4255 cunctis
808 4200 987 4258 mirantibus
999 4201 1077 4259 iecit.
1133 4204 1290 4262 dilectione
1313 4210 1504 4276 venerantur,
1529 4222 1623 4280 opere
1645 4208 1768 4280 iustitia
1789 4226 1859 4284 quas
1885 4227 1965 4268 exer

249 4283 408 4342 Ferebatur
418 4287 519 4342 autem
534 4286 618 4358 quod
630 4285 729 4343 isdem
740 4287 891 4346 Adreldus
904 4289 1080 4348 incantatio-
1134 4294 1205 4366 cuit,
1216 4295 1314 4366 magis
1325 4294 1454 4369 placent,
1483 4299 1519 4354 At
1528 4313 1600 4354 vero
1615 4313 1685 4355 cum
1697 4303 1860 4374 utrumque
1876 4301 1966 4358 simul

247 4387 302 4429 nes
327 4389 362 4429 ec
389 4373 539 4431 maleficia
561 4379 674 4431 nosset.
699 4375 905 4451 Subsequente
919 4383 1021 4437 autem
1036 4397 1079 4438 se-
1134 4383 1166 4440 11
1180 4400 1216 4442 eo
1226 4384 1386 4456 concurrit,
1402 4389 1431 4442 et
1450 4385 1565 4458 justitia
1593 4387 1741 4458 videlicet,
1757 4393 1786 4446 et
1798 4390 1965 4448 sanctitica-

247 4461 343 4533 niore,
360 4461 481 4520 stabant
494 4461 536 4518 illi
554 4463 607 4536 qui
621 4464 778 4538 preibant,
793 4471 821 4524 11
835 4467 862 4524 11
876 4467 986 4525 saltum
1000 4469 1079 4527 illius
1133 4473 1185 4545 tio,
1197 4477 1226 4531 et
1236 4473 1392 4545 signorum
1402 4473 1589 4546 glorificatio,
1606 4477 1738 4534 securius
1753 4479 1848 4550 buno,
1862 4485 1892 4538 et
1906 4479 1966 4536 ela·
2031 4517 2032 4530 .

244 4551 431 4632 indicabant.
454 4551 503 4608 ille
528 4567 599 4609 vero
624 4553 819 4612 considerans
845 4557 929 4629 quod
947 4558 1004 4616 hoe
1025 4575 1079 4633 per
1133 4563 1221 4622 criori
1234 4564 1392 4622 devotione
1407 4564 1517 4623 colunt.
1534 4569 1610 4624 Nam
1625 4567 1651 4624 11
1665 4566 1789 4626 tortasse
1797 4569 1965 4644 prophetia

248 4658 335 4700 suam
348 4641 512 4714 agilitatem
526 4642 698 4700 nullatenus
711 4643 809 4703 facere
826 4651 937 4719 posset,
963 4649 1079 4709 elevata
1133 4653 1269 4728 spiritum
1282 4653 1447 4724 habuisset,
1460 4654 1561 4713 nullus
1575 4673 1656 4729 eum,
1672 4662 1704 4715 ut
1722 4662 1808 4732 puto,
1823 4665 1966 4716 sanctum

246 4746 341 4788 manu
369 4731 490 4804 signum
519 4731 616 4789 crucis
629 4733 732 4792 edidit.
761 4735 872 4794 Dehinc
899 4737 948 4795 ille
966 4754 1037 4798 eum
1046 4740 1078 4798 id
1132 4758 1197 4800 esse
1213 4747 1344 4815 negaret.
1363 4743 1420 4802 Sed
1433 4744 1536 4818 utique
1547 4745 1616 4819 plus
1630 4746 1707 4817 11111,
1718 4746 1791 4820 quie
1805 4747 1964 4806 avaritiam

246 4820 347 4877 multis
357 4820 475 4878 vicibus
486 4822 668 4895 tentavisset,
680 4823 851 4882 nullatenus
859 4827 976 4886 exsilire
986 4846 1078 4904 super
1130 4830 1210 4888 vicit.
1220 4831 1374 4905 Namquid
1386 4833 1498 4906 profuit
1507 4834 1639 4906 Balaam,
1650 4835 1965 4910 quodtemprotundc

246 4906 425 4981 pradictum
446 4907 578 4982 lapidem
605 4910 712 4983 potuit.
738 4915 772 4969 Et
795 4913 836 4972 ita
859 4916 1012 4988 cognitum
1033 4923 1078 4976 est
1131 4919 1274 4993 mysterio
1298 4923 1498 4996 prophetavit,
1521 4925 1645 4998 quando
1668 4930 1790 4999 propter
1804 4927 1964 4984 avaritiam

245 4995 329 5070 quod
344 4995 397 5052 illa
408 4997 550 5054 velocitas
561 4999 626 5070 ejus
641 5015 696 5073 per
713 5000 947 5063 incantationem
974 5008 1075 5079 tiebat,

1130 5009 1310 5082 reprobatus
1322 5013 1394 5069 1111
1415 5012 1491 5070 Nihil
1506 5013 1595 5085 igitur
1617 5015 1648 5072 in
1666 5014 1793 5072 Geraldo
1816 5015 1965 5087 grandius

245 5101 314 5160 qua
325 5085 352 5143 ei
367 5089 435 5159 post
446 5086 635 5158 signaculum
648 5089 756 5148 adesse
768 5108 831 5150 non
851 5096 957 5168 potuit,
972 5099 1001 5153 et
1014 5113 1077 5155 me-

1131 5098 1312 5157 miraculum
1340 5117 1468 5175 quares,
1495 5104 1642 5178 quoniam
1664 5105 1722 5163 hoc
1744 5109 1789 5164 111
1802 5106 1889 5180 quod
1903 5119 1963 5162 non

245 5189 306 5247 gna
319 5175 412 5234 virtus
428 5181 505 5233 esset
514 5177 619 5234 domni
632 5179 760 5253 Geraldi,
793 5187 862 5255 post
876 5185 962 5257 cujus
976 5185 1075 5257 signa·
1131 5188 1264 5262 speravit
1277 5189 1308 5246 in
1322 5192 1461 5264 pecunie,
1474 5193 1522 5250 vel
1537 5194 1695 5252 thesauris.
1710 5196 1772 5253 lioc
1787 5197 1904 5270 quippe
1919 5197 1964 5251 est

244 5265 347 5322 culum
359 5264 405 5322 vis
418 5263 541 5322 inimice
555 5265 630 5324 nihil
649 5269 752 5327 valuit.
1131 5277 1208 5336 sicut
1232 5279 1298 5352 jam
1321 5279 1464 5354 diximus,
1493 5281 1643 5342 mirabilia
1668 5284 1782 5343 iecisse.
1800 5289 1876 5343 Tam
1894 5298 1963 5342 raro

279 5356 377 5410 XXXX.
395 5353 470 5420 Quia
481 5370 553 5412 vero
566 5355 603 5412 de
618 5357 683 5428 ejus
699 5359 853 5431 signaculo
867 5360 1072 5434 idretnlimus,
1128 5367 1242 5443 quippe
1254 5370 1395 5444 reperies,
1410 5372 1464 5447 qui
1475 5389 1537 5431 non
1552 5379 1651 5448 speret
1664 5391 1729 5433 esse
1742 5374 1917 5434 felicitatem
1932 5373 1963 5429 in

243 5439 317 5513 quid
328 5441 431 5500 itidem
442 5442 591 5514 signando
603 5443 704 5504 iecerit
715 5447 946 5519 subjungamus.
963 5451 1075 5510 Solem·
1128 5456 1274 5529 pecuniis,
1292 5463 1325 5515 ut
1335 5474 1390 5532 pro
1404 5459 1471 5534 ipsa
1482 5461 1602 5520 11111111
1614 5479 1715 5521 sermo
1728 5463 1851 5522 divinus
1873 5463 1963 5524 inter·

242 5527 321 5584 nitas
336 5530 429 5586 sancti
441 5532 589 5590 Laurentii
599 5537 731 5604 venerat,
746 5538 774 5591 11
787 5533 836 5592 ille
846 5535 877 5592 in
906 5540 1073 5611 quamdam
1128 5545 1270 5618 posuerit.
1295 5547 1366 5614 0111
1387 5553 1433 5606 111
1457 5549 1505 5608 hic
1520 5552 1535 5608 1
1556 5537 1631 5610 Cum
1643 5569 1713 5610 vero
1724 5553 1792 5612 talis
1804 5559 1961 5626 umunqne

242 5633 330 5674 suam
344 5617 492 5691 capellam
505 5637 574 5694 qua
600 5635 662 5678 non
674 5622 764 5694 longe
787 5639 805 5681 a
822 5623 891 5684 vico
900 5631 1072 5701 Argentado
1128 5635 1283 5710 reperitur,
1290 5635 1454 5708 dignusest
1464 5639 1567 5708 leude,
1577 5641 1653 5698 sicut
1667 5641 1726 5699 illic
1741 5641 1958 5716 subjungitur:
