4120 6154
120 173 165 228 tii
530 173 678 231 Epirotis
697 169 879 231 nomnium
898 173 927 229 S.
947 169 1100 230 GREG.1N
1118 171 1188 232 JOB.
1209 203 1244 214 ·-
1263 171 1330 228 hin.
1350 174 1402 228 XX.
1775 168 1827 224 tib

116 305 193 363 pore.
209 321 244 332 -
255 289 506 364 Omnesbeeretici
523 292 682 350 universali
705 293 841 350 Ecclesiae
855 309 938 348 corn-
956 292 1082 365 Aquasi
1097 293 1283 367 quibusdam
1308 291 1391 347 illam
1406 290 1522 347 nisibus
1536 290 1657 357 rodunt,
1673 291 1702 346 st
1720 287 1773 362 qui
1787 287 1827 344 ab

116 378 217 452 parati,
231 378 365 450 juniores
393 385 526 454 tempore
540 397 672 452 congrus
686 387 844 452 vocantur,
869 381 942 454 quia
995 383 1171 441 universalis
1185 381 1321 442 coeleste
1337 381 1477 436 societate
1504 379 1647 452 disjuncti
1661 381 1740 450 suut,
1765 391 1827 436 non

117 467 171 540 ipsi
186 465 225 523 eh
247 483 293 538 aa,
322 482 380 524 non
405 473 506 526 autem
533 469 599 544 ipsa
612 487 734 543 egressa
764 474 808 528 est
821 469 939 528 abillis.
996 470 1207 543 quolibstloco
1223 471 1339 538 rodere,
1354 469 1410 525 sad
1437 471 1468 525 in
1483 469 1645 526 solitudine
1659 481 1827 525 memoran-

118 557 196 613 Unde
209 561 422 631 rectequcque
449 573 502 631 per
515 562 662 618 ioannem
676 561 785 618 dicitur
800 578 806 616 ε
823 583 838 610 a
851 565 874 616 Α
887 573 941 616 no·
995 561 1052 616 tur.
1082 560 1137 626 Qui
1162 565 1240 618 recte
1266 557 1462 633 perhibentur
1480 558 1655 614 calamitate
1669 555 1827 614 etmiseria

117 645 160 702 bis
173 645 316 714 exierunt,
329 647 452 704 sednon
462 653 547 706 erant
571 665 608 707 ex
622 651 720 708 nobis.
746 653 820 708 Nam
835 652 860 705 si
872 649 942 706 iuis·
998 647 1138 721 squalidi,
1161 649 1233 723 quia
1255 653 1284 706 et
1299 663 1419 704 morum
1447 647 1517 702 sunt
1531 644 1663 718 pernicie
1676 649 1706 702 ct
1721 659 1827 702 sanaris

118 739 178 792 sent
200 749 238 791 ex
266 735 364 806 nobis,
389 737 572 796 mansissent
595 740 699 814 utiquc
726 741 887 798 nobiscnm
916 738 946 811 (l
996 737 1140 810 pravitate
1152 737 1294 812 despecti.
1311 736 1367 803 Qui
1392 734 1503 792 herbas
1518 745 1641 807 quoque
1656 737 1685 792 ct
1704 733 1828 790 corticea

117 826 198 881 loon.
214 839 245 895 n,
266 825 351 896 ¹9)·’
370 826 505 883 iuniores
530 843 603 899 ergo
623 834 760 886 sanotnm
779 828 943 886 Ecclesiam
998 825 1143 884 arborum
1172 827 1331 894 mandunt,
1355 825 1427 899 quia
1446 823 1582 881 elationis
1608 837 1670 878 eum
1684 821 1770 880 obice
1784 836 1829 878 re-

117 913 234 971 irrident
258 929 327 970 cum
341 914 372 971 hi
386 915 438 988 qui
453 916 493 973 ab
506 933 542 974 ea
558 919 669 989 egressi
684 923 764 988 sunt,
776 919 944 976 doctrinam
997 914 1086 988 pulsb
1102 915 1134 972 in
1147 931 1232 974 sacro
1245 915 1365 989 eloquio
1380 927 1494 985 magna
1506 917 1536 970 et
1549 911 1654 968 intima
1674 910 1827 984 percipere

118 1004 175 1074 ejus
189 1001 370 1076 despiciunt.
388 1007 427 1060 lie
442 1005 554 1078 quibus
577 1007 678 1064 adbuc
692 1008 849 1066 subditur:
868 1009 944 1077 an-
997 1007 1162 1076 nequeunt,
1177 1005 1230 1061 sed
1245 1004 1295 1060 vix
1318 1003 1349 1060 in
1364 1002 1413 1060 ilia
1425 1001 1566 1076 quaedam
1589 1003 1691 1058 tenera
1705 1001 1735 1056 et
1746 999 1827 1056 exte-

116 1105 178 1146 ram
192 1091 732 1164 nondapnolrarpatresponerecum
747 1097 870 1154 canibus
881 1109 946 1166 pra·
997 1091 1077 1148 nora
1104 1096 1301 1163 cognoscunt.
1328 1093 1383 1149 Per
1403 1089 1513 1148 herbas
1528 1088 1651 1164 quippe,
1674 1084 1828 1159 dictaplu·

114 1180 156 1250 ais
169 1181 236 1236 mn.
250 1180 367 1246 -Quis
377 1185 421 1238 est
436 1197 509 1252 grex
519 1188 630 1241 sanctae
642 1185 791 1254 Ecclesiae,
805 1183 945 1242 nisimul·
997 1179 1092 1249 niara,
1104 1195 1159 1254 per
1172 1182 1317 1239 arborum
1332 1181 1468 1248 cortices,
1484 1182 1603 1236 Patrum
1618 1177 1737 1251 eloquia
1750 1179 1828 1234 exta·

114 1266 203 1324 titudo
219 1265 384 1324 fidelium?
405 1270 453 1326 val
468 1271 520 1341 qui
548 1271 598 1328 alii
613 1272 704 1344 bajus
732 1271 830 1345 gregis
855 1287 945 1330 canes
997 1268 1077 1324 riors
1091 1269 1258 1340 signantur.
1274 1271 1325 1327 Vel
1339 1274 1418 1327 certa
1433 1268 1543 1326 herbas
1557 1266 1702 1324 mandere
1716 1270 1770 1334 eat,
1789 1264 1828 1322 de

114 1358 266 1424 vocantur,
282 1355 341 1414 nisi
355 1356 493 1414 doctores
518 1359 624 1430 sancti,
652 1359 702 1433 qui
718 1353 901 1418 eorumdam'
912 1359 946 1414 ti-
999 1359 1150 1433 Scriptura
1165 1377 1252 1418 sacra
1266 1361 1553 1432 minimapraeoepta
1567 1373 1695 1428 servare,
1710 1356 1828 1428 maiora

114 1442 222 1500 delium
239 1445 378 1501 custodes
389 1447 563 1506 exstiterunt
573 1451 588 1506 ‘l
600 1449 739 1516 Quidum
751 1465 806 1522 pro
817 1448 944 1506 Domino
998 1451 1200 1505 contemnere.
1225 1451 1305 1520 Quos
1320 1449 1398 1505 bene
1413 1448 1525 1504 Veritas
1544 1446 1679 1519 increpat
1703 1445 1826 1501 fflcens:

52 1523 56 1530 ’
115 1547 167 1590 suo
175 1532 292 1589 diurnis
306 1535 521 1608 nocturnisque
542 1538 651 1608 vigiliis
667 1538 770 1594 intenti
792 1537 943 1606 clamare-
999 1557 1013 1584 «
1028 1539 1074 1592 Vn
1089 1537 1188 1607 vobis,
1205 1537 1316 1596 Scriba
1330 1542 1358 1594 et
1373 1534 1699 1608 Pharisoeihypoaritoe,
1714 1532 1767 1605 qui
1779 1531 1829 1590 dc·

115 1627 190 1691 runt,
205 1637 346 1694 magnos,
360 1629 392 1682 ut
407 1625 448 1682 ita
462 1625 599 1699 dixerim,
616 1627 740 1684 latratus
756 1627 943 1701 praedicatio-
959 1645 984 1701 B
997 1625 1114 1683 cimelia
1129 1627 1296 1694 mentham,
1312 1631 1341 1683 et
1355 1626 1510 1696 anethum,
1527 1629 1556 1680 et
1567 1623 1722 1690 ciminum,
1736 1625 1765 1678 et
1785 1636 1829 1678 re·

114 1711 159 1767 nis
174 1711 331 1769 dederunt.
346 1716 386 1770 ite
399 1714 511 1787 quibus
524 1716 622 1772 sidem
643 1716 781 1773 Ecclesiae
794 1733 848 1790 per
861 1717 943 1774 Psal-
996 1713 1125 1788 liquistis
1153 1731 1222 1788 quea
1251 1715 1390 1786 graviora
1405 1719 1475 1771 sunt
1498 1713 1573 1783 lcgis
1587 1711 1709 1784 (natta.
1725 1725 1827 1780 uerri,

116 1801 944 1874 mistamdicitur:ahinguacanumtuorumexinimicis
996 1805 1051 1876 23).
1068 1825 1082 1854 a
1098 1805 1154 1870 Qui
1179 1805 1324 1862 arborum
1346 1804 1470 1862 cortices
1491 1801 1650 1871 mauduni,
1665 1799 1738 1873 quia
1758 1803 1829 1856 suut

115 1888 328 1961 abipsotPeal.
344 1907 431 1958 nxvrr,
441 1893 497 1964 ti).
513 1914 527 1942 a
539 1895 637 1949 Patres
647 1909 719 1950 vero
735 1894 943 1952 hereticorum
997 1891 1134 1948 nonnulli
1145 1893 1198 1966 qui
1212 1893 1244 1949 in
1258 1893 1351 1950 sacris
1374 1891 1580 1950 voluminibus
1605 1889 1702 1948 solam
1723 1887 1828 1945 litterae

114 1976 242 2032 dicimus
257 1991 308 2033 eos
321 1977 456 2038 videlicet
466 1995 545 2052 quos
560 1981 776 2038 haeresiarchas
787 1995 943 2052 vocamus,
999 1980 1188 2052 superficiem
1204 1986 1391 2050 venerantur,
1405 1997 1444 2038 ne
1467 1979 1638 2054 quidquam
1652 1975 1690 2034 da
1705 1975 1829 2050 spiritaii

116 2066 153 2122 de
166 2081 296 2138 quorum
315 2081 455 2138 perversa
469 2069 691 2140 praedicatione,
703 2070 735 2126 id
752 2073 808 2140 est,
821 2069 945 2127 locutio-
999 2067 1150 2125 intellectu
1161 2071 1342 2140 custodiam,
1358 2085 1428 2126 cum
1442 2069 1517 2128 nihil
1528 2069 1560 2126 in
1576 2068 1678 2124 verbis
1697 2067 1748 2123 liei
1759 2082 1825 2124 am-

116 2154 163 2210 nis
177 2154 289 2211 semine
304 2160 461 2228 sequentes
488 2161 558 2214 sunt
584 2159 689 2232 populi
703 2159 734 2215 in
749 2175 848 2215 errore
860 2173 946 2229 gens·
999 2156 1079 2228 plius
1092 2157 1149 2213 nisi
1163 2159 1221 2214 hoc
1237 2159 1320 2232 quod
1335 2159 1463 2216 exterius
1476 2157 1636 2227 audierint,
1651 2171 1716 2214 esse
1735 2155 1827 2229 suspi-

113 2243 179 2298 cati.
193 2243 299 2299 mnan
314 2259 385 2314 ergo
399 2245 528 2304 Ecclesia
541 2261 611 2302 cum
633 2247 759 2303 canibus
784 2248 882 2318 gregis
899 2247 946 2303 sui
1000 2250 1114 2301 cantur.
1128 2246 1199 2303 ilino
1210 2247 1318 2304 Paulus
1329 2247 1390 2304 ait:
1407 2269 1421 2298 a
1433 2245 1613 2318 Huiusmodi
1622 2246 1703 2302 enim
1714 2244 1828 2302 Christo

114 2330 321 2388 hereticorum
354 2334 454 2389 Patres
469 2349 582 2406 ponera
606 2334 795 2405 dedignetur,
816 2336 944 2408 quinin-
999 2335 1127 2391 Domino
1154 2349 1215 2392 non
1244 2335 1387 2402 serviunt,
1413 2336 1466 2392 sed
1479 2351 1535 2391 suo
1549 2332 1644 2392 ventri
1657 2334 1751 2404 (Ram.
1766 2348 1827 2402 xvi,

112 2422 248 2475 vaniores
263 2433 400 2476 errorum
414 2421 612 2492 dijudicando
627 2424 750 2496 respuit,
778 2423 945 2497 eosquein·
1001 2425 1054 2495 18).
1069 2445 1084 2475 a
1111 2425 1218 2482 aliter:
1236 2426 1313 2493 Quid
1340 2426 1423 2484 ahud
1450 2427 1508 2482 hoc
1536 2425 1568 2484 iu
1592 2423 1659 2480 loco
1688 2421 1828 2491 solitudo,

117 2513 261 2566 terrama
277 2513 376 2568 Patres
401 2528 560 2570 numerare
588 2514 761 2571 contemnit.
783 2515 942 2588 Sequitur:
1000 2527 1094 2583 quam
1106 2513 1180 2569 boni
1194 2513 1346 2572 destitutio
1358 2511 1610 2572 demonstraturi
1629 2511 1711 2568 Unde
1728 2515 1758 2567 et
1771 2509 1828 2566 sub

150 2601 274 2654 Versa.
291 2599 422 2666 Quotam
439 2603 535 2658 virtus
549 2618 694 2659 manuam
708 2609 774 2661 erat
793 2604 868 2660 milti
886 2619 943 2674 pro
998 2601 1108 2657 iudaeae
1122 2607 1196 2676 typo
1211 2603 1355 2660 ieremias
1373 2601 1539 2676 peccatoris
1566 2600 1701 2658 animam
1726 2598 1828 2674 deplo-

116 2687 226 2758 niltilo,
240 2693 270 2745 ct
284 2689 347 2745 cita
357 2690 423 2758 ipso
434 2691 627 2760 palabantur
641 2693 768 2763 todioni.
794 2723 828 2734 -
845 2693 944 2748 Virtus
998 2693 1053 2756 ret,
1069 2689 1172 2746 dicens
1188 2707 1196 2747 :
1212 2713 1226 2741 a
1243 2691 1401 2758 Quomodo
1417 2691 1501 2748 sedet
1528 2689 1593 2747 ecla
1619 2689 1727 2746 civitas
1737 2688 1828 2763 plana

117 2777 224 2850 quippe
249 2777 280 2834 in
304 2793 399 2834 manu
413 2783 467 2848 est,
498 2779 677 2850 magnitudo
692 2781 723 2838 in
746 2781 943 2855 operatione:
998 2777 1827 2851 popu10r»(rtrea.1,rassaoumperbeatumroi)

117 2867 168 2922 sed
181 2866 276 2924 virtus
288 2881 436 2924 manuum
448 2869 657 2925 hereticorum
672 2874 806 2926 asancta
816 2869 946 2927 Ecclesia
999 2865 1037 2922 de
1051 2867 1150 2939 pravis
1165 2867 1281 2935 dicitur,
1298 2869 1443 2926 rodebant
1457 2869 1489 2924 in
1501 2867 1674 2940 solitudine,
1689 2867 1761 2923 libet
1785 2866 1829 2922 in-

116 2954 277 3027 pronihilo
292 2954 420 3026 ducitur,
447 2956 520 3030 quia
544 2957 656 3013 nulius
674 2973 738 3014 esse
752 2957 849 3016 meriti
861 2973 945 3014 cons·
964 2994 985 3048 c
1000 2955 1084 3022 tueri,
1100 2956 1158 3012 hoc
1171 2956 1260 3014 etiam
1274 2957 1358 3030 quod
1372 2955 1624 3028 perPsaimistam
1636 2955 1804 3012 dictumest
1819 2971 1826 3010 :

116 3043 192 3115 picit,
206 3059 282 3100 vera
293 3042 353 3100 fida
367 3045 495 3117 perdita,
510 3045 659 3118 quidquid
683 3051 856 3119 operantur.
873 3047 946 3104 Cha.
1000 3067 1014 3095 «ι
1032 3044 1145 3100 inimici
1157 3046 1222 3117 ejus
1236 3049 1347 3102 terram
1361 3044 1476 3116 lingent
1488 3044 1582 3111 (Paul.
1597 3059 1673 3110 nxxr,
1686 3044 1724 3114 9).
1737 3067 1751 3094 a
1765 3047 1829 3098 nuo

116 3131 229 3188 ritanm
245 3131 359 3206 quippo
372 3133 423 3188 Dei
433 3137 462 3189 et
480 3133 609 3207 proximi
633 3134 784 3198 deserunt,
800 3135 854 3208 qui
868 3139 897 3191 et
908 3135 947 3192 de
1000 3133 1113 3208 quippe
1129 3139 1200 3191 sunt
1214 3149 1325 3206 genera
1342 3133 1502 3190 hominum
1523 3131 1680 3189 ambitioni
1694 3147 1757 3188 auce
1772 3145 1831 3188 ser-

117 3223 173 3278 bao
183 3221 264 3279 salsa
286 3224 426 3291 sentiunt,
441 3227 470 3279 et
483 3215 628 3296 proximis
642 3223 796 3296 jurgando
811 3224 948 3281 dividun·
1000 3224 1155 3294 viantium,
1172 3239 1267 3281 unum
1283 3223 1419 3282 videlicet
1430 3223 1513 3298 quod
1529 3237 1649 3296 semper
1677 3221 1717 3278 ad
1731 3222 1830 3280 avari-

118 3314 170 3367 tur.
180 3315 408 3385 Nonnunquam
435 3327 504 3369 vero
525 3313 654 3370 haretici
675 3313 763 3386 signa
777 3329 899 3388 quoque
911 3329 947 3371 ac
1000 3313 1073 3370 tiam
1088 3313 1301 3371 blandimentis
1317 3316 1407 3372 alitur
1420 3313 1542 3384 lingua,
1558 3311 1640 3369 aliud
1654 3327 1725 3367 vcro
1746 3310 1830 3384 quod

117 3399 391 3469 miraculaiaciunt,
402 3402 453 3458 aad
465 3401 538 3476 quia
550 3402 590 3459 ad
600 3403 810 3475 eademsigna,
819 3419 888 3477 qnae
899 3421 947 3460 ex·
1000 3407 1104 3476 aperta
1116 3403 1174 3460 vita
1188 3403 1316 3462 intendit
1328 3403 1452 3477 rapinae.
1467 3405 1577 3460 Omnes
1590 3401 1680 3472 igitur
1693 3400 1745 3475 qui
1760 3399 1829 3457 alie-

117 3489 227 3562 hibeni,
238 3489 698 3562 nullabumilitateconcordant,
707 3497 783 3549 recte
793 3493 945 3550 subditur:
999 3507 1040 3548 na
1055 3495 1210 3565 appetunt,
1227 3492 1280 3549 sed
1294 3507 1330 3549 aa
1351 3507 1420 3566 quaa
1434 3495 1581 3565 appetunt
1594 3505 1700 3564 repere
1714 3503 1829 3562 nequa

118 3581 150 3634 Et
162 3581 224 3636 vita
244 3581 310 3649 abac
328 3580 522 3650 parabantur
537 3581 666 3652 indipni.
690 3581 827 3640 Velcerte
840 3597 947 3639 ornnes
1000 3587 1240 3656 quampossunt‚
1251 3582 1371 3640 blandis
1380 3585 1481 3639 aulem
1491 3580 1732 3648 sermonibus,ct
1740 3578 1831 3652 quasi

117 3667 271 3725 hereticos
282 3671 386 3726 sancta
395 3669 525 3727 Ecclesia
536 3669 784 3744 vitaipsaiatetur
792 3671 946 3743 indignos,
999 3671 1121 3728 mollitie
1137 3671 1304 3728 dulcedinis
1318 3671 1479 3744 concupita
1489 3669 1828 3736 ababahereconautnr,

118 3757 188 3829 quia
201 3757 346 3814 nimirum
362 3758 419 3814 sub
433 3760 555 3815 nomine
573 3760 680 3818 Christi
699 3759 827 3816 militant
840 3763 946 3816 contra
999 3760 1073 3832 quid
1086 3760 1168 3817 aliud
1181 3776 1274 3833 quam
1289 3765 1399 3816 terram
1423 3759 1561 3830 lingent‘l
1576 3758 1632 3825 Qui
1644 3773 1716 3814 vero
1731 3757 1762 3814 in
1772 3758 1830 3813 hoc

119 3861 231 3902 nomen
246 3845 354 3903 Christi
367 3846 404 3902 de
418 3847 532 3918 quibus
544 3847 644 3904 adhuc
660 3849 798 3904 subditur
813 3867 820 3904 :
999 3849 1115 3906 mundo
1129 3848 1230 3921 aliqua
1239 3852 1385 3921 potestate
1400 3847 1512 3903 suffulti
1526 3852 1605 3914 sunt,
1622 3850 1652 3902 et
1674 3847 1832 3918 concupis-

152 3936 240 3992 Vsss.
266 3939 292 3991 3.
315 3935 456 4006 Egestate
480 3941 509 3992 et
525 3937 608 4005 same
636 3939 810 3994 stanles-
835 3940 946 3994 Omnes
999 3941 1100 3994 centes
1114 3937 1223 4008 aliena,
1237 3937 1374 3992 blandire
1400 3935 1523 4008 quidem
1551 3947 1588 3991 ex
1603 3933 1709 3990 fraude
1732 3933 1830 4006 despi-

116 4023 248 4079 bmretici
274 4023 348 4078 dum
374 4024 405 4078 in
420 4039 506 4080 sacro
521 4024 640 4097 eloquio
667 4026 735 4096 plus
764 4031 877 4082 secreta
898 4027 948 4082 Dei
1001 4025 1176 4098 ciunt,quie
1193 4027 1283 4081 etiam
1303 4024 1415 4095 injusto
1440 4023 1548 4079 robore
1565 4026 1695 4095 possunt
1707 4021 1831 4092 implere

116 4107 240 4164 student
261 4107 441 4178 perscrutari
455 4123 550 4180 quam
575 4109 709 4181 capiunt,
723 4109 803 4165 fame
819 4125 874 4165 sua
889 4114 948 4165 ste-
1001 4112 1085 4186 quod
1099 4112 1214 4182 volunt,
1228 4111 1376 4184 hocquod
1390 4115 1535 4184 appetunt
1546 4125 1608 4165 non
1618 4107 1767 4178 lambunt,
1779 4107 1832 4164 sed

115 4195 184 4251 riles
199 4192 285 4262 liant,
298 4207 440 4267 nequeas
452 4199 591 4267 quaerunt
601 4211 638 4252 ex
651 4195 762 4270 quibus
772 4197 949 4271 semetipsos
1000 4201 1121 4258 rodunt.
1141 4203 1179 4256 ite
1205 4200 1252 4256 hia
1267 4200 1381 4274 quippe
1396 4216 1432 4256 ac
1447 4198 1563 4256 sidicat
1578 4195 1717 4269 Ecclesia,
1735 4195 1832 4254 aliena

118 4284 155 4340 ad
169 4283 372 4340 bumilitatem
391 4284 540 4355 crudiant,
555 4299 656 4342 mores
682 4285 712 4342 in
738 4286 948 4359 tranquillitate
962 4340 986 4396 D
1001 4290 1092 4346 etiarn
1108 4288 1252 4346 violenter
1264 4289 1410 4362 rapiendo
1423 4303 1485 4344 non
1499 4287 1649 4355 roderent,
1665 4285 1723 4342 nisi
1748 4285 1832 4359 prius

118 4374 290 4446 disponant,
301 4371 476 4446 patientiam
490 4379 620 4446 servent,
631 4375 947 4446 longanimitatemcx-
1000 4380 1057 4452 ipsi
1072 4380 1102 4434 in
1117 4377 1307 4435 interioribus
1331 4377 1405 4450 suis,
1429 4377 1486 4434 soli
1500 4393 1535 4434 ao
1547 4376 1635 4433 vacui
1650 4391 1669 4434 a
1688 4375 1831 4432 virtutum
1864 4417 1876 4438 ,

119 4462 250 4529 hibeant,
267 4459 321 4516 sed
334 4477 370 4518 aa
385 4462 579 4520 solummodo
593 4479 662 4536 quae
672 4479 724 4519 coe
736 4464 841 4521 doctos
856 4481 892 4520 aa
906 4465 948 4520 lo-
1001 4469 1115 4526 cultura
1144 4473 1343 4524 remanerent.
1371 4471 1481 4525 Natura
1501 4467 1591 4538 igitur
1604 4467 1740 4523 humana
1753 4465 1831 4522 bane

119 4565 228 4622 quecea
238 4549 462 4620 demonstrent;
474 4549 526 4607 illa
540 4551 615 4608 rcire
631 4556 826 4625 appetunt,ex
836 4553 948 4626 quibus
1000 4553 1131 4624 condita,
1143 4553 1196 4609 sed
1221 4553 1261 4609 ad
1274 4553 1479 4610 infirmitatem
1493 4552 1565 4608 vitio
1580 4550 1709 4624 propriae
1725 4549 1830 4606 volun-

120 4638 307 4710 singulariter
320 4638 426 4696 eruditi
440 4638 609 4696 videantur.
630 4641 726 4704 Quam
745 4640 821 4698 bene
841 4657 947 4698 eorum
1000 4644 1068 4698 tatis
1081 4641 1170 4716 lapsa
1182 4643 1213 4698 in
1229 4641 1431 4699 calamitatem
1443 4639 1559 4708 cecidit,
1583 4640 1657 4714 quia
1671 4653 1776 4712 pressa
1789 4638 1832 4694 in·

121 4728 280 4785 audaciam
303 4727 483 4800 praedicator
502 4729 643 4800 egregius
666 4729 795 4787 refrenat
808 4731 913 4788 dicens
938 4749 945 4788 :
1000 4731 1134 4787 numeris
1161 4729 1389 4788 necessitatibus
1403 4728 1445 4784 nil
1473 4729 1505 4784 in
1526 4729 1584 4784 hac
1598 4728 1659 4784 vita
1680 4727 1737 4783 nisi
1750 4728 1840 4784 unde

122 4839 133 4865 α
153 4821 216 4876 lion
231 4817 303 4891 plns
319 4831 424 4891 sapere
437 4831 532 4890 quam
546 4823 665 4892 opttrtet
688 4834 804 4892 sapere,
833 4819 886 4875 sed
902 4835 949 4876 aa·
1002 4819 1187 4891 affligeretur
1197 4819 1317 4876 invenit.
1331 4818 1387 4877 Sed
1402 4833 1473 4874 cum
1498 4817 1612 4873 eisdem
1633 4819 1749 4873 naturis
1764 4831 1832 4874 nos-

121 4919 186 4976 pere
214 4907 254 4963 sd
282 4905 475 4962 sobrictatem
501 4907 594 4976 (Rom.
622 4921 672 4974 xn,
692 4909 730 4980 3),
747 4931 761 4958 »
784 4908 946 4980 Sequitur:
1002 4916 1053 4966 trae
1082 4907 1307 4966 :recessitatibus
1334 4907 1513 4980 plerumque
1534 4905 1698 4980 piusquam
1712 4907 1832 4980 expedit

153 4997 234 5052 vass.
247 4999 276 5051 4.
294 4995 352 5064 Qui
370 4993 516 5052 rodebant
529 4997 562 5052 in
585 4996 752 5052 solitudine
765 4998 949 5068 squallentes
1001 4996 1196 5064 (inservimus,
1214 4995 1384 5068 mentisque
1398 5009 1504 5052 curam
1519 4995 1717 5067 negligimus,
1730 5000 1760 5052 et
1773 4995 1831 5052 rni-

121 5083 291 5142 cotamitate
304 5090 333 5141 et
348 5085 479 5154 innam,
494 5090 523 5140 et
536 5083 721 5142 mandebant
735 5085 843 5142 tntae
857 5091 885 5142 ct
900 5101 949 5142 ar·
1001 5085 1084 5146 serim
1110 5083 1335 5155 negligentiam,
1357 5082 1522 5142 infirmitati
1550 5090 1660 5142 nosne:
1688 5083 1831 5141 addimus

122 5169 221 5229 mmm
236 5175 370 5231 carinas.
383 5205 419 5215 -
446 5173 520 5231 ltodi
535 5171 620 5242 solet,
644 5174 728 5246 quod
752 5174 870 5230 camach
884 5189 947 5230 non
1001 5173 1173 5246 squalorem
1190 5171 1297 5245 culpae.
1324 5173 1512 5231 Necessitatis
1536 5173 1626 5244 igitur
1653 5183 1778 5228 causam
1798 5167 1831 5221 in

122 5265 223 5331 potest.
239 5262 374 5318 Haeretici
402 5267 513 5330 autam,
535 5263 608 5336 quia
632 5255 815 5336 scripturam
829 5277 947 5319 sacram
1000 5279 1091 5319 usum
1104 5261 1265 5336 voluptatis
1279 5266 1404 5328 vertere,
1419 5262 1495 5336 quid
1508 5265 1555 5318 est
1569 5259 1651 5317 aliud
1666 5269 1760 5328 quam
1779 5269 1831 5311 ca·

122 5346 278 5422 intelligere
289 5367 345 5407 sua
359 5350 649 5423 virtutemoliuntur,
657 5367 725 5408 eam
736 5351 842 5424 procui
853 5351 947 5408 dubio
999 5351 1125 5408 iamitati
1150 5365 1213 5407 suae
1237 5350 1410 5424 squalorem
1434 5350 1563 5406 miserim
1592 5341 1732 5400 wetere?
1752 5341 1830 5409 Quid

123 5440 344 5511 apprehendere
372 5454 567 5511 nequaquam
595 5445 734 5512 possum,
762 5455 857 5513 quam
872 5440 947 5497 dum
1000 5441 1080 5498 enim
1092 5457 1145 5514 per
1155 5441 1340 5508 herbas,nisi
1349 5445 1451 5498 tenera
1466 5453 1501 5494 ac
1513 5440 1596 5490 terrae
1606 5431 1830 5505 proximabene

123 5542 181 5583 uon
194 5528 362 5600 intelligunt
388 5527 475 5600 quasi
495 5543 558 5584 nou
573 5528 682 5600 edunt;
698 5533 727 5586 et
743 5529 816 5604 quia
830 5545 884 5602 per
898 5545 947 5585 su·
1000 5531 1206 5588 inchoantium
1218 5531 1302 5587 vitai
1317 5533 1350 5585 Et
1370 5527 1444 5599 quid
1459 5537 1513 5596 per
1534 5520 1677 5578 arborum
1692 5522 1828 5589 mances

123 5631 246 5690 pernam
258 5619 387 5690 gratim
398 5631 460 5676 non
474 5615 570 5698 adiuti
584 5617 662 5676 banc
677 5619 764 5678 edera
778 5624 944 5710 nequeunt,
1001 5619 1432 5694 nisiexterioracperaeorum,
1448 5609 1573 5685 quiism
1584 5610 1727 5670 sublimia
1736 5623 1830 5682 appe-
