4106 6148
203 107 272 164 litt

887 101 1033 160 rosario
1050 99 1155 157 PAPAE
1172 102 1217 158 llll

1851 104 1923 160 ¹020

201 226 241 284 ed
255 225 369 284 cultum
384 225 434 284 Dei
448 225 622 306 respiciens,
636 225 853 284 benedictionis
868 225 995 296 gratiam
1011 239 1030 280 a
1044 227 1068 281 Α
1084 223 1122 280 de
1133 224 1191 281 bac
1200 223 1271 282 rita.
1286 227 1367 281 'func
1374 223 1522 282 residente
1537 223 1645 282 eodem
1668 242 1791 284 summo
1817 226 1921 300 ponti·

201 315 480 373 misericordissimo
496 315 621 372 Domino
638 318 696 372 [teo
713 321 815 372 nostro
831 313 1031 388 multipliciter

201 409 413 478 consequatur,
429 409 458 460 et
471 404 539 460 vitre
553 409 670 460 ceteruia
691 406 842 478 particeps
869 403 945 459 effici
971 418 1032 458 me-

200 497 310 552 resim.

238 582 387 656 Scriptum
401 599 455 658 per
468 599 596 642 manum
620 582 725 640 Leonis
746 581 933 640 scriniariis.
950 584 982 638 R.
1000 583 1031 639 E.

201 671 232 728 in
242 688 348 730 menae
363 672 519 730 Decembri
534 671 635 729 indict.
652 689 697 728 xv.
712 673 791 728 Bene
806 671 910 728 valete.

237 764 301 818 liat.
315 779 388 819 xvrn
403 761 469 818 Kal.
485 761 616 818 ianuarii
629 776 682 834 per
702 777 828 817 manum
849 759 950 818 llarini
973 759 1034 832 epi·

203 850 296 924 scopi,
314 854 343 908 et
358 867 485 907 summae
510 851 588 906 sedis
611 850 780 924 apostolicae
804 848 1031 930 bibliothecarii,

201 939 329 996 Domino
345 939 473 1012 propitio
494 939 685 1012 pontificatus
700 939 815 996 domini
837 938 930 995 nostri
943 940 1033 995 loan-

200 1027 248 1084 nis
263 1028 373 1084 summi
388 1029 536 1101 pontificis
551 1033 580 1086 et
594 1029 772 1086 universalis
783 1033 827 1086 ιιιι
840 1044 929 1103 papae
941 1029 971 1084 in
987 1044 1034 1085 sa·

201 1116 368 1174 cratissima
391 1119 460 1175 sede
475 1118 555 1175 beati
569 1119 643 1175 Patri
667 1119 795 1192 apostoli
820 1135 861 1190 ιι,
886 1134 989 1175 mense
1004 1121 1034 1175 et

201 1204 303 1262 indict.
320 1207 525 1281 suprascripte
539 1224 578 1264 xv
591 1209 676 1280 (333).

598 1313 633 1368 Vi

217 1413 330 1457 ioannis
349 1417 390 1456 xli
409 1417 542 1458 EPISTULA
562 1417 598 1457 Al)
618 1418 756 1458 uaruicum
771 1419 1012 1460 manieriscorutf

514 1489 716 1530 Tnsvraeusen.

375 1565 596 1634 Fragmentum.
617 1594 651 1603 -
669 1563 768 1634 (Anno
783 1565 857 1632 957.)

411 1651 564 1720 lilipulfii
577 1667 661 1707 usura
674 1652 818 1707 concedit.

200 1755 298 1828 [Apud
309 1755 448 1811 Guntlrer.
461 1756 533 1811 (lod.
550 1755 673 1824 dirrlom.
685 1755 909 1812 libra-Maseli.
923 1760 944 1828 1,
959 1757 1033 1828 ιιι]

235 1843 357 1897 torrens
380 1842 548 1915 episcopus,
565 1859 668 1900 servus
691 1859 847 1900 servorum
862 1845 922 1913 Dei,
949 1861 1032 1901 reve-

199 1928 370 1986 rentissimo
385 1935 414 1987 et
427 1931 602 1988 charissimo
614 1931 696 1989 fratri
705 1936 827 1990 Enniano
841 1937 1031 2005 sanctaefre·

199 2017 311 2074 virensi
323 2019 458 2076 Ecclesia
483 2020 710 2094 archiepiscopo
730 2022 796 2078 vite
820 2025 879 2078 tues
903 2026 1032 2078 tantum-

199 2107 313 2165 modo..
330 2111 437 2165 Datum
450 2109 545 2183 pridie
561 2111 603 2166 ld.
619 2111 702 2168 Febr.
718 2126 772 2185 per
795 2127 922 2168 manum
944 2114 1032 2168 loan-

199 2198 246 2254 nis
270 2197 486 2258 bibliothecarii
512 2204 622 2257 sanctie
648 2201 726 2257 sedis
751 2200 923 2274 apostolice
949 2215 1030 2257 nnnc

199 2289 260 2344 Ded
286 2288 416 2361 propitio
440 2289 632 2362 pontificatus
645 2291 749 2346 domni
771 2290 894 2347 loannis
919 2287 1032 2346 summi

198 2375 348 2450 pontificis
360 2382 389 2434 et
404 2378 577 2436 universalis
592 2381 636 2436 ιιι
656 2396 755 2453 papae,
771 2380 804 2436 in
826 2379 1030 2436 sacratissima

199 2467 269 2524 sede
284 2467 363 2525 beati
378 2467 452 2525 Petri
467 2468 595 2542 apostoli
611 2485 628 2526 v
630 2509 685 2526 .....
706 2469 820 2526 domno
837 2469 971 2542 piissimo
975 2503 1028 2525 .....

197 2560 332 2626 Augusto
369 2559 473 2614 Ottone
502 2573 520 2614 a
545 2561 605 2614 Deo
641 2563 794 2626 coronato,
825 2573 936 2628 magno
974 2557 1030 2613 im-

198 2648 335 2717 peratore
348 2660 428 2701 anno
454 2646 562 2719 primo,
577 2647 608 2703 in
631 2661 735 2702 manse
759 2646 929 2716 Februario,
954 2645 1030 2702 indi·

199 2731 295 2790 ctione
309 2747 338 2792 v.

589 2825 635 2882 Vl.

442 2928 529 2972 snnva
548 2929 777 2972 asccacsrrosrs.

198 3003 334 3071 Qualiter
358 3005 489 3062 loannes
513 3003 575 3060 Xff
591 3019 677 3075 popa
700 3005 971 3076 Sollemnesque·
984 3019 1030 3061 re·

230 3076 377 3145 fractorii
397 3081 484 3132 erant
509 3076 612 3132 ascari
630 3078 805 3134 monasterii
826 3076 1027 3143 sublacensis,

231 3147 315 3218 eique
329 3147 426 3204 multu
439 3147 515 3216 dono
528 3154 723 3217 occuparunt,
736 3149 875 3218 repressit
890 3154 917 3204 et
928 3147 1029 3204 omniu

231 3219 388 3274 restituere
397 3219 502 3290 coepit,
519 3234 599 3276 uarro
613 3219 675 3276 958.

300 3321 399 3397 [apud
413 3324 561 3396 bfuratori,
576 3325 679 3398 Antip.
694 3325 766 3381 ltol.
789 3326 834 3396 Vf,
849 3323 925 3397 303]

230 3431 317 3487 Anno
333 3431 473 3501 (sortasse
487 3432 585 3502 tertio)
595 3431 701 3488 domni
714 3431 837 3488 loannis
858 3447 946 3505 papae
970 3435 1026 3505 ιιι,

195 3532 300 3574 mense
324 3519 409 3590 flcio,-
435 3519 537 3576 indict.
567 3521 676 3592 prima.
690 3520 865 3586 Quiemens
889 3523 1026 3578 humana

195 3620 314 3680 semper
327 3606 359 3663 in
371 3605 528 3664 laboribus
542 3623 608 3664 esse
636 3607 830 3678 dignoscitur,
855 3613 884 3665 at
907 3610 1027 3666 animus

1084 311 1184 368 ficein
1204 313 1311 369 eodem
1323 312 1487 370 venerabili
1502 313 1684 372 monasterio
1709 331 1780 372 cum
1794 331 1924 372 venere-

1084 401 1194 458 bilibus
1209 402 1367 476 episcopis,
1382 401 1519 459 videlicet
1532 403 1659 460 blarinus
1684 404 1924 462 Polimartiensis

1085 491 1232 560 Ecclesiae,
1246 497 1274 549 ct
1294 492 1540 550 bibliothecarius
1554 497 1665 550 sancta
1677 494 1755 550 sedis
1775 494 1925 568 apostoli-

1086 599 1138 649 ce,
1164 582 1375 638 Constantinus
1398 582 1559 656 episcopus
1583 583 1767 653 portuensis,
1789 585 1927 640 loannes

1084 670 1206 728 humilis
1225 671 1387 746 episcopus
1403 675 1514 729 sancte
1529 671 1689 729 Tiburtinae
1702 672 1856 737 Ecclesiae,
1872 691 1926 729 seu

1086 763 1289 817 Romanorum
1326 760 1482 832 judicibus
1515 761 1658 832 Georgius
1691 761 1922 818 secundicerius

1086 853 1196 906 sanctae
1224 852 1366 906 Romanae
1394 848 1541 917 Ecclesia,
1572 851 1628 906 Leo
1657 851 1925 923 protoscriniarius

1086 943 1196 996 sancta
1211 938 1290 996 sedis
1304 939 1475 1012 apostolicis
1486 941 1514 995 et
1527 939 1577 995 alii
1595 939 1725 1012 plurimi.
1743 943 1777 997 Et
1789 941 1835 997 sic
1853 957 1925 1013 pres

1085 1028 1163 1100 cepit
1178 1032 1210 1083 ut
1223 1043 1328 1084 omnes
1343 1026 1506 1085 adversarii
1520 1032 1589 1084 ante
1613 1045 1699 1086 suam
1727 1030 1925 1102 presentiam

1084 1116 1228 1174 venirent.
1241 1116 1295 1181 Qui
1310 1117 1384 1173 dum
1399 1120 1467 1173 ante
1481 1119 1630 1174 domnum
1650 1132 1764 1190 papam
1782 1133 1851 1175 una
1874 1135 1927 1176 no-

1084 1206 1202 1264 biscum
1217 1206 1362 1278 venirent,
1384 1206 1503 1264 coerciti
1528 1211 1598 1264 sunt
1618 1206 1765 1276 ninnium3
1796 1213 1828 1265 et
1857 1207 1927 1266 iecit

1084 1300 1117 1352 ut
1133 1295 1236 1352 omnia
1251 1296 1333 1352 bona
1344 1299 1373 1352 et
1387 1295 1498 1353 casalia
1513 1300 1542 1352 et
1555 1295 1695 1364 fundora,
1710 1313 1780 1369 ques
1794 1297 1842 1353 ibi
1867 1298 1927 1354 sin-

1085 1385 1209 1456 gulatim
1222 1391 1439 1456 memorantur,
1462 1387 1644 1442 monasterio
1656 1385 1868 1442 redderentur.
1893 1390 1926 1444 Et

1085 1475 1225 1548 praecepit
1239 1475 1342 1531 abbati
1367 1475 1457 1532 uide
1480 1475 1538 1530 hcc
1563 1474 1682 1544 negotio
1704 1473 1796 1530 breve
1821 1491 1925 1531 recor-

1051 1586 1072 1639 Β
1085 1563 1214 1620 dationis
1230 1563 1353 1634 faciens,
1370 1580 1388 1621 a
1404 1562 1585 1637 supradictis
1599 1562 1669 1618 viris
1684 1567 1713 1618 et
1727 1562 1793 1619 aliis
1821 1562 1926 1634 dignis

1085 1651 1156 1707 viris
1171 1651 1358 1708 subscribere
1371 1650 1409 1708 ad
1433 1651 1475 1708 rei
1501 1651 1717 1724 sempiternam
1740 1651 1923 1708 memoriam

1085 1741 1203 1798 facerat.

1467 1830 1523 1884 Vll.

1155 1933 1241 1973 nunni
1256 1933 1372 1974 scissis
1387 1933 1465 1974 isra
1478 1933 1518 1972 ιιι
1533 1933 1569 1974 ιιι
1584 1932 1692 1974 neonsu
1704 1931 1843 1973 mesina.

1406 2007 1505 2074 (Anno
1522 2007 1598 2079 338.)

1109 2093 1299 2151 Sublacensr's
1313 2095 1488 2151 monosterii
1500 2094 1577 2150 bonu
1589 2099 1616 2151 ct
1625 2096 1702 2166 juro
1716 2095 1892 2164 confir-snat.

1191 2183 1289 2256 [Apud
1303 2184 1452 2256 lituratori,
1467 2183 1572 2256 Antiq.
1592 2185 1664 2242 ltut.
1686 2185 1717 2252 V,
1733 2183 1811 2256 4611.

1118 2275 1240 2330 luisses
1261 2273 1433 2347 episcopus,
1457 2289 1559 2329 servus
1585 2289 1741 2330 servorum
1756 2273 1819 2340 Dei,
1836 2275 1924 2330 Lscsr

1083 2361 1245 2418 venerabili
1271 2361 1448 2436 presbytero
1472 2377 1507 2418 ac
1529 2362 1680 2418 monacho
1704 2365 1796 2436 atque
1816 2361 1924 2419 abbati

1084 2449 1262 2507 venerabilis
1278 2450 1452 2506 monasterii
1466 2451 1562 2507 sancti
1586 2450 1737 2508 Benedicti
1759 2454 1789 2507 et
1810 2456 1920 2508 sancta

1083 2538 1283 2609 scholasticae,
1295 2538 1380 2612 quod
1394 2539 1515 2612 ponitur
1534 2539 1564 2595 in
1591 2539 1731 2607 sublaco,
1757 2543 1918 2611 sancteque

1084 2645 1146 2684 sure
1174 2628 1411 2700 congregationi,
1441 2629 1727 2701 successoribusque
1754 2629 1858 2686 vestris
1884 2627 1916 2684 in

1083 2721 1272 2791 perpetuum.

1119 2808 1193 2862 Cum
1208 2805 1265 2878 piae
1281 2799 1463 2860 desiderium
1476 2803 1637 2862 voluntatis
1653 2808 1682 2861 et
1695 2803 1859 2862 laudanda
1872 2802 1922 2861 de-

1046 2894 1210 2996 Cvotionis
1237 2894 1361 2950 intentio
1390 2893 1561 2968 apostolicis
1585 2893 1644 2950 sint
1662 2910 1784 2968 semper
1811 2895 1850 2951 de
1874 2895 1922 2952 his

1082 2983 1274 3056 adjuvandis,
1303 2998 1433 3056 quorum
1459 2986 1505 3040 est
1532 2981 1700 3040 sollicitudo
1726 2983 1918 3056 adjuvanda,

1082 3077 1115 3129 ut
1129 3088 1176 3142 ea,
1191 3071 1405 3146 quaelegaliter
1429 3077 1583 3144 geruntur,
1608 3072 1747 3146 aequitate
1770 3076 1801 3130 ct
1825 3073 1922 3130 firmi-

1083 3167 1142 3220 tate
1157 3162 1333 3231 consistent,
1349 3167 1377 3218 et
1390 3161 1474 3219 nulla
1491 3161 1611 3220 valeant
1633 3162 1836 3232 refragatione
1850 3179 1919 3237 per-

1083 3252 1206 3326 turbari,
1232 3253 1287 3308 sed
1313 3249 1509 3323 irrefragabili
1533 3251 1600 3324 jure
1628 3257 1718 3326 atque
1739 3253 1917 3310 auctoritate

1082 3341 1213 3398 debeant
1224 3357 1418 3415 permanere,
1431 3339 1471 3397 cb
1483 3341 1541 3397 hoc
1556 3341 1729 3414 apostolicis
1740 3342 1920 3416 promulga-

1082 3429 1119 3486 tis
1134 3429 1341 3486 sanctionibus
1369 3429 1492 3502 propria
1517 3428 1690 3502 unicuique,
1715 3445 1784 3502 quie
1809 3431 1920 3487 rationi

1082 3523 1254 3592 suppetunt,
1284 3519 1330 3575 fas
1353 3517 1443 3589 erigit
1465 3517 1650 3591 possidenda
1674 3518 1859 3576 confirmari.
1883 3522 1918 3577 Et

1080 3606 1158 3676 ideo,
1174 3606 1321 3680 quoniam
1337 3606 1454 3664 constat
1480 3606 1669 3664 sanctitatem
1696 3609 1827 3664 vestram
1847 3607 1917 3681 pfu-

194 3693 432 3768 uniuscujusque
445 3711 502 3769 pro
515 3696 728 3754 diversisouris
749 3713 803 3754 seu
824 3697 1027 3755 sollicitudini·
1080 3695 1157 3752 rima
1172 3694 1424 3753 sanctorumloca
1438 3695 1613 3768 acquisisse,
1629 3699 1658 3752 ct
1673 3700 1783 3754 cuncta
1805 3695 1837 3752 in
1859 3696 1918 3754 ho·

193 3781 254 3842 bus
267 3783 327 3841 buc
341 3787 431 3858 atque
445 3784 515 3842 illuc
529 3786 670 3858 vagando
695 3786 844 3856 discurrit,
869 3802 925 3844 nee
948 3787 1027 3846 valet
1080 3801 1153 3842 nore
1165 3790 1195 3842 et
1208 3785 1342 3858 utilitate,
1357 3785 1509 3860 vestrique
1533 3783 1713 3844 venerabilis
1739 3787 1917 3844 monasterii

193 3872 297 3931 omnia
306 3873 456 3947 explicere
467 3887 615 3943 sermone,
626 3889 682 3932 nec
693 3876 793 3933 futura
803 3879 903 3934 tenare
913 3893 1027 3934 memo·
1076 3875 1144 3947 jura
1166 3879 1195 3932 et
1215 3875 1327 3932 ditione
1353 3874 1511 3948 pertinere,
1525 3879 1555 3932 et
1576 3875 1713 3932 diversos
1736 3890 1828 3947 agros
1854 3891 1917 3933 una

192 3962 256 4020 ria:
271 3962 383 4020 idcirco
407 3963 458 4020 Dei
477 3969 554 4021 nutu
577 3963 818 4037 prudentissimis
847 3965 918 4022 viris
940 3965 1025 4038 inge·
1079 3981 1149 4022 cum
1164 3963 1291 4022 castellis
1300 3969 1329 4020 et
1338 3963 1591 4038 possessionibus,
1605 3967 1634 4021 et
1644 3963 1829 4022 famulorum
1839 3965 1917 4022 muf-

192 4051 278 4108 nium
292 4051 456 4109 litterarum
468 4057 620 4126 repertum
631 4057 686 4125 est,
702 4057 735 4111 ut
748 4053 832 4127 quod
846 4059 945 4112 mente
955 4057 1024 4113 reti-
1078 4053 1214 4122 titudine,
1229 4053 1374 4110 videmini
1387 4052 1514 4124 hebere;
1529 4069 1597 4127 quas
1611 4053 1715 4112 omnia
1727 4053 1785 4111 sub
1798 4059 1858 4112 tuce
1871 4071 1916 4112 re-

192 4154 264 4197 nerc
284 4140 455 4214 nequimus,
480 4140 583 4198 litteris
607 4157 775 4198 exaremus.
795 4145 953 4218 Propterea
967 4161 1024 4217 ego
1077 4143 1217 4200 verentia
1231 4143 1353 4214 ditione,
1378 4147 1549 4216 sanctaque
1573 4147 1632 4199 tuae
1654 4144 1914 4216 congregationis,

193 4231 251 4286 Leo
265 4228 360 4286 abbas
385 4229 480 4287 sancti
499 4230 649 4288 Benedicti
673 4230 873 4301 Sublacensis,
897 4232 1024 4306 qualiter
1078 4247 1346 4306 successorumque
1369 4234 1539 4289 vestrorum
1553 4246 1709 4288 servorum
1723 4232 1856 4307 Domini,
1880 4233 1912 4290 in

193 4317 325 4375 domnus
338 4319 867 4392 papainnostromonestcriocauea
881 4321 1023 4380 orationis
1040 4292 1062 4348 Β
1077 4326 1257 4396 perpetuum
1276 4321 1383 4378 eadem
1404 4320 1471 4378 loca
1492 4320 1675 4378 venerabilia
1697 4325 1726 4379 et
1745 4337 1838 4394 egros
1861 4339 1916 4380 seu

191 4406 331 4478 venisset,
351 4408 580 4466 reclamavimus
594 4425 684 4484 super
696 4409 839 4468 omnibus
863 4411 894 4468 in
918 4428 1023 4484 supra·
1077 4426 1196 4468 massas
1210 4415 1239 4468 et
1253 4409 1469 4484 possessiones,
1480 4409 1702 4470 cumomnibus
1712 4411 1912 4483 originalibus

192 4497 272 4555 dieto
292 4497 421 4556 sublaco
442 4499 575 4568 castello,
589 4503 618 4555 et
631 4499 663 4556 in
678 4500 787 4556 nostris
799 4499 863 4558 aliis
886 4502 1023 4574 partibus
1076 4498 1197 4556 famulis
1211 4499 1324 4556 ibidem
1339 4498 1542 4571 manentibus,
1559 4514 1629 4555 cum
1643 4497 1758 4557 colonis
1786 4503 1816 4556 et
1835 4499 1914 4557 colo·

191 4587 450 4645 commorantibus
457 4587 495 4645 de
507 4587 874 4662 multispersecutionibus
883 4605 935 4646 seu
950 4589 1023 4647 affli-

193 4675 340 4734 ctionibus
352 4692 430 4750 quae
443 4676 474 4733 in
489 4681 591 4733 nostro
601 4672 787 4734 monasterio
802 4677 924 4734 assidue
942 4695 1023 4735 com-

192 4764 358 4823 mittebant.
368 4765 801 4840 Underepentedomnuspapa
808 4767 1022 4840 pietatemotus

192 4865 228 4908 ac
242 4851 497 4912 misericordiade
511 4855 618 4912 eodem
643 4855 807 4912 venerabili
830 4855 906 4924 loco,
932 4861 961 4913 et
983 4855 1021 4914 de

191 4943 1022 5016 cunctanostrafraternacongregationcoondolerecoe-

190 5029 234 5103 pit
242 5028 341 5105 deque
352 5031 441 5087 tantis
450 5032 566 5102 injuriis
574 5049 651 5106 quas
661 5034 743 5108 passi
754 5050 859 5090 sumus
874 5036 1018 5093 adiebue.

190 5118 221 5176 in
235 5120 347 5194 quibus
360 5120 449 5181 bonoe
463 5122 617 5179 memoria
637 5123 767 5181 domnus
781 5123 935 5182 albericus
948 5126 1022 5183 obiit

226 5283 301 5354 (353)
315 5281 401 5348 Quod
414 5281 445 5342 iu
459 5283 517 5340 hoc
533 5282 698 5357 diplomate
723 5283 769 5341 bis
793 5286 917 5359 repetita
939 5286 1019 5344 inve-

189 5348 373 5410 nianturilla
387 5354 488 5424 verba,
513 5357 575 5412 sive
603 5355 722 5412 Graecus
743 5358 791 5424 sit,
815 5373 851 5412 eo
881 5363 925 5413 est
948 5359 1020 5414 rcf-

189 5419 327 5478 rendum.
340 5425 412 5498 quia
426 5431 497 5482 tunc
510 5428 653 5500 temporis
670 5431 877 5483 beneventana
900 5431 1018 5501 provin-

190 5493 236 5550 cia
246 5495 376 5550 assiduis
391 5497 583 5568 premebatur
593 5501 764 5556 Graecorum
783 5498 1015 5568 incursionibus,

189 5579 320 5639 eumque
334 5581 366 5624 sc
379 5583 398 5626 s
412 5567 477 5628 solo
496 5569 668 5642 patriarcba
688 5569 1017 5643 Constantinopolitano

1076 4589 1185 4658 nebus,
1201 4589 1250 4646 vel
1264 4588 1491 4646 universisinibi
1502 4587 1912 4662 pertinentibus,apostolicae

1077 4678 1914 4752 sedisprivilegiispcposcitisconfirmaridetinenda.8ci-

1075 4767 1143 4826 licet
1153 4768 1307 4826 castellum
1318 4769 1349 4824 in
1363 4767 1524 4841 integrum,
1536 4767 1620 4842 quod
1629 4772 1755 4826 vocatur
1767 4768 1913 4840 Sublaco,

1076 4857 1137 4914 sive
1151 4857 1262 4932 quibus
1277 4857 1342 4912 aliis
1361 4857 1516 4914 vocabulis
1531 4861 1735 4932 nuncupatur,
1763 4873 1827 4918 una
1840 4875 1913 4916 cum

1075 4947 1216 5004 omnibus
1228 4945 1712 5022 finibus,terminis‚limitibusque
1725 4948 1801 5022 suis,
1813 4950 1913 5020 terris,

1075 5035 1164 5102 casis,
1178 5035 1282 5104 vineis,
1298 5035 1424 5110 campis,
1439 5035 1544 5112 pratis,
1568 5037 1700 5110 pascuis,
1721 5035 1815 5106 silvis,
1838 5037 1914 5096 seie-

1075 5126 1140 5198 sfis,
1149 5125 1309 5183 arboribus
1314 5125 1480 5204 pomiferis,
1492 5125 1648 5183 fructiferis
1658 5125 1769 5184 diversi
1779 5130 1912 5198 generis,

1075 5287 1266 5344 anathemate
1279 5283 1357 5344 feriri
1371 5301 1459 5360 posse
1469 5287 1628 5360 jactarent,
1644 5289 1673 5344 et
1686 5287 1844 5344 Romanus
1872 5295 1914 5346 ta-

1075 5374 1145 5414 men
1171 5358 1301 5432 pontifex
1325 5359 1371 5430 ob,
1386 5373 1464 5428 eam,
1489 5375 1584 5432 quam
1606 5373 1724 5432 semper
1746 5359 1857 5418 habuit
1882 5363 1912 5417 in

1074 5435 1136 5486 toto
1160 5430 1232 5485 orbe
1255 5429 1431 5500 Christiano,
1457 5441 1611 5486 summam
1636 5435 1818 5504 potestatem
1840 5449 1910 5489 cum

1074 5501 1124 5558 ilia
1137 5501 1308 5557 extensione
1323 5503 1412 5560 edam
1432 5501 1473 5559 ad
1496 5505 1614 5560 Graecos
1630 5515 1686 5560 sua
1710 5503 1909 5562 anathemata

1075 5572 1298 5646 promulgabat.
