4106 6148
134 173 227 248 eu⁸

627 169 833 228 1111111111
854 167 904 226 SS.
923 165 1134 225 meorouro
1153 167 1197 223 ΕΤ
1216 168 1336 226 secus

134 312 148 352 e
168 294 270 370 iscopo
286 294 438 366 successit,
453 298 487 352 ut
500 297 645 352 testantur
658 295 726 352 acte
740 295 914 350 unctorum
927 295 1096 373 martyrum
1109 290 1195 346 indes
1208 296 1237 348 et
1248 291 1382 364 homnis,
1398 307 1468 381 que
1481 293 1585 375 recitat
1597 293 1784 367 ltetaphrast.
1800 308 1841 350 111

158 366 194 423 11.
210 366 290 436 Julii,
306 383 341 424 ex
372 381 412 424 uo
426 366 541 440 lipom.
557 371 584 432 6,
599 370 627 422 et
643 364 745 423 surius
755 368 829 422 tom.
845 365 891 420 Vl.
904 365 994 419 Porro
1005 377 1036 418 111
1049 360 1195 418 honorem
1212 366 1386 420 sanctorum
1400 365 1514 490 agnesri
1533 371 1562 421 et
1574 364 1759 438 Theopompi
1772 364 1840 438 qui·

133 437 201 494 dam
216 440 339 496 cosmas
380 437 535 494 aleriensis
549 440 618 493 aute
632 439 685 493 100
700 450 798 492 arnos
811 434 877 492 haec
896 433 1032 490 carmina
1053 433 1159 489 cecinit
1172 433 1383 506 inscripsitque
1397 449 1415 489 1

1461 435 1636 506 Gregorirm
1661 434 1841 494 nonantula·

134 525 204 566 num
216 509 411 580 monachum,
426 508 528 581 inepta
542 506 665 581 quidem
681 510 710 564 et
722 505 786 563 sine
800 505 873 574 sale,
889 503 942 561 sed
958 503 1125 563 Christiana
1139 504 1315 577 antiquitate
1329 502 1502 572 redolentia,
1522 522 1589 580 qua
1604 521 1642 563 ex
1662 507 1770 566 ecdem
1788 522 1841 564 1ο·

134 579 294 638 iustissimo
308 579 410 638 codice
424 578 635 637 Nonantulane
647 577 862 652 excerpsimus,
877 575 952 634 dum
968 574 1083 633 ibidem
1097 573 1216 632 1δδ1111
1231 591 1355 632 munere
1370 575 1573 647 fungeremur.

165 941 277 998 Cossis
289 939 469 998 hateriensis
484 939 624 1012 Gregorio
639 943 719 999 cho.

133 1030 253 1086 cosmas
264 1029 405 1102 Gregorio
420 1029 571 1087 monacho
586 1029 670 1088 dedit
681 1028 740 1086 1111
755 1026 887 1100 benigno

165 1119 305 1176 Carmine
317 1118 435 1176 levitico
449 1119 502 1194 qui
517 1118 588 1177 eluit
599 1117 708 1176 officio.

132 1208 173 1268 Ob
187 1207 328 1266 metitum
342 1208 446 1280 magni
460 1207 646 1283 Theopompi
657 1205 796 1281 praesulis
811 1204 893 1276 almi,

164 1294 268 1370 Obque
284 1296 400 1370 synesii
414 1313 468 1354 seu
477 1296 595 1354 Theona
609 1294 699 1354 tanei.

132 1383 243 1458 Saepius
256 1384 282 1442 is
292 1385 405 1444 celsam
419 1385 559 1457 rogitavit
572 1400 705 1459 nemque
720 1388 873 1443 catervam

163 1473 316 1532 Scribendi
326 1490 452 1533 causam
466 1490 523 1532 nos
537 1473 687 1532 celebrare
698 1473 792 1548 piam.

131 1565 192 1620 ltox
207 1577 332 1636 operam
344 1562 494 1620 dedimus.
508 1565 610 1620 Graec
628 1561 666 1619 de
679 1561 759 1619 tonte
774 1559 895 1618 Latinus

164 1653 323 1710 llurmuret
337 1655 370 1710 ut
383 1651 470 1710 citius
484 1655 568 1723 gesta
582 1655 702 1708 sacrata
715 1651 796 1725 pius.

132 1745 249 1798 Annuat
258 1744 291 1798 ut
307 1740 451 1798 Dominus
465 1740 554 1798 nohis
568 1756 623 1797 1111
639 1755 767 1798 munera
782 1737 915 1796 Ghristus
931 1756 939 1807 ;

164 1828 263 1886 addet
276 1844 366 1903 opem
378 1828 529 1902 precihus,
542 1833 637 1886 coetus
652 1844 747 1886 ovans
758 1830 886 1901 Lygeus.

134 1915 230 1973 Salvet
243 1932 330 1974 amor
341 1915 490 1974 famulum
500 1916 606 1974 Christi
615 1916 746 1990 fideique
757 1914 958 1990 peramplum.

167 2003 300 2062 Sufficiat
313 2005 470 2079 proprium
481 2007 603 2079 tempus
617 2005 648 2062 in
660 2003 733 2064 orbe
745 2004 887 2078 probum,

274 2097 379 2152 Amen.

167 2184 291 2240 cosmas
303 2182 486 2256 martyribus
501 2182 594 2240 sacris
608 2197 731 2242 carmen
744 2181 827 2241 dedit
840 2185 924 2240 ectus

165 2271 296 2341 Gregorii
309 2270 450 2345 precibus
463 2275 563 2328 mente
576 2271 628 2346 pia
640 2273 785 2346 Japygus.

476 2358 616 2418 Feliciter.

131 2447 257 2506 Contulit
277 2446 449 2520 agminibus
462 2448 589 2508 fratrum
603 2449 654 2524 pia
668 2465 796 2508 munere
816 2450 958 2510 Christus.

164 2537 254 2608 Orgia
266 2536 342 2594 ierre
356 2539 434 2594 Deus
446 2537 571 2596 contulit
582 2538 765 2610 agminibus.

131 2627 252 2682 Sumere
267 2625 357 2700 plena
371 2624 458 2697 rosis,
474 2625 633 2700 atlipsana
647 2641 733 2684 sacra
747 2626 833 2686 violis

165 2713 327 2788 ldartyricis
338 2713 435 2784 sertis,
449 2729 568 2772 sumere
579 2714 670 2788 plena
683 2715 770 2774 rosis.

129 2802 258 2874 Agmina
272 2805 342 2859 sunt
355 2801 482 2871 Domini,
496 2817 569 2860 nam
583 2802 676 2860 rubra
690 2819 795 2862 cruore
808 2804 903 2862 suari.

165 2893 256 2949 Sacra
269 2890 375 2948 nidore
386 2890 459 2965 poli,
475 2891 598 2963 agmina
612 2896 682 2950 sunt
695 2892 824 2950 Domini.

128 2979 408 3054 llnrtyrialedecus,
421 2979 633 3054 Theopompus
654 2979 792 3055 splendet
813 2985 843 3039 et
863 2985 956 3039 artus.

163 3069 272 3126 Anhtla
287 3073 384 3140 gestat
397 3083 486 3143 opus,
499 3067 673 3143 martyriale
685 3069 787 3127 decus.

128 3157 237 3214 Reddit
247 3173 321 3232 opes
336 3157 474 3229 magicis,
487 3157 614 3216 liberato
628 3157 758 3215 restibus
775 3157 855 3216 11111.

162 3245 363 3320 TersaSynesi
376 3245 430 3314 vis,
446 3245 545 3304 reddit
558 3261 632 3320 opes
647 3245 783 3319 magicis.

127 3333 300 3392 Tmnidicos
315 3333 466 3404 modulos,
485 3334 607 3392 reboate
618 3333 704 3408 lyges
717 3333 881 3410 lapidosos.

162 3421 285 3480 Reddite
299 3437 353 3496 per
365 3437 500 3498 campos,
514 3421 705 3497 hymnidicos
715 3423 869 3482 modulos.

126 3511 227 3570 intulit
241 3527 279 3568 en
293 3511 387 3570 nitida
401 3511 487 3568 vobis
499 3511 672 3570 Nicomedia
690 3511 796 3571 fulcra.

163 3599 279 3658 Behrua
293 3599 375 3658 dena
387 3614 443 3656 sua
455 3599 553 3658 intulit
563 3615 602 3658 en
613 3599 727 3660 nitidia.

126 3689 263 3746 Vestibus
278 3688 433 3759 athleticis,
448 3688 604 3748 redimitos
616 3693 738 3764 pangite
750 3691 840 3750 notis.

165 3778 206 3834 Sit
217 3776 299 3833 salus
313 3781 346 3833 ut
360 3777 453 3846 tectis,
469 3777 603 3834 vestibus
615 3777 769 3835 athleticis.

126 3867 251 3940 Semper
265 3879 359 3936 agens
373 3865 455 3935 ltala,
465 3866 656 3924 stomachum
666 3871 818 3940 pagatque
828 3871 956 3926 caterva.

162 3959 271 4012 Annua
285 3953 335 4011 det
346 3953 452 4026 iubila,
467 3969 586 4028 semper
600 3968 694 4024 agens
708 3953 790 4012 itala.

126 4041 320 4114 Canticajam
336 4041 418 4106 socii,
435 4041 596 4098 reboemus
606 4041 676 4098 hinc
689 4041 886 4117 Theopompi.

162 4135 237 4190 11111
251 4136 358 4189 sonent
371 4129 498 4205 graphii,
514 4129 631 4188 cantica
643 4129 708 4203 jam
722 4131 805 4190 socii.

125 4219 207 4279 Ordo
219 4220 291 4278 boet
304 4219 428 4292 cumuli,
443 4225 470 4277 et
482 4235 563 4277 nunc
575 4219 660 4294 praeit
674 4235 785 4291 magne
805 4221 920 4294 synesi.

162 4308 277 4383 inclyta
290 4311 393 4366 sancte
407 4308 460 4381 tui,
471 4307 546 4365 ordo
560 4308 631 4365 boet
643 4307 765 4366 cumuli.

124 4397 255 4456 Suscitat
267 4397 408 4471 impietas
423 4396 573 4454 decimam
586 4401 702 4472 pestem
716 4413 770 4472 per
784 4413 867 4470 eoas,

163 4485 342 4544 Christicolis
356 4484 524 4558 machinas,
545 4484 669 4543 suscitat
682 4485 831 4558 impietus.

124 4575 215 4646 Angit
229 4591 323 4650 opum
337 4575 475 4649 cupidus,
494 4575 619 4632 tinctum
634 4573 835 4632 Dioclitianus.

162 4667 223 4721 Rex
234 4664 344 4722 1111111
360 4679 467 4735 genus,
481 4663 565 4738 angit
578 4679 672 4737 opum
692 4663 830 4737 cupidus.

123 4753 285 4810 111111111δί
300 4753 425 4810 stolidus
439 4769 512 4810 nam
523 4752 634 4810 lecerat
647 4750 728 4810 idola
743 4769 865 4827 pravus,

164 4843 286 4900 Ethnice
298 4843 376 4900 dans
390 4841 489 4913 latius,
502 4841 598 4899 multa
613 4841 669 4899 sibi
684 4841 820 4898 stolidus.

123 4931 172 4989 Nil
186 4932 277 4988 1111111
291 4947 388 4988 nocuo
403 4931 484 4988 cultu
499 4936 658 4988 veneratus
673 4931 789 5004 Apollo.

164 5021 231 5078 Dira
246 5022 339 5078 Diana
354 5036 449 5092 sacro,
462 5019 504 5076 nil
518 5019 611 5076 valuit
630 5035 740 5076 nocuo.

123 5109 260 5167 Eximius
275 5109 409 5179 rutilans,
426 5107 489 5166 adit
501 5113 531 5164 at
541 5108 754 5181 Theopompus
768 5113 798 5165 et
811 5109 936 5182 11111111,

163 5199 291 5256 Destruit
304 5203 369 5256 atra
384 5198 496 5269 solans,
509 5195 637 5254 eximius
649 5195 785 5254 rutilans.

123 5289 187 5346 ista
198 5289 290 5346 miser
304 5287 434 5356 mucida,
450 5287 530 5344 stant
538 5283 621 5342 idola
635 5299 716 5341 11111
729 5300 786 5342 nec
798 5285 889 5346 alma.

162 5380 235 5436 Tota
248 5376 345 5448 magis
357 5391 466 5444 nocua,
481 5375 539 5433 ista
552 5373 642 5431 miser
657 5372 787 5432 macida.

121 5471 238 5526 Auctor
246 5471 275 5524 et
289 5466 480 5540 omnipotens
496 5467 574 5522 lteus
587 5467 641 5534 est,
657 5462 739 5521 orbis
757 5463 822 5523 sole
840 5465 958 5540 tingens

164 5560 277 5616 cuncta
291 5571 385 5614 mauu
398 5555 542 5627 retinens,
553 5558 657 5612 auctor
670 5557 700 5612 et
713 5553 904 5629 omnipotens

122 5647 234 5707 Trinus
246 5645 361 5706 honore
370 5643 449 5721 iugi,
463 5643 577 5704 sobolis
592 5658 646 5702 seu
658 5641 790 5702 flaminis
802 5641 885 5717 almi,

971 943 995 997 A
1049 938 1124 998 Vivit
1134 938 1166 998 in
1176 955 1244 998 arce
1256 939 1327 1016 poli,
1341 941 1437 998 trinus
1448 941 1562 999 honore
1574 940 1650 1014 iugi.

1014 1026 1111 1100 Spirat
1125 1031 1155 1084 et
1167 1027 1291 1086 irradiat
1305 1029 1453 1104 proprios,
1468 1031 1553 1087 terris
1567 1043 1689 1102 quoque
1698 1026 1838 1098 mandst;

1048 1115 1188 1173 Germina
1202 1123 1310 1174 cuncta
1329 1121 1430 1188 novat,
1447 1118 1540 1193 spirat
1552 1123 1580 1176 et
1593 1117 1726 1175 irradiat.

1013 1204 1109 1278 Rejice
1123 1221 1202 1263 11111
1215 1206 1330 1280 minax,
1347 1207 1411 1265 cole
1423 1208 1488 1280 jam
1502 1207 1553 1282 pia
1566 1211 1654 1264 votus
1667 1209 1696 1264 et
1709 1205 1821 1276 audax,

1048 1293 1236 1368 Effectusque
1249 1295 1339 1366 ferax,
1354 1297 1443 1366 reiice
1452 1313 1532 1354 11111
1546 1297 1660 1354 minax.

1012 1382 1147 1442 Gaudeat
1157 1390 1190 1442 ut
1202 1385 1346 1442 Dominus
1359 1385 1397 1443 de
1410 1389 1438 1443 te
1452 1388 1530 1444 Deus
1538 1385 1649 1460 inclyte
1661 1383 1803 1458 Christus,

1047 1473 1070 1529 0
1085 1472 1205 1530 Dioclite
1219 1489 1305 1530 meus
1320 1474 1450 1544 gaudeat
1463 1477 1497 1532 ut
1508 1474 1664 1532 Dominus.

1011 1563 1073 1620 Rex
1083 1561 1164 1619 ierus
1176 1563 1341 1638 obstupuit,
1357 1563 1498 1638 quisnam
1515 1563 1689 1638 teretisque
1706 1562 1838 1637 requirit.

1049 1653 1107 1710 Ista
1118 1651 1246 1726 loquens
1258 1653 1365 1724 timuit,
1376 1669 1428 1711 rex
1442 1653 1522 1711 ierus
1532 1653 1696 1728 obstupuit.

1013 1738 1186 1814 inditopcm
1194 1741 1564 1814 gregibus,Theopompus
1578 1756 1666 1798 senes
1679 1739 1839 1812 amandus,

1048 1827 1220 1885 Pontificem
1236 1829 1389 1902 Bithynus,
1399 1829 1474 1886 indit
1484 1845 1574 1904 opem
1589 1828 1741 1901 gregibus.

1013 1919 1074 1974 ilex
1081 1915 1244 1974 furibunda
1251 1917 1324 1986 vice,
1332 1917 1485 1989 magicum
1493 1917 1654 1975 boethunc
1660 1915 1758 1988 magis
1765 1930 1841 1985 esse,

1050 2007 1084 2062 Et
1093 2004 1205 2063 lacerat
1218 2021 1325 2076 nocue,
1339 2021 1391 2064 rex
1405 2005 1569 2064 iurihunda
1583 2005 1656 2063 vice.

1014 2097 1127 2154 Cuncta
1136 2094 1255 2166 flagella
1270 2094 1328 2168 piis
1347 2094 1469 2169 spondit
1487 2093 1729 2169 moribundaque
1744 2108 1841 2150 mem·

1049 2181 1153 2240 indere
1166 2182 1244 2239 dans
1258 2181 1401 2256 scapulis,
1409 2185 1517 2240 cuncta
1529 2181 1649 2253 flagella
1659 2181 1725 2256 piis.
1756 2179 1840 2254 [bria

976 2269 1093 2350 BBelta
1115 2285 1223 2343 magus
1245 2271 1348 2342 agitat,
1373 2271 1448 2328 dum
1462 2269 1592 2328 menfica
1605 2269 1841 2344 durequemon·

1049 2359 1147 2417 Victus
1157 2359 1198 2417 ad
1208 2363 1289 2418 astra
1299 2359 1389 2430 volat,
1398 2359 1478 2418 bella
1487 2373 1596 2430 magus
1604 2358 1707 2431 agitat.
1745 2358 1840 2432 [strat.

1014 2449 1149 2522 Sumpsit
1162 2449 1242 2506 enim
1254 2449 1401 2518 Theonas,
1415 2447 1586 2506 rudimenta
1595 2463 1650 2522 per
1663 2445 1773 2506 undas.

1048 2537 1178 2611 ltartyrii
1191 2542 1288 2594 metas
1299 2537 1428 2610 sumpsit
1441 2537 1522 2594 enim
1535 2537 1681 2595 Theonas·

1013 2629 1086 2684 Ecce
1097 2626 1185 2684 beate
1197 2627 1260 2696 tihi,
1275 2625 1386 2702 presul
1399 2625 1482 2684 dedit
1495 2627 1580 2684 alma
1593 2624 1708 2699 synesi.

1048 2715 1173 2774 Nomine
1187 2715 1252 2788 lege
1266 2715 1341 2790 poli,
1352 2731 1421 2774 ecce
1435 2715 1522 2773 beate
1537 2714 1600 2774 tihi.

1012 2803 1145 2863 Trutinat
1156 2804 1293 2876 excidua,
1308 2805 1428 2878 spheera
1441 2804 1520 2862 tauri
1533 2803 1672 2861 membra
1685 2805 1843 2876 perempta

1048 2896 1083 2952 Et
1096 2897 1147 2950 tua
1161 2909 1285 2968 prorsus
1300 2909 1392 2967 aqua,
1407 2894 1531 2951 1111111111
1544 2891 1681 2950 excidua.

1012 2983 1094 3040 Parit
1106 2997 1211 3040 amara
1226 2982 1321 3056 pium,
1336 2982 1456 3040 dulcem
1468 2981 1551 3039 dedit
1560 2979 1651 3039 affola
1665 2982 1798 3051 gustum.

1049 3072 1144 3146 impia
1157 3069 1255 3144 plasta
1266 3071 1376 3142 virum,
1390 3070 1474 3146 pavit
1487 3085 1592 3128 amara
1601 3067 1697 3142 pium.

1011 3162 1101 3232 Angit
1109 3176 1214 3219 11111111
1227 3159 1360 3229 oculum,
1377 3163 1477 3218 cesar
1488 3157 1565 3218 sacri
1580 3161 1764 3233 reparatum.

1050 3250 1211 3324 inspiciens
1223 3249 1352 3322 origum,
1369 3250 1453 3321 augit
1467 3263 1572 3308 amens
1586 3246 1709 3306 oculum
1724 3262 1732 3304 1

1011 3341 1124 3412 Aspera
1136 3337 1293 3412 supplicia,
1306 3337 1421 3396 stabilis
1433 3339 1647 3412 Theopompus
1661 3333 1702 3393 ad
1715 3337 1792 3392 1111.

1047 3425 1154 3483 Pandit
1167 3441 1262 3484 ovans
1276 3429 1378 3499 1111111,
1393 3441 1501 3500 aspere
1516 3423 1673 3500 supplicia

1012 3514 1084 3572 inde
1098 3513 1166 3590 pius
1180 3514 1280 3587 gladio
1288 3515 1446 3589 iugulatus
1460 3515 1491 3573 in
1510 3513 1621 3572 ethera
1634 3516 1698 3572 tuto

1048 3605 1147 3663 Gestat
1160 3621 1282 3664 amoena
1293 3605 1370 3675 loco,
1387 3605 1537 3679 indeptus
1551 3603 1662 3676 gladio.

1013 3694 1088 3751 Vivit
1100 3695 1132 3752 in
1144 3710 1212 3752 arce
1226 3695 1327 3762 nimis,
1341 3696 1538 3768 Theonasque
1552 3692 1695 3767 synesius
1705 3691 1794 3749 srvis.

1049 3783 1100 3840 Sat
1113 3783 1316 3856 catapalastus
1333 3783 1429 3857 equis,
1443 3783 1559 3840 11111111
1575 3797 1643 3839 arce
1652 3780 1754 3837 nimis.

1012 3875 1128 3930 Funera
1141 3872 1215 3928 dum
1229 3871 1340 3930 1111111
1354 3871 1525 3930 Nicomedia
1539 3870 1625 3945 plebs
1640 3874 1669 3928 et
1682 3868 1821 3940 adornat,

1047 3961 1121 4018 Ecce
1136 3963 1273 4018 Nonanta
1283 3961 1384 4028 micet,
1399 3959 1506 4018 lunera
1521 3960 1596 4018 dum
1609 3957 1731 4016 relevat.

1012 4049 1149 4122 Lygurici
1163 4048 1279 4122 popuii,
1291 4049 1378 4106 vobis
1393 4053 1463 4107 sunt
1475 4065 1543 4106 ecce
1558 4047 1686 4123 patroni.

1045 4139 1115 4196 11111
1128 4141 1265 4197 venerate
1275 4137 1347 4208 dati,
1361 4137 1498 4212 lygurici
1511 4136 1625 4211 populi.

1010 4227 1131 4285 cantica
1144 4240 1230 4286 sacra
1245 4229 1305 4284 Deo
1319 4232 1438 4285 resonet
1449 4226 1538 4302 polus
1552 4227 1656 4285 ordine
1670 4225 1758 4284 trino.

1046 4315 1165 4372 intonet
1173 4315 1275 4372 omnis
1288 4315 1381 4374 homo
1400 4315 1517 4373 centies
1531 4330 1617 4372 sacra
1631 4317 1701 4372 lieo.

1009 4403 1098 4463 Trina
1111 4419 1238 4462 manens
1253 4404 1388 4463 maculas
1410 4409 1528 4462 11111111
1550 4403 1629 4462 11111
1650 4403 1731 4462 alma
1752 4406 1837 4478 pote·

1046 4494 1221 4568 Expietipsa
1232 4495 1310 4552 teras
1321 4495 1400 4552 trina
1414 4510 1542 4553 manens
1556 4493 1701 4553 maculas.
1751 4493 1835 4566 [stas.

1010 4586 1112 4656 Regna
1126 4584 1184 4642 tuis
1197 4583 1318 4642 famulis
1331 4583 1475 4656 tribuens,
1491 4586 1578 4653 01111,
1598 4583 1798 4641 annueretis.

1044 4671 1145 4730 Redde
1159 4673 1316 4747 vicemque
1330 4672 1429 4742 bonis,
1444 4687 1539 4743 regna
1549 4673 1608 4730 tuis
1622 4669 1753 4729 tumulis.

1151 4767 1256 4820 Amen.

1348 4853 1509 4924 Hymnum.

1152 4939 1269 4996 Gelsum
1284 4939 1470 5013 triumphum
1485 4941 1654 5014 martyrum

1152 5027 1325 5098 Pergamus
1340 5043 1445 5084 omncs
1459 5043 1607 5101 annuum,

1152 5117 1263 5172 Devota
1275 5119 1374 5173 mente
1390 5116 1557 5174 maximum

1152 5203 1266 5264 Christo
1280 5205 1407 5262 terentes
1421 5206 1581 5262 canticum.

1151 5293 1319 5352 Psallamus
1334 5297 1366 5352 at
1380 5292 1570 5367 Theopompi

1151 5385 1216 5440 ilex
1230 5382 1320 5452 bella,
1336 5398 1389 5440 seu
1403 5379 1518 5453 synesii

1152 5472 1273 5530 Virtutis
1287 5476 1355 5530 1111
1369 5469 1471 5538 lucidi,

1154 5563 1209 5618 Pro
1223 5559 1300 5632 regis
1314 5557 1366 5616 alti
1380 5556 1500 5614 muniis.

1154 5647 1190 5706 iii
1203 5661 1336 5722 namque
1350 5643 1417 5704 vite
1432 5643 1553 5718 gaudia,
