4160 6162
218 140 270 198 283
749 125 778 182 S.
795 119 925 180 000le
940 111 1085 172 neentis
1105 109 1354 166 emerecensis
1367 110 1400 164 ll.
1875 100 1928 156 m

215 261 351 339 pereutit,
365 256 472 314 luroris
485 254 531 309 sul
544 267 635 326 super
649 250 777 324 impium
792 247 911 304 dolores
927 239 1041 297 dividit.
1060 236 1184 292 astrum
1200 240 1227 332 et
1240 234 1277 290 de
1289 235 1396 331 terrore
1411 227 1626 298 omipotentis
1639 223 1725 322 bibet.
1741 253 1775 262 -
1791 222 1884 320 Ouisi
1898 221 1928 278 in

216 358 316 424 Neque
327 349 406 404 enim
420 360 511 419 poena
526 357 669 418 praesens,
684 356 751 412 quse
764 336 865 408 injusti
879 333 1043 390 animurna
1098 323 1155 378 hae
1179 327 1238 378 vita
1253 325 1378 395 positus,
1397 319 1518 390 culpam
1542 329 1630 370 suam
1651 312 1751 368 videre
1774 310 1928 410 voluisset,

215 438 316 513 pravis
331 432 486 490 desideriis
500 445 561 486 non
582 430 732 496 immutet,
749 426 789 481 ab
803 421 917 480 eternis
934 415 1045 490 suppli·
1098 411 1136 466 de
1151 409 1370 481 omnipotentis
1387 408 1486 462 lurore
1504 401 1700 476 postmodum
1724 413 1786 456 non
1803 397 1929 468 biberet,

215 525 391 584 ciisliberat.
404 521 488 576 Unde
499 523 528 576 et
542 535 595 592 per
608 516 800 572 Psalmislam
815 511 923 568 dicitur
936 525 941 561 :
952 505 1046 560 «Pluit
1099 501 1162 570 sed,
1178 501 1231 573 qui
1249 499 1297 555 bic
1325 497 1430 555 avertit
1448 494 1553 552 oculos
1579 509 1597 550 a
1619 493 1759 562 respectu
1785 488 1929 556 criminis,

216 629 308 688 super
334 615 507 686 peccatores
534 608 670 680 laqueos,
700 603 777 672 ignis
804 605 833 656 et
860 598 995 670 sulphur,
1019 599 1044 648 cl
1098 589 1156 645 illic
1172 588 1321 644 declinare
1342 602 1403 642 non
1423 583 1501 640 valet
1522 580 1701 638 sententiam
1714 577 1929 682 damnationis.

217 703 338 778 spiritus
351 698 561 774 procellarum,
577 713 649 770 pars
673 693 773 750 calicis
789 706 893 748 eorum
909 687 1002 755 (Psnl.
1014 699 1044 753 x,
1101 680 1259 751 Sequitur:
1671 759 1675 769 Ι

216 797 254 866 6).
276 813 291 843 a
313 789 446 847 Dicendo
469 788 579 843 etenim
600 786 737 857 laqueos,
755 781 844 851 ignis,
868 777 1003 849 sulphur,
1020 777 1048 830 et
1136 770 1220 822 Vens.
1234 770 1280 822 2l.
1294 765 1456 832 Ouidenim
1468 763 1583 818 adeum
1595 763 1724 829 perimet
1737 756 1866 813 1111111111
1877 770 1930 810 suc

217 881 339 954 spiritus
354 877 564 950 procellarum,
584 873 693 930 multos
709 871 852 926 nimirum
876 867 993 922 dolores
1006 863 1047 918 in·
1098 859 1229 927 periret
1243 857 1322 912 Etsi
1336 869 1477 910 numerus
1491 851 1636 908 creceium
1652 850 1715 918 ejrrs
1730 845 1931 902 dimidietur?

218 969 292 1027 tulit,
306 967 364 1022 sed
377 965 450 1038 quia
462 965 501 1021 ab
515 964 561 1019 his
580 961 733 1020 doloribus
748 963 897 1032 peccator,
912 954 965 1028 qui
986 968 1045 1008 non
1101 948 1246 1017 —Neque
1274 945 1352 1000 enirn
1367 945 1408 998 sie
1430 942 1578 998 debemus
1598 937 1744 1010 accipere,
1761 939 1793 990 ut
1810 933 1932 1005 iniquus

219 1055 383 1127 oon-igitur,
410 1055 573 1110 adaeterna
596 1050 743 1124 supplicia
769 1050 903 1113 vocetur,
924 1043 1047 1100 eosdem
1102 1034 1155 1090 isle
1185 1037 1290 1106 postea
1322 1048 1416 1104 quam
1446 1030 1609 1085 damnatus
1628 1024 1746 1081 aeternis
1779 1020 1933 1094 suppliciis

219 1147 339 1204 dolores
353 1157 415 1200 uon
424 1144 488 1215 jam
502 1146 598 1198 totum
612 1139 745 1209 calicem,
758 1138 809 1192 sed
820 1139 937 1209 partem
949 1131 1049 1188 calicis
1103 1123 1198 1193 luerit,
1214 1123 1252 1178 de
1264 1121 1357 1176 demo
1369 1136 1436 1188 sua,
1447 1118 1477 1174 id
1492 1124 1536 1173 est
1552 1114 1701 1185 cognatis,
1711 1127 1790 1186 quos
1805 1110 1933 1208 relique-

220 1235 303 1304 dfflt,
318 1233 391 1306 quia
405 1231 541 1287 videlicet
556 1245 661 1285 eorum
676 1227 779 1300 passio
795 1225 843 1281 hic
858 1221 980 1295 quidem
996 1233 1050 1292 per
1102 1213 1149 1282 rit,
1165 1213 1287 1268 minime
1303 1210 1454 1281 cogitabit,
1467 1223 1537 1264 cnm
1554 1222 1605 1277 ,11
1613 1205 1807 1277 semetipsam
1822 1204 1934 1256 Veritas

220 1322 338 1378 dolores
349 1320 499 1393 incipitur,
513 1318 567 1374 sed
582 1318 611 1374 in
623 1317 734 1372 ultione
751 1317 894 1386 perpetua
907 1324 1047 1366 consum·
1103 1302 1191 1358 dicit:
1209 1323 1223 1358 1
1241 1301 1317 1368 Quia
1330 1300 1425 1366 dives,
1438 1298 1489 1370 qni
1505 1297 1536 1352 iu
1549 1296 1667 1352 inferno
1683 1292 1815 1366 sepultus
1826 1291 1932 1356 iuerat,

220 1414 329 1466 matur.
345 1412 384 1464 lle
399 1423 529 1480 quorum
544 1405 603 1461 fine
617 1405 716 1459 adhuc
728 1400 937 1472 subjuncitur:
1103 1391 1140 1446 de
1160 1390 1294 1462 quinque
1321 1387 1473 1452 iratribus,
1490 1401 1568 1457 quos
1588 1383 1760 1454 reliquerat,
1788 1379 1879 1436 ctiam
1903 1377 1934 1434 in

257 1501 347 1554 Vens.
366 1503 408 1553 ltl.
425 1498 526 1552 111111
541 1497 619 1551 sieut
638 1495 737 1563 pcteoe
749 1497 820 1548 unte
833 1491 941 1559 faeiem
958 1487 1047 1546 venti,
1104 1479 1284 1552 supplicium
1298 1478 1413 1552 positus
1429 1491 1533 1532 curam
1547 1473 1670 1544 gerebat
1682 1473 1765 1542 (Luc.
1784 1471 1935 1562 1111811

220 1595 246 1644 et
262 1593 339 1644 stent
352 1587 464 1656 (nuilla
489 1599 577 1656 quem
598 1583 684 1638 turbu
705 1581 859 1650 disperpit.
879 1609 912 1618 —-
929 1577 1050 1648 iniquus
1069 1591 1089 1646 g
1105 1567 1207 1622 Omnis
1221 1567 1502 1638 namquepeccator
1517 1557 1755 1634 prudenseritin
1770 1570 1935 1628 prena,qu1

221 1692 291 1732 eum
304 1677 334 1730 in
346 1677 491 1746 potestate
505 1671 696 1743 conspicitur,
705 1685 775 1724 cum
786 1667 874 1724 valde
888 1667 919 1722 in
929 1680 1050 1737 oppres
1105 1655 1213 1711 stultus
1223 1655 1277 1710 luit
1290 1654 1321 1710 in
1336 1653 1435 1725 culpa.
1452 1655 1506 1708 Pro
1518 1664 1639 1706 summo
1650 1648 1698 1704 hic
1708 1661 1841 1718 namque
1853 1644 1934 1700 bono

223 1763 359 1819 sionibus
383 1777 419 1818 ac
437 1761 584 1816 violentiis
604 1759 784 1826 effraenatur,
802 1757 841 1811 ab
862 1754 1050 1811 infirmorum
1104 1742 1288 1815 concupiscit
1311 1756 1434 1812 ssccmcn
1463 1737 1579 1808 1161111111
1603 1736 1713 1793 1111111111
1743 1734 1870 1793 domum
1889 1731 1935 1788 111

222 1851 452 1922 cogitationibus
476 1850 576 1919 gravis
600 1847 738 1914 nimium,
761 1851 789 1901 et
803 1845 891 1918 quasi
914 1844 944 1899 in
970 1843 1050 1898 hunc
1105 1831 1261 1897 1111111ῑί11111,
1277 1830 1386 1903 Opibus
1400 1827 1518 1900 18111911,
1534 1825 1627 1882 11111111
1641 1825 1671 1882 111
1687 1821 1937 1882 1111111113001·

223 1940 363 1996 mundun
377 1938 528 1994 radicatus
553 1937 726 1992 estimetur.
742 1937 815 1990 Cum
834 1932 914 1988 enim
929 1929 1051 1987 districti
1105 1919 1243 1991 ruptione
1256 1919 1363 1974 vivere.
1382 1916 1438 1973 Sed
1455 1915 1479 1972 si
1494 1915 1618 1972 tortasse
1635 1911 1749 1986 aliquid
1761 1911 1801 1966 ed
1811 1911 1876 1980 ejus
1886 1909 1937 1964 de·

219 2025 331 2098 judicis
345 2024 490 2081 seumntia
500 2022 621 2090 venerit,
634 2037 739 2077 omnes
751 2019 845 2092 iniqui
856 2018 944 2091 quasi
957 2017 1050 2090 paleae
1107 2009 1249 2065 siderium
1265 2008 1373 2074 veniat,
1389 2005 1472 2078 quod
1486 2010 1587 2062 tamen
1612 2003 1745 2060 obtinere
1766 2015 1828 2056 uon
1843 1998 1934 2071 possit

223 2117 430 2170 anteventum
445 2116 532 2168 erunt
544 2128 551 2176 1
564 2111 617 2184 qul
633 2114 665 2166 ut
677 2110 717 2166 ita
732 2109 842 2176 dicam,
855 2108 905 2164 ire
917 2107 991 2162 ilatn
1004 2123 1051 2160 su·
1105 2099 1163 2154 nisi
1188 2113 1258 2152 cnm
1282 2095 1448 2152 offensione
1468 2091 1646 2163 conditoris,
1662 2091 1728 2162 ejus
1753 2088 1873 2145 11111111
1897 2086 1937 2142 ed

222 2202 285 2258 bito
299 2201 448 2268 levantur,
465 2205 555 2272 etque
570 2201 762 2271 asportantur
782 2197 821 2253 ad
845 2197 957 2266 iguem,
975 2209 1052 2267 quos
1106 2185 1263 2259 paululum
1278 2183 1486 2256 perturbatum
1501 2181 1611 2250 cogitat
1626 2182 1699 2251 quia
1714 2178 1739 2234 si
1759 2177 1817 2234 lroc
1845 2175 1937 2246 egerit

222 2291 271 2348 hie
284 2290 441 2364 quondam
455 2289 487 2346 in
502 2287 564 2344 suis
584 2287 777 2361 prejudiciis,
792 2286 879 2357 quasi
894 2285 961 2340 duri
976 2299 1051 2356 pon·
1107 2273 1187 2330 unde
1201 2271 1349 2328 offensam
1366 2271 1412 2326 sui
1426 2269 1592 2326 Conditoris
1602 2267 1734 2334 incurrit,
1744 2265 1775 2322 in
1787 2265 1891 2330 domo,
1907 2263 1937 2318 in

222 2379 301 2435 deris
314 2388 403 2452 super
415 2380 565 2449 jacentem
578 2375 690 2430 molem
701 2373 899 2444 indigentium
911 2372 1052 2442 lacrymer
1106 2363 1186 2432 111111,
1201 2363 1233 2418 11
1246 2362 1306 2418 vita
1317 2360 1489 2434 percutitur.
1506 2359 1563 2417 Sed
1576 2357 1719 2431 snperbia
1730 2355 1868 2430 protinus
1879 2354 1938 2408 ins-

223 2482 345 2522 movere
358 2481 420 2521 non
434 2467 589 2536 poterant;
606 2469 635 2518 et
654 2462 693 2517 ad
708 2461 851 2532 rapientis
871 2458 975 2530 judicii
990 2471 1053 2512 ma·
1109 2453 1215 2522 tigatus
1230 2449 1413 2512 obdurescit,
1427 2454 1455 2505 et
1465 2447 1633 2521 quemlibet
1646 2447 1678 2504 in
1697 2446 1757 2506 vita
1770 2443 1938 2518 percussio

224 2570 297 2611 num
324 2554 406 2609 leves
437 2557 515 2617 sunt,
544 2553 594 2624 qui
626 2567 679 2623 per
710 2548 886 2619 injustitiam
909 2545 1053 2619 proximis
1107 2556 1177 2596 nem
1202 2539 1317 2605 sentiat,
1334 2551 1528 2610 nequaquam
1558 2539 1652 2604 curat,
1674 2531 1843 2590 dummodo
1868 2547 1936 2604 quse

225 2655 332 2711 graves
359 2639 487 2695 luerunt.
501 2638 655 2710 Sequitur:
670 2639 708 2694 Et
725 2639 801 2693 rieul
823 2638 1053 2707 sandidedum
1108 2628 1280 2700 cogitaverit
1291 2626 1419 2700 expleat,
1436 2633 1473 2693 et,
1489 2641 1648 2699 quousque
1672 2623 1753 2694 11111,
1768 2621 1937 2694 voluptates

225 2728 312 2784 turdo
332 2729 537 2798 1111111111-
559 2731 633 2784 Ante
652 2725 865 2799 omnipotentis
881 2725 930 2782 llei
950 2722 1054 2780 oculos
1109 2733 1177 2774 suas
1194 2717 1334 2790 perficere
1350 2732 1412 2771 nou
1426 2715 1558 2771 desistat.
1574 2717 1608 2770 Et
1620 2714 1651 2770 11
1663 2713 1721 2770 hoc
1734 2727 1805 2782 ergo
1820 2726 1853 2766 se
1867 2725 1937 2782 pec·

226 2817 321 2890 iniqui
336 2817 395 2874 vita
409 2816 508 2874 laville
521 2821 574 2884 est,
590 2816 662 2890 quia
672 2821 700 2872 et
715 2816 741 2872 si
751 2815 791 2872 ad
802 2819 988 2872 momentum
999 2829 1053 2885 ap·
1108 2811 1190 2864 calor
1215 2811 1319 2864 111111
1344 2807 1437 2862 Deum
1467 2804 1561 2874 erigit,
1576 2803 1630 2862 ubi
1648 2805 1725 2860 Deus
1745 2800 1937 2873 omnipotens

226 2911 312 2980 paret
324 2905 437 2976 viridis,
453 2905 492 2962 ab
506 2906 572 2976 ejus
586 2904 808 2976 tamenjudicic
818 2904 882 2974 jam
893 2917 1054 2973 111111111-
1108 2897 1173 2968 eius
1199 2895 1379 2952 erectionem
1401 2894 1521 2964 trangit,
1537 2897 1565 2950 et
1586 2907 1641 2950 nee
1669 2891 1751 2948 illata
1783 2888 1937 2962 percussio

227 2999 257 3051 ta
269 2993 469 3066 cernitur,qui
482 2992 709 3066 consumptioni
721 2990 1052 3063 aeteruaeestdeputata.
1108 2990 1240 3044 mentem
1262 2984 1409 3054 humiliat,
1427 2999 1519 3056 quam
1543 2982 1575 3038 in
1598 2980 1812 3038 deliberatione
1832 2985 1939 3036 onuba

225 3083 308 3141 Hanc
323 3082 455 3140 favillam
469 3081 558 3139 turbo
572 3081 726 3155 dispergit,
744 3081 815 3154 quia
830 3103 843 3130 «
858 3083 934 3136 Deus
954 3083 1054 3135 noster·
1109 3080 1202 3132 ileum
1217 3073 1378 3130 obstinatio
1392 3071 1531 3130 obdurat.
1550 3072 1703 3144 Sequitur:

225 3173 382 3230 manifeste
397 3171 506 3238 reniet,
522 3177 550 3227 et
560 3187 622 3228 non
635 3170 731 3226 silebit
742 3171 838 3240 (Psoi.
852 3185 930 3232 1111,
947 3170 985 3239 5),
997 3191 1011 3219 a
1024 3172 1053 3224 ct
1146 3159 1830 3234 111122.Ν1111111111111111111111111111111
1845 3161 1938 3218 sciet·

223 3261 348 3332 reliqua.
364 3259 521 3330 Sequitur:
1110 3255 1193 3324 tium,
1210 3253 1262 3323 qut
1284 3252 1415 3308 excelsos
1436 3252 1580 3320 judicet?
1604 3281 1638 3292 —
1663 3251 1737 3306 Cum
1753 3248 1881 3321 hisquae
1900 3248 1938 3304 de

260 3350 345 3404 Vens.
358 3348 399 3402 lt.
408 3349 486 3404 Dece
493 3351 624 3404 11111111
629 3347 702 3415 filiis
713 3347 797 3404 iltius
804 3347 937 3403 delorem
942 3347 1053 3416 patris,
1109 3341 1196 3398 nobis
1211 3345 1343 3411 aguntur
1357 3339 1551 3410 ambigimus,
1571 3339 1719 3396 debemus
1733 3337 1791 3396 alic
1805 3353 1876 3410 quaa
1885 3353 1938 3394 uc·

225 3442 253 3494 et
265 3449 331 3494 cum
342 3435 508 3494 reddiderit
517 3441 589 3492 tunc
599 3437 679 3492 sciet.
692 3467 726 3476 —
739 3439 770 3491 let
780 3451 901 3492 rursum
910 3436 1052 3508 seriptum
1108 3431 1155 3486 bis
1171 3433 1239 3485 sunt
1251 3433 1331 3486 certa
1346 3429 1530 3500 conspicere,
1545 3433 1574 3486 at
1594 3443 1662 3486 cam
1685 3441 1754 3500 que
1775 3425 1813 3483 de
1832 3431 1939 3484 nostra

205 3529 293 3596 est:
323 3545 338 3574 n
367 3523 484 3592 Anima,
513 3538 582 3594 qnae
616 3523 793 3594 peccaverit,
823 3523 891 3595 ipsa
915 3522 1056 3596 punietur
1110 3518 1196 3574 nobis
1210 3517 1416 3573 incertitudine
1432 3521 1593 3585 suesceret,
1620 3515 1809 3588 cogitationis
1832 3529 1939 3588 quere·

225 3612 343 3686 (Ezech-
368 3627 449 3677 xvnr,
464 3615 503 3678 4).
525 3633 539 3661 ι»
561 3614 716 3668 Peccatum
740 3612 853 3685 quippe
878 3612 1021 3682 originale
1037 3629 1056 3668 a
1109 3608 1171 3664 lam
1183 3606 1313 3679 placare.
1330 3609 1403 3662 Eece
1418 3606 1498 3662 euim
1508 3605 1592 3679 quod
1606 3606 1715 3664 electos
1729 3606 1768 3664 ad
1782 3605 1939 3662 111111111-

226 3700 402 3775 parcntibus
423 3699 582 3762 trahimus.
598 3705 626 3756 et
645 3700 702 3757 nisi
717 3716 771 3773 per
792 3701 919 3771 gratiam
942 3701 1055 3773 baptis·
1110 3695 1187 3766 gella
1209 3699 1359 3762 revocant,
1375 3699 1404 3752 et
1418 3695 1506 3752 malis
1521 3695 1637 3752 actibus
1651 3695 1797 3768 reprobos
1811 3711 1867 3752 nee
1883 3694 1939 3752 lla-

225 3791 315 3848 matis
332 3789 496 3858 solvamur,
521 3789 612 3846 etiam
635 3795 794 3863 parentum
816 3794 939 3862 peccata
954 3795 1055 3863 porta-
1111 3785 1188 3856 gella
1203 3789 1410 3858 compescunt,
1425 3785 1638 3859 omnipotentis
1658 3785 1707 3842 bei
1725 3785 1941 3858 judiciasnper

225 3896 305 3950 mus,
319 3879 392 3952 quia
409 3894 504 3936 unum
519 3879 618 3936 adbuc
634 3879 771 3936 videlicet
785 3895 855 3936 cum
868 3878 926 3936 illis
939 3895 1054 3934 sumus.
1110 3891 1166 3930 nos
1181 3873 1267 3930 valde
1283 3873 1400 3930 occulta
1416 3879 1495 3937 suut,
1512 3879 1541 3930 et
1564 3875 1675 3946 injusta
1698 3890 1760 3932 non
1785 3878 1864 3930 sunt.
1881 3874 1941 3930 Sed

225 3968 332 4028 Reddit
357 3983 430 4038 ergo
454 3973 579 4040 peccata
606 3973 727 4041 patrum
752 3969 783 4024 in
809 3969 886 4038 liliis,
907 3969 981 4024 dum
1001 3983 1056 4040 pro
1110 3963 1271 4020 tendamus
1281 3962 1403 4019 oculum
1418 3965 1526 4020 mentis
1542 3964 1581 4020 ad
1591 3965 1755 4036 superiora.
1777 3968 1808 4020 ln
1822 3963 1880 4020 illis
1890 3979 1941 4020 as-

224 4059 314 4133 eulpe
327 4057 460 4133 parentis
473 4073 511 4116 ex
529 4057 666 4132 originali
684 4063 808 4131 peccato
821 4059 924 4116 anima
936 4059 1057 4130 punitur
1110 4055 1249 4128 pleimus,
1261 4055 1334 4126 quia
1358 4053 1395 4110 de
1413 4055 1501 4112 uobis
1519 4055 1587 4126 quis
1606 4055 1680 4128 quid
1700 4056 1782 4126 juste
1796 4055 1941 4127 conqueri

229 4147 335 4220 prolis,
348 4152 378 4202 et
390 4163 512 4202 rursum
524 4151 648 4219 peccata
661 4153 819 4221 parentum
837 4161 897 4203 non
914 4145 1012 4202 reddit
1025 4147 1056 4202 in
1111 4160 1172 4200 non
1191 4144 1350 4200 habemus.
1366 4143 1562 4216 Omnipotens
1574 4144 1655 4200 enirn
1669 4147 1747 4201 Deus
1761 4143 1941 4214 angelorum

228 4235 307 4304 fillis,
318 4235 391 4308 quia
405 4235 444 4291 ab
459 4235 597 4304 originali
606 4236 695 4308 eulpa
709 4251 763 4308 per
776 4236 962 4308 baptismum
984 4236 1056 4294 libe-
1111 4232 1413 4303 meritadiseernens,
1433 4232 1509 4288 alios
1522 4234 1552 4290 in
1565 4239 1678 4290 eterna
1692 4233 1758 4290 lnce
1773 4234 1838 4290 aine
1851 4233 1943 4306 lapsu

225 4339 339 4394 remur,
354 4339 416 4380 non
429 4325 493 4395 jnm
515 4328 675 4396 pareutum
691 4325 805 4397 culpas,
821 4325 885 4390 sed,
898 4340 974 4396 quas
998 4326 1055 4398 ipsi
1111 4337 1287 4394 permanere
1306 4321 1466 4389 constituit,
1482 4322 1557 4378 alios
1580 4338 1708 4396 sponsos
1730 4323 1771 4380 ab
1787 4327 1866 4380 stetu
1878 4339 1943 4378 suae

226 4411 453 4482 committimus,
466 4412 627 4468 habemus.
645 4413 701 4469 Sed
716 4417 819 4468 tamen
833 4413 955 4484 intelligi
965 4415 1055 4470 etiam
1111 4410 1292 4467 celsitudinis
1304 4411 1332 4466 iu
1344 4415 1462 4467 aterne
1470 4411 1675 4470 damnationis
1687 4413 1799 4470 ultione
1810 4419 1944 4486 prostra-

226 4499 310 4558 aliter
330 4503 437 4574 potest,
451 4501 523 4574 quia
537 4500 676 4572 quisquis
691 4501 777 4574 pravi
796 4501 929 4573 parentis
948 4501 1055 4574 iniqui·
1110 4501 1161 4558 vit.
1171 4499 1330 4556 Nobiscum
1343 4500 1433 4570 igitur
1448 4501 1556 4572 injuste
1567 4501 1641 4558 nibil
1655 4503 1727 4573 agit,
1739 4503 1792 4576 qui
1806 4507 1836 4558 et
1847 4503 1943 4559 subti-

227 4593 317 4647 latem
345 4588 487 4658 imitatur,
501 4589 592 4646 etiam
618 4589 736 4661 exejus
755 4589 862 4645 delicto
878 4589 1054 4660 constringu'-
1109 4590 1213 4646 liorem
1228 4589 1315 4644 nobis
1328 4594 1470 4646 naturam
1483 4591 1562 4661 juste
1575 4591 1730 4662 judicavit.
1746 4591 1903 4664 Sequitur:

226 4682 282 4735 tur.
297 4677 437 4744 Quisquis
451 4682 553 4736 autem
569 4679 701 4751 parentis
714 4677 901 4751 iniquitatem
917 4693 976 4734 non
992 4679 1056 4736 imi·
1146 4681 1229 4734 Vens.
1240 4682 1285 4745 23,
1296 4681 1341 4746 24,
1357 4681 1401 4733 25.
1418 4679 1478 4735 Iste
1491 4681 1620 4736 moritur
1638 4681 1777 4738 reduetus
1790 4686 1817 4736 et
1836 4695 1943 4745 senna,

226 4770 314 4834 tatur,
328 4783 524 4840 nequaqnam
536 4766 888 4837 delictcilliusgravetur.
901 4768 1053 4841 Sequitur:
1110 4769 1190 4824 dices
1214 4773 1241 4824 et
1259 4767 1349 4836 setin.
1371 4768 1488 4824 Viscera
1502 4772 1567 4838 ejus
1588 4771 1682 4839 pleno
1701 4775 1770 4825 sunt
1795 4769 1895 4838 adipe,
1915 4777 1944 4825 et

226 4855 265 4910 Et
275 4869 342 4910 rum
352 4855 518 4913 reddiderit
528 4862 601 4912 tuce
613 4857 841 4912 sciet—Nescit
852 4857 932 4912 enim
944 4857 1055 4930 impius
1110 4857 1249 4914 medullis
1263 4871 1328 4912 csso
1344 4859 1407 4926 ejus
1422 4858 1602 4928 trripcntur.
1626 4859 1715 4914 Attus
1730 4873 1800 4914 cero
1813 4861 1945 4915 moriter

225 4941 306 4999 mala
320 4957 389 5016 qnae
404 4943 481 5010 ierit,
497 4945 554 5000 nisi
570 4957 625 5017 pro
640 4944 753 5000 eisdem
774 4945 862 5002 malis
876 4947 974 5018 puniri
990 4948 1054 5017 iam
1111 4950 1141 5003 in
1156 4946 1359 5002 arrroritcdine
1373 4949 1482 5003 anime
1496 4963 1557 5004 suar
1571 4947 1682 5019 utrque
1697 4949 1769 5004 crte
1781 4948 1944 5018 apicus.-

226 5031 357 5106 ecsperit.
371 5031 453 5088 Unde
466 5037 495 5089 et
510 5047 563 5105 per
576 5033 755 5106 prophetam
775 5034 899 5091 dicitur:
917 5053 932 5088 ‹
945 5037 977 5090 Et
992 5040 1055 5091 ten·
1111 5041 1170 5092 ista
1185 5051 1254 5090 eum
1269 5035 1387 5106 itasint,
1398 5035 1466 5109 quis
1479 5037 1510 5092 in
1522 5036 1749 5109 omnipotentes
1760 5041 1875 5093 secreto
1885 5037 1946 5093 dis·

226 5120 384 5179 tummodo
409 5120 473 5179 sola
498 5121 613 5178 vexatio
638 5122 820 5179 intellectum
835 5123 950 5180 auditui
973 5123 1057 5179 dabit
1111 5124 1211 5190 cutiat,
1226 5139 1280 5179 cnr
1302 5124 1342 5180 ita
1355 5124 1420 5180 lraec
1443 5139 1507 5180 esse
1526 5123 1698 5197 permittat?
1717 5125 1775 5182 Sed
1800 5125 1900 5182 clectis
1915 5131 1945 5180 el

225 5212 409 5282 (1111111111,
425 5209 478 5282 lc).
495 5227 510 5264 1
526 5213 606 5267 Tunc
618 5225 751 5284 nemque
765 5211 900 5280 intelligit
910 5212 990 5285 quod
1006 5229 1056 5268 au·
1111 5214 1246 5286 reprobis
1261 5214 1319 5270 rita
1333 5213 1456 5286 quidem
1475 5213 1578 5288 dispar
1592 5220 1647 5286 est,
1663 5215 1761 5272 cernis
1789 5221 1890 5274 antem
1911 5215 1944 5272 iu

225 5300 309 5370 divit,
325 5315 394 5358 cum
406 5317 442 5376 ,sc
459 5301 524 5372 jem
546 5315 599 5372 pro
615 5305 789 5373 contemptu
803 5302 903 5358 vexari
917 5301 1053 5358 doluerit.
1111 5308 1205 5360 morte
1220 5303 1370 5376 corruptio
1383 5302 1486 5376 dispar
1495 5319 1556 5360 1ο1
1570 5309 1622 5361 est.
1634 5305 1717 5362 Unde
1727 5305 1923 5377 subjungitur
1936 5321 1943 5360 :

228 5389 383 5460 Sequitur:
1146 5393 1331 5450 Vens.2t.lr⁷t
1341 5398 1440 5450 tomen
1455 5395 1545 5450 simut
1559 5395 1591 5452 ic
1605 5397 1731 5465 pulvere
1744 5397 1904 5458 dormient,
1914 5401 1944 5452 et

262 5479 349 5536 Vnus.
373 5480 418 5536 20.
449 5481 594 5538 Videbunt
622 5482 703 5538 creti
728 5484 791 5551 ejus
821 5483 1055 5552 intersectionem
1111 5483 1365 5552 vermescperterrt
1376 5495 1470 5538 cce-
1481 5484 1638 5556 Otudcrgo
1648 5485 1770 5556 mirum,
1782 5484 1808 5542 si
1817 5499 1945 5558 prospe
