4106 6148
127 63 182 117 905
374 81 376 85 ’
753 50 928 112 aristote:
942 49 985 108 ΕΤ
997 49 1210 112 PRlVlLEGlA.
1786 61 1839 118 900

127 183 175 240 cni
190 185 250 241 beo
264 187 384 240 auctore
399 181 593 251 deservimus,
605 179 692 237 vobis
706 194 761 254 per
780 175 872 249 huius
895 171 954 248 pri-
968 169 997 232 A·
1008 171 1164 246 incultum,
1179 192 1310 236 necnon
1331 183 1360 236 et
1373 179 1583 254 pertinentiam
1597 179 1734 254 ejusdem
1759 182 1840 256 epis·

126 273 227 344 vilegii
241 273 349 330 seriem
363 277 496 329 vestrum
524 269 738 328 monasterinm
763 272 792 325 et
815 266 884 324 loca
901 279 954 320 seu
1008 264 1097 338 copii;
1126 265 1238 324 scilieet
1265 266 1474 326 cerdaniensis
1501 285 1612 344 pagus,
1641 269 1837 340 libianensis,

126 364 267 421 ecclesias
280 363 393 436 ubique
415 363 606 437 pertinentes,
623 365 683 418 eta
711 356 849 434 praesenti
873 369 955 413 nona
992 353 1235 429 cergianensis,
1263 355 1438 414 Paliarensis
1466 375 1599 435 quoque,
1629 364 1718 435 atque
1751 360 1839 420 iliba-

125 452 285 509 indietione
297 452 328 508 in
342 456 520 525 perpetuum
530 450 583 507 tibi
596 449 713 523 tuisque
731 443 955 506 suecessoribus
1008 445 1171 516 curcensis,
1196 444 1399 512 Jestabiensis,
1423 451 1513 521 atque
1539 448 1742 514 cardosensis,
1763 453 1840 508 ltne-

126 542 220 598 servis
237 541 285 597 [lei
295 539 367 597 inibi
374 539 632 597 commorantibus
640 537 850 596 canabineum
861 535 954 616 ritem
1007 531 1120 590 hiensis
1134 549 1170 590 ec
1185 533 1353 596 Tirbiensis,
1369 539 1398 592 et
1410 534 1484 592 locis
1496 541 1607 595 sanctie
1620 539 1760 597 Deodeter
1770 555 1841 596 cum

125 629 304 686 docentibus
319 628 488 686 stabilimus
505 627 555 685 bei
571 644 640 684 cum
658 627 763 684 timore
775 623 953 696 regendum,
1007 619 1119 678 finibus
1134 622 1206 687 suis,
1221 627 1250 680 et
1264 624 1380 680 Fencris
1395 639 1466 680 cnm
1489 624 1601 682 tinibus
1626 627 1698 697 suis,
1714 631 1743 686 et
1768 627 1841 684 Sub-

124 717 330 785 detinendum,
353 721 382 774 et
396 732 498 776 secure
514 721 604 790 atque
619 717 718 790 quiete
733 715 790 772 sub
804 728 912 771 norma
926 715 955 769 et
1007 715 1110 768 monte
1120 727 1189 768 cum
1203 711 1315 770 tinibus
1330 712 1394 770 suis
1398 754 1487 772 .....
1514 713 1735 776 confirmamus
1749 716 1840 774 etiam

124 804 290 879 apostolica
304 804 427 862 tuitione
441 805 703 878 permanendum
727 803 782 861 sed
806 801 863 859 sub
889 799 955 857 nul·
1008 803 1037 856 ct
1049 799 1163 858 tertiam
1178 805 1295 875 partem
1316 801 1425 860 telonei
1448 801 1585 876 ejusdem
1605 803 1759 878 episcopii,
1770 821 1840 863 cum

123 895 182 951 lius
203 893 280 952 elius
298 895 479 969 cujusquam
498 894 653 968 potestatis
678 892 865 966 subii'cimus.
881 892 955 948 item
1007 889 1193 963 pertinentiis
1205 892 1339 964 mercati,
1355 892 1403 949 vel
1417 909 1487 950 eum
1501 893 1644 951 omnibus
1672 893 1711 950 ed
1738 894 1841 968 ipsum

124 983 289 1058 apostolica
313 983 487 1041 auctoritate
513 983 657 1056 jubemus
682 982 787 1042 christi
814 979 954 1038 fidelibus
1008 978 1244 1054 episcopiumex
1257 981 1318 1038 suis
1332 981 1475 1039 omnibus
1493 981 1568 1040 locis
1596 981 1770 1057 ubicunque
1791 998 1841 1055 ge-

123 1073 253 1145 benigne
275 1073 442 1130 secundnm
466 1076 560 1130 ileum
574 1073 704 1146 bospitio
717 1071 905 1146 recipiendis.
921 1071 970 1148 ut,
1008 1069 1147 1126 neraliter
1161 1074 1190 1127 et
1203 1069 1234 1127 in
1246 1070 1362 1143 integro
1380 1071 1598 1146 pertinentibus
1625 1071 1704 1131 inlra
1732 1089 1841 1149 supre-

122 1167 156 1220 tu
171 1179 240 1220 eum
256 1162 295 1220 ab
309 1163 367 1220 hae
380 1151 447 1220 luce
461 1162 553 1220 lucris
568 1162 749 1226 subtractus,
761 1177 780 1219 a
794 1159 876 1218 nulle
889 1174 955 1234 per·
1008 1158 1121 1217 dictum
1137 1159 1355 1236 episcopatum,
1370 1177 1390 1220 a
1405 1161 1548 1220 territorio
1568 1161 1756 1236 Urgellensis,
1775 1163 1842 1220 Ger·

122 1267 199 1308 sona
225 1250 266 1308 ibi
281 1250 407 1322 eligatur
430 1250 527 1307 abbas
542 1250 710 1307 secundum
725 1252 854 1307 beuma
879 1263 954 1322 prce-
1008 1248 1171 1316 daniensis,
1186 1251 1413 1323 bergitanensis,
1429 1251 1615 1310 palliarensis
1642 1256 1733 1326 atquc
1756 1252 1842 1310 niba-

122 1339 203 1397 diete
216 1340 460 1411 congregatione.
488 1339 680 1414 Praecipimns
706 1343 807 1396 autem
834 1342 955 1412 aposto·
1009 1339 1173 1396 eureensis.
1187 1341 1258 1398 item
1271 1344 1300 1398 et
1321 1341 1539 1398 confirmamus
1558 1340 1612 1398 tibi
1634 1341 1754 1416 tuisque
1775 1357 1842 1399 suo-

121 1428 181 1487 lica
192 1429 377 1500 auctoritate,
390 1433 423 1486 ut
436 1427 520 1486 nulla
534 1443 647 1500 magna
656 1443 813 1502 parvaque
825 1440 955 1501 persona
1009 1428 1179 1486 caesoribus
1194 1429 1232 1486 de
1247 1429 1341 1504 ipsius
1356 1429 1520 1504 supradicti
1545 1430 1690 1505 episcopii
1715 1430 1789 1488 locis
1812 1434 1842 1488 et

123 1520 257 1594 aliquam
269 1519 331 1577 vim
343 1523 396 1577 aut
408 1519 596 1578 invasionem
609 1519 640 1575 in
649 1517 822 1593 supradicto
833 1532 956 1574 monas-
970 1529 994 1584 Β
1009 1516 1194 1590 pertinentiis
1221 1517 1367 1591 primitias
1388 1523 1417 1576 et
1437 1519 1581 1576 decimas.
1595 1522 1717 1577 Necnon
1739 1523 1768 1576 et
1787 1519 1841 1578 ite-

4 1665 5 1668 ,
123 1609 196 1666 terto
209 1609 303 1666 autin
318 1609 380 1665 suis
394 1607 484 1666 rebus
510 1623 646 1682 unquam
669 1607 767 1665 iacere
791 1609 956 1681 prasumat
1009 1620 1078 1662 rum
1106 1605 1275 1663 stabilimus
1298 1611 1330 1664 ut
1352 1606 1436 1689 nulla
1457 1607 1598 1681 qualibet
1624 1623 1755 1681 perman
1782 1607 1841 1666 ele·

4 1755 5 1758 ,
123 1700 178 1755 Pro
201 1715 262 1772 quo
283 1697 340 1755 sub
358 1697 452 1754 divim
462 1696 568 1769 judieii
582 1695 780 1754 obtestatione
794 1694 957 1752 etanathe·
1009 1693 1078 1751 ricis
1090 1693 1180 1752 vestri
1194 1693 1338 1769 episcopii
1352 1695 1585 1753 consulentibus
1599 1695 1710 1766 injuste
1724 1696 1764 1754 ed
1779 1696 1841 1753 dis·

123 1786 212 1843 matis
231 1786 437 1843 interdictione
461 1785 689 1860 promulgantes
710 1783 900 1841 decernimus
923 1787 957 1839 ut
1010 1782 1176 1840 trictionem
1191 1781 1295 1840 autad
1307 1783 1453 1856 injustam
1465 1783 1564 1856 legem
1587 1783 1746 1858 deportare
1770 1801 1841 1843 oum

122 1875 196 1932 nulli
211 1891 348 1949 unquam
363 1879 535 1932 nostmrum
548 1889 756 1932 successorum
766 1871 954 1947 pontificum,
1008 1871 1107 1930 laicali
1120 1888 1251 1947 persona
1264 1877 1437 1948 praesumet.
1458 1878 1533 1932 itam
1547 1873 1620 1946 quia
1634 1874 1839 1949 supradictum

4 1995 5 2030 ι
122 1965 171 2021 rel
186 1965 269 2020 nulla
283 1964 470 2037 [prasumat]
484 1964 575 2036 hujus
588 1964 680 2021 nostri
696 1961 852 2038 apostolici
867 1961 955 2036 privi·
1009 1962 1197 2037 episcopium
1216 1979 1287 2020 eum
1310 1963 1452 2020 omnibus
1475 1963 1566 2021 rebus
1590 1963 1763 2038 micaeque
1784 1965 1842 2023 sibi

4 2115 6 2120 ,
122 2053 191 2123 legii
207 2053 414 2110 auctoritatem
428 2051 575 2124 frangere.
593 2055 667 2109 Nam
682 2051 766 2126 quod
786 2067 849 2108 non
862 2051 956 2108 eredi-
1009 2050 1226 2126 pertinentibus
1239 2067 1259 2109 a
1272 2055 1453 2110 Francorum
1479 2052 1600 2126 regibus
1626 2069 1682 2127 per
1700 2054 1842 2129 precepti

4 2173 6 2182 ‚
124 2159 203 2214 mus,
215 2143 268 2215 qui
277 2142 361 2200 aliter
372 2158 461 2214 agere
471 2142 704 2216 presumpserit,
714 2141 788 2199 sciat
798 2157 829 2198 se
839 2156 956 2198 excom·
1008 2141 1153 2216 paginam
1166 2141 1322 2199 firmatum
1345 2145 1374 2199 et
1396 2141 1559 2200 solidatum
1586 2146 1631 2200 est
1655 2142 1749 2214 regali
1768 2159 1841 2202 auc·

122 2231 348 2287 manicatumet
362 2229 562 2288 anathematis
577 2229 704 2286 vinculis
717 2229 910 2302 innodatum,
925 2233 955 2288 et
1008 2230 1135 2300 toritate,
1162 2230 1204 2288 ita
1232 2234 1261 2288 et
1281 2233 1384 2288 nostra
1405 2229 1571 2304 apostolica
1589 2230 1764 2290 auctoritate
1790 2231 1843 2288 fir-

122 2335 248 2391 aregno
264 2320 315 2377 Dei
328 2319 502 2392 alienatum,
515 2323 544 2378 et
555 2320 585 2376 in
596 2319 771 2390 voraginem
780 2324 954 2378 mrtareum·
1007 2335 1139 2392 mamus,
1155 2323 1187 2377 ut
1203 2319 1315 2376 amodo
1330 2323 1360 2377 et
1373 2318 1403 2376 in
1418 2323 1507 2378 antea
1532 2319 1683 2394 quidquid
1696 2336 1753 2378 ros
1774 2337 1841 2378 ves·

4 2451 6 2484 ;
122 2425 182 2482 que
196 2409 289 2466 chaos
302 2410 460 2466 demersus
474 2407 794 2483 cumimpiisdefieiat.
813 2409 953 2476 quivero
1008 2408 1104 2482 trique
1147 2423 1335 2466 successores
1374 2407 1508 2479 legaliter
1537 2407 1711 2482 acquisituri
1750 2408 1840 2468 lueri·

122 2502 264 2556 custoset
278 2499 456 2556 observator
483 2499 637 2567 exstiterit,
653 2499 784 2570 gratiam
812 2497 953 2556 benedic·
1007 2497 1045 2554 tis
1071 2496 1179 2554 futuris
1203 2496 1400 2571 temporibus,
1416 2512 1453 2554 ex
1471 2497 1612 2572 praesenti
1638 2513 1719 2556 anno
1742 2502 1840 2556 ineer-

4 2615 8 2662 χ
122 2587 210 2646 tionis
227 2605 245 2645 a
260 2589 376 2646 Christo
393 2588 519 2645 ltomino
544 2591 604 2645 ileo
625 2593 728 2646 nostro
753 2587 952 2662 multipliciter
1006 2587 1136 2645 nationis
1152 2585 1454 2644 Domininostrilesu
1468 2586 1780 2657 Christittl,dccima
1795 2587 1839 2645 in·

4 2721 8 2757 3
122 2677 267 2750 consequi
281 2683 441 2734 mereatur.
1006 2674 1146 2744 dictione,
1174 2673 1309 2731 inclinati
1333 2673 1473 2748 precibus
1500 2675 1619 2745 vestris,
1649 2689 1704 2748 per
1737 2679 1840 2736 vestra

4 2811 6 2848 ;
159 2784 306 2858 Scriptum
321 2799 375 2858 per
390 2799 515 2840 manum
529 2783 634 2840 Leonis
660 2784 767 2841 notarii
790 2784 951 2856 regionarii
1005 2760 1118 2832 ”Salia
1132 2765 1283 2860 Pfoeqepta
1300 2762 1430 2860 elhul'lss
1445 2761 1710 2860 Pfiffiessfiflfflem
1730 2761 1760 2818 in
1772 2776 1838 2835 W·

4 2903 7 2938 ;
121 2877 150 2929 et
178 2872 311 2929 scrinarii
338 2876 447 2929 sancto
469 2875 610 2928 Romanas
633 2871 769 2929 Ecclesia
791 2872 821 2928 in
847 2887 950 2930 mense
970 2854 1131 2942 cp⁰¹¹¹¹¹ffl
1145 2849 1232 2906 ΨΜ
1247 2853 1413 2922 V⁰⁸t¹⁸¹³q¹¹⁰
1430 2848 1656 2906 ⁸¹¹⁰⁰⁰⁸⁵⁰¹²¹b¹¹⁵
1675 2848 1837 2906 ⁰⁰¹¹firma'

4 2995 9 3030 2,
121 2959 296 3018 Decembrio
323 2975 377 3034 per
403 2959 596 3018 indictionem
632 2960 846 3034 supradictam.
874 2964 950 3019 Bene
1004 2955 1074 2995 ¹³⁰⁸
1102 2941 1131 2994 ⁰⁸
1153 2936 1322 2994 ⁵¹⁸hffim¹¹⁵
1345 2936 1797 3010 definefldumrmfflid‘ndumr
1810 2941 1839 2994 et

120 3049 226 3108 valete,
1004 3041 1076 3084 cum
1091 3026 1142 3083 Dei
1156 3025 1262 3083 timore
1278 3024 1517 3098 dispensandum
1537 3028 1627 3100 atque
1649 3025 1836 3096 regendum

1003 3119 1038 3172 ut
1048 3113 1149 3172 nullus
1162 3129 1225 3186 rex,
1245 3113 1405 3188 nullusque
1430 3112 1579 3188 princeps,
1600 3112 1701 3170 nullus
1722 3128 1835 3186 comes,

502 3156 557 3214 ΧΠ·
1003 3202 1105 3261 nullus
1123 3202 1271 3268 marchio,
1287 3201 1389 3260 nullus
1411 3201 1516 3276 judex,
1530 3218 1629 3277 neque
1657 3201 1719 3260 ulla
1741 3217 1838 3277 W&

4 3271 6 3280 ‚
120 3297 238 3340 thl’li'll
256 3297 335 3340 ΡΔΡΒ
349 3297 371 3339 ll
387 3296 520 3338 crisconi
543 3297 581 3336 Ab
605 3295 735 3340 wistnurl
757 3297 950 3340 manatense!
1003 3308 1178 3369 magnaque
1190 3309 1321 3370 persona
1335 3291 1470 3367 aliquam
1492 3293 1555 3350 vim
1577 3297 1629 3350 aut
1648 3292 1837 3351 invasionem

458 3405 622 3447 eriseornu.
1003 3381 1150 3441 ineodem
1162 3382 1326 3459 episcopio,
1337 3397 1435 3456 neque
1449 3381 1551 3440 insuis
1574 3381 1759 3458 pertinentiis
1782 3397 1843 3440 un·

440 3517 630 3587 ιιι)
1004 3469 1836 3634 attrita:carraccetenses

191 3644 334 3702 3⁶⁶3&ss
351 3642 705 3717 Uitellffltssl’rl'vl'lelliss
719 3643 878 3714 ⁰⁰²¹firrrtct
1004 3655 1059 3723 tes,
1069 3651 1260 3709 decernimus
1274 3655 1308 3708 ut
1321 3649 1421 3708 nullus
1436 3655 1608 3708 nostrorum
1628 3665 1836 3708 successorum

225 3767 325 3842 [Apud
339 3771 372 3826 p,
390 3771 525 3841 qouque,
537 3767 589 3823 ug,-
602 3781 706 3838 mm,
719 3783 749 3840 p¹
764 3769 841 3840 2³0]
1003 3739 1182 3815 pontificum
1194 3755 1293 3814 neque
1314 3739 1376 3797 ulla
1397 3755 1510 3810 magna
1531 3753 1687 3812 parvaque
1705 3754 1837 3813 persona

1004 3827 1117 3886 audeat
1128 3842 1227 3901 neque
1236 3830 1401 3900 praesumat
1413 3831 1518 3884 contra
1531 3825 1589 3884 hoc
1604 3830 1837 3900 nostrumapos·

153 3893 312 3964 Acererus,
329 3910 433 3952 servus
450 3909 606 3950 servorum
616 3892 678 3962 Dei,
702 3893 950 3954 reverendissimo
1005 3915 1128 3974 tongum
1146 3914 1336 3989 privilegium
1363 3915 1395 3972 jn
1422 3913 1573 3988 aliqupbus
1600 3930 1689 3986 &3020
1714 3914 1835 3986 imum,

5 4015 6 4020 ι
115 3987 146 4040 et
160 3983 349 4042 sanctissimo
360 3983 481 4040 wisino
490 3985 600 4039 sancte
609 3981 786 4053 Urgellensis
795 3983 950 4042 Eccclesiae
1004 4019 1103 4079 neque
1132 4003 1268 4075 pangere
1298 4007 1398 4061 temet,
1435 4003 1464 4062 gi
1500 4002 1569 4078 qui,
1603 4007 1715 4074 aurem,
1751 4003 1836 4077 quod

4 4079 6 4114 ³
117 4073 272 4147 ⁰Pi³⁰0lt02
287 4071 896 4148 ‘1¹¹⁸‘i110⁸⁰000⁸⁸⁰iib¹¹⁸lssll⁰ll>0tu¹¹ffl
1004 4109 1067 4152 non
1095 4092 1257 4163 eredimus,
1281 4092 1313 4150 in
1330 4092 1481 4167 aliquibus
1506 4093 1643 4166 frangere
1668 4094 1835 4164 tentavmit,

154 4181 298 4240 Convenit
322 4179 487 4255 apostolico
512 4179 713 4238 moderemini
731 4180 783 4255 pia
806 4181 950 4254 religione
1004 4183 1078 4242 sciat
1099 4199 1140 4258 se,
1156 4182 1214 4240 uisi
1235 4183 1401 4257 resipuerit,
1417 4182 1593 4240 auctoritate
1618 4182 1719 4241 belet
1741 4183 1836 4241 sancti

117 4271 299 4347 pollentibus
327 4269 474 4328 benevola
489 4269 702 4344 compassione
722 4287 907 4345 succurrere,
920 4277 950 4331 et
1002 4273 1079 4332 Petri
1092 4271 1221 4347 apostoli
1230 4277 1321 4347 atque
1335 4277 1449 4346 nostra,
1463 4272 1516 4347 qui
1531 4273 1597 4346 ejus
1623 4272 1778 4345 fungimur
1790 4273 1836 4331 vi·

4 4351 5 4356 ’
117 4362 307 4438 poscentium
326 4360 436 4420 animis
450 4360 542 4418 alacri
564 4359 723 4418 devotione
743 4360 887 4436 impertiri
902 4379 950 4421 as·
1002 4361 1175 4434 mnatione,
1186 4361 1518 4420 anathematisvinoulis
1532 4361 1778 4421 indissolubiliter
1791 4363 1836 4421 in·

119 4465 253 4508 sensum.
267 4453 308 4508 Ex
322 4449 381 4507 hoc
393 4447 473 4507 enim
487 4447 562 4506 lueri
576 4448 768 4523 potissimum
789 4451 949 4524 premium
1001 4451 1201 4522 nodandum3
1221 4455 1282 4523 eta
1300 4467 1395 4524 regno
1419 4451 1470 4509 ltci
1498 4451 1742 4525 alienandum,et
1765 4468 1836 4510 eum

118 4539 202 4614 apud
227 4539 412 4598 conditorem
438 4538 576 4596 omnium
591 4541 693 4596 itenm
723 4538 829 4612 procul
855 4539 948 4598 dubio
1002 4541 1160 4600 diaboloet
1170 4541 1236 4614 eius
1247 4540 1441 4599 atrocissimis
1451 4541 1571 4615 pompis
1581 4545 1672 4616 atque
1681 4540 1836 4600 enmtnda

117 4645 337 4705 promeremur,
351 4627 476 4703 quando
490 4626 674 4686 venerabilia
691 4626 759 4686 loca
780 4633 948 4704 opportune
1001 4631 1143 4690 traditore
1153 4629 1375 4688 Domininostri
1396 4631 1468 4686 lesu
1491 4628 1597 4688 (bristi
1609 4629 1749 4686 incendio
1762 4645 1835 4688 con·

117 4719 256 4778 ordinata
270 4717 310 4777 ad
334 4718 490 4776 meliorem
508 4717 618 4776 tuerint
638 4717 702 4775 sine
716 4715 811 4775 dubio
837 4723 948 4777 statum
1002 4719 1200 4777 cremandum
1212 4737 1219 4788 ;
1231 4722 1260 4776 et
1272 4718 1303 4775 in
1317 4717 1461 4789 voragine
1475 4719 1664 4791 tartareoque
1674 4717 1767 4776 chaos
1782 4717 1835 4775 de·

117 4808 272 4883 perducta.
283 4809 375 4881 igitur
388 4807 461 4883 quia
475 4806 632 4882 postulasti
647 4823 666 4865 a
686 4807 776 4865 nobis
798 4813 948 4883 melenus
1001 4827 1119 4869 mersus
1133 4826 1203 4868 cum
1215 4808 1315 4884 impiis
1328 4807 1458 4866 deliciet.
1470 4807 1526 4874 Oui
1540 4823 1610 4866 vero
1625 4812 1726 4865 custos
1738 4811 1768 4866 et
1782 4809 1837 4866 ob-

117 4898 325 4971 supradietum
356 4897 564 4972 episcopatum
594 4895 772 4968 Urgellensis
810 4897 948 4956 Ecclesiae
1002 4903 1137 4958 servator
1150 4899 1301 4970 exstiterit,
1314 4896 1572 4955 benedictiotionis
1586 4897 1715 4969 gratiam
1735 4901 1764 4956 et
1778 4915 1836 4957 ece·

116 5003 188 5044 curn
198 4987 340 5045 omnibns
354 4986 417 5043 suis
429 4984 575 5056 aediliciis,
591 5001 645 5042 seu
654 4989 683 5043 et
698 4985 788 5057 villis,
804 4987 947 5060 ecelesiis,
1001 4989 1083 5048 lestis
1095 4987 1297 5047 retributionis
1313 5003 1331 5044 a
1343 4987 1425 5060 Justo
1433 4986 1534 5060 jndice
1548 4987 1677 5046 Domino
1693 4991 1753 5045 Deo
1765 5003 1835 5045 nos·

116 5075 280 5152 parochiis,
308 5074 395 5144 casis,
424 5073 528 5145 vineis,
564 5073 662 5144 terris,
687 5075 813 5150 campis,
841 5076 947 5151 pratis,
1002 5081 1048 5136 tro
1062 5075 1263 5152 multipliciter
1277 5079 1490 5149 consequatur,
1506 5075 1614 5133 etvitae
1633 5079 1751 5133 aeternae
1766 5089 1835 5148 par·
1873 5093 1876 5104 ·

115 5166 248 5241 pascuis,
264 5165 356 5234 silvis,
372 5163 499 5236 saletris,
509 5161 678 5232 arboribus,
694 5165 861 5236 pomiferis,
872 5165 949 5225 truo-
1001 5167 1095 5242 ticeps
1109 5183 1174 5225 esse
1187 5169 1348 5224 mereatur.
1364 5167 1472 5223 Amen.
1484 5167 1561 5222 Bene
1575 5164 1682 5222 valete.

116 5255 209 5314 tileris
223 5255 270 5312 vel
280 5253 479 5312 iniruotiveris
493 5251 603 5310 diversi
618 5251 745 5323 generis,
760 5253 869 5328 puteis,
883 5255 949 5312 lon·
1039 5256 1187 5332 Scriptum
1198 5272 1253 5331 per
1265 5271 1392 5314 manum
1406 5253 1513 5312 leoms
1532 5251 1639 5310 notarii
1661 5249 1832 5322 regionarii,

117 5344 208 5416 tibus,
222 5344 304 5416 rivis,
317 5341 507 5408 molendinis,
523 5339 657 5415 piscariis
683 5340 771 5414 equis
785 5357 948 5416 aquarum·
1002 5349 1093 5420 atque
1106 5346 1248 5416 scrinarii,
1265 5348 1375 5405 saneim
1391 5347 1533 5400 nomana
1553 5343 1662 5397 nostres
1684 5339 1832 5411 Ecclesiae,

117 5449 177 5509 que
191 5432 388 5500 discursibus,
405 5429 542 5500 castelbs,
556 5429 721 5502 montibus,
733 5429 872 5502 vallibus,
889 5433 947 5491 col·
1001 5435 1033 5494 in
1056 5449 1160 5494 mense
1182 5436 1367 5502 Deccmbrio,
1387 5433 1418 5490 in
1439 5428 1612 5504 supradicto
1635 5445 1727 5502 anno,
1742 5430 1835 5488 india·

116 5522 208 5596 libus,
234 5519 368 5596 rupturis
384 5517 621 5592 adiacentiisque
644 5535 750 5578 eorum
765 5519 880 5578 cultum
902 5522 948 5580 vel
1002 5523 1082 5582 bone
1096 5539 1190 5599 snpra
1203 5523 1369 5582 nominata.

261 5612 366 5670 Paron.
383 5607 504 5670 cxxxiii
1657 5611 1692 5665 tt
