4104 6162
230 92 283 158 ut
762 76 791 132 s.
811 64 1103 134 annuissemus
1122 67 1414 136 uuuucmosn.
1885 77 1933 139 sq

230 215 289 274 gaqe
304 207 436 276 Ναβρῶ,
460 205 522 264 1100
541 202 643 277 ituque
658 198 844 268 attendentes
863 192 982 266 flagella
996 205 1058 249 non
1077 193 1100 250 Α
1117 189 1231 264 bertas,
1250 195 1283 254 ut
1297 193 1386 258 etiam
1401 209 1420 258 a
1437 191 1618 263 vermiculis,
1633 197 1673 265 ui,
1686 193 1771 270 quod
1785 195 1880 266 maffia
1894 203 1938 266 esi

229 300 425 372 refugiamus
442 295 495 352 sed
518 309 555 354 ea
575 291 657 350 velut
675 289 818 365 quaedam
839 284 1060 348 medicamenta
1114 281 1268 350 miserum,
1283 297 1302 344 b
1316 282 1415 362 selim
1434 281 1529 338 muna
1544 281 1685 362 inflatur·
1706 285 1797 348 P⁰¹5⁰
1810 283 1858 340 me
1876 302 1935 345 ¹¹¹³*

231 390 340 456 animae
358 384 456 457 magis
478 383 720 458 opqgmu5‚1qam
740 381 769 438 et
787 391 865 448 sager
883 377 952 440 tunc
975 387 1005 427 se
1021 369 1059 426 ad
1115 385 1192 440 gnus
1207 369 1315 438 bonor,
1328 386 1389 442 quo
1400 370 1476 428 inter
1488 373 1610 430 caterae
1622 387 1785 448 corporeas
1794 379 1937 433 creaturas

232 479 398 536 Seoendum
424 473 567 534 manibus
589 469 699 534 medici
720 467 845 526 libenter
859 461 1015 531 submittit,
1033 463 1061 519 et
1115 458 1226 526 ditatus
1247 465 1303 530 est,
1324 459 1477 524 rationalis
1499 460 1636 520 videlicet
1660 461 1775 524 acuitas
1800 462 1831 518 in
1852 479 1886 520 ec
1899 465 1938 522 sic

230 567 340 651 pocula
356 563 497 642 quamvis
521 575 627 621 amara
641 558 739 616 votive
764 555 848 624 bibit,
864 568 934 609 eum
953 548 1061 612 exinde
1115 548 1255 614 hebetata
1266 553 1319 618 est,
1331 553 1441 614 uicum
1453 550 1688 614 omnicreaturae
1700 550 1938 626 visibilipraeesse

229 656 409 722 beneficium
424 650 820 720 incolumitatiareeuperare
836 659 867 705 se
882 640 985 704 eredit,
996 643 1061 700 Non
1115 637 1260 704 debuerit,
1275 654 1356 696 nune
1378 637 1515 712 exemplo
1532 639 1662 706 formicae
1681 641 1781 698 virere
1790 641 1937 714 jubeatur.

230 760 302 816 ergo
316 743 499 802 resultemus
513 737 656 798 manibus
671 733 780 795 medici
794 731 887 790 nostri
902 729 965 788 Dei.
986 731 1061 785 Nam
1121 727 1209 798 Vade,
1229 726 1335 800 inquit,
1351 727 1392 786 ud
1411 727 1582 796 formicam,
1598 744 1614 784 e
1630 728 1717 798 piper
1731 729 1833 798 (Pron,
1848 745 1888 796 vr,
1904 733 1939 801 6).

231 833 284 898 etsi
306 827 506 890 tribulationis
529 825 718 886 adustionem
741 819 911 896 prolongat,
932 832 994 874 non
1019 819 1062 872 ta·
1115 819 1194 873 tiens
1213 820 1313 877 autem
1329 832 1396 888 quie
1421 815 1503 872 iluna
1517 816 1714 877 mutabilitate
1729 818 1941 892 unum‚q11iei

231 939 302 983 men
324 935 403 992 aeger
422 917 511 976 debet
533 912 704 980 vociferari;
719 909 865 984 quoniam
897 907 962 980 ipse
981 904 1062 962 videt
1116 905 1251 962 sufficere
1269 911 1394 980 poterat,
1418 910 1512 967 iteum
1532 907 1643 964 scilicet
1664 907 1777 976 amisit,
1795 923 1940 981 uuncper

231 1027 325 1092 quam
339 1007 490 1086 protunda
510 1005 549 1064 ad
570 1002 768 1062 resecandum
787 997 914 1072 putredo
927 995 1016 1052 lateat
1030 994 1061 1053 in
1115 993 1233 1052 diversa
1256 995 1406 1054 desideria
1426 996 1567 1067 variatur,
1584 1001 1613 1054 et
1626 996 1686 1055 hue
1709 996 1839 1072 illucque
1855 997 1941 1058 avida

231 1099 406 1168 uulneribus
422 1097 572 1154 vitiorum.
595 1096 654 1158 Nec
669 1090 750 1152 velut
764 1086 902 1152 indomiti
915 1090 1061 1160 tanquam
1115 1083 1308 1144 delectatione
1333 1085 1449 1160 querit,
1468 1086 1500 1148 in
1526 1102 1587 1162 quo
1608 1091 1762 1160 pausetur.
1789 1087 1846 1147 Sed
1867 1102 1941 1160 que

234 1189 275 1256 qd
300 1187 477 1254 inusitatum
506 1182 653 1258 quiddam
680 1184 732 1238 aut
756 1192 871 1239 novum
904 1175 1061 1253 obstupes·
1114 1171 1196 1230 niam
1228 1173 1267 1230 ad
1294 1173 1391 1232 solum
1417 1177 1511 1242 iteum
1536 1174 1742 1248 appetendum
1766 1180 1866 1236 creata
1889 1179 1941 1238 est.

232 1294 347 1347 gamus,
359 1274 504 1353 quoniam
518 1287 536 1340 a
551 1271 650 1348 primo
661 1270 743 1342 justo
758 1265 832 1332 Abel
851 1278 947 1336 usque
968 1263 1006 1322 ad
1021 1259 1061 1316 ul·
1114 1265 1277 1340 postquam
1297 1263 1336 1320 ab
1356 1258 1408 1320 illo
1426 1263 1560 1336 recessit,
1577 1263 1650 1326 nihii
1664 1264 1789 1335 invenit,
1808 1264 1895 1338 quod
1918 1265 1943 1326 ei

231 1369 340 1436 timum
353 1361 480 1428 eiectum
498 1377 620 1421 neeesse
634 1362 679 1420 est
697 1372 803 1414 omnes
817 1354 874 1412 bac
890 1351 1060 1416 conditione
1115 1349 1252 1420 sufficiat,
1269 1351 1365 1410 donec
1380 1352 1419 1410 ad
1439 1353 1540 1428 ipsum
1554 1352 1666 1412 redut.
1693 1353 1775 1420 Unde
1795 1369 1878 1416 nunc
1891 1369 1943 1426 per

231 1455 333 1522 teneri!
349 1453 421 1512 Hine
444 1451 584 1526 primam
597 1446 802 1527 apostolorum
814 1441 917 1500 fideles
932 1438 1059 1511 monuit,
1114 1439 1248 1500 diversos
1263 1439 1386 1503 affectus
1399 1441 1542 1511 variatur,
1553 1445 1586 1503 ut
1600 1458 1670 1503 cum
1684 1457 1786 1507 rerum
1799 1442 1943 1516 qualitate

230 1546 458 1616 nominarentur
471 1543 502 1600 in
516 1541 629 1606 fervore
643 1535 812 1601 tentationis
827 1539 974 1608 tanquam
988 1529 1059 1596 novi
1080 1528 1216 1598 gentiani
1230 1545 1292 1596 non
1306 1532 1413 1610 petest,
1423 1531 1530 1598 saitem
1544 1531 1685 1598 varietate
1697 1529 1833 1604 ipsarum
1842 1547 1943 1590 rerum
2045 1531 2046 1582 ἱ

236 1634 352 1711 aliquid
367 1631 547 1704 contigisset.
1114 1619 1277 1692 expleatur.
1297 1621 1378 1686 Victa
1397 1620 1486 1688 taedio
1506 1621 1574 1700 ipsa
1593 1624 1700 1684 natura
1726 1637 1745 1683 a
1763 1621 1943 1694 cogitatione

267 1725 302 1792 Y.
323 1721 523 1784 afflictionum
536 1731 605 1776 vero
620 1714 734 1790 species
754 1717 815 1770 tam
836 1711 963 1770 diversa
979 1711 1058 1777 aunt,
1113 1708 1144 1772 in
1159 1709 1370 1784 cogitationem
1391 1709 1529 1784 ducitur,
1543 1709 1625 1783 quod
1636 1709 1806 1776 fastidiebat
1819 1711 1943 1783 appetit,
2045 1699 2046 1718 ³

232 1828 326 1889 quam
362 1810 496 1868 diversos
528 1805 686 1888 culparum
719 1802 827 1860 modos
855 1798 981 1858 coelestis
1011 1797 1059 1864 ilie
1114 1802 1141 1862 et
1172 1798 1256 1871 quod
1279 1798 1439 1876 appetebat
1460 1798 1590 1870 tutudit,
1612 1815 1681 1873 quae
1705 1798 1780 1866 (iqm
1809 1798 1945 1872 <1005qu
2044 1815 2046 1826 ,

232 1901 368 1970 medicus
398 1897 486 1954 nobis
524 1895 621 1952 inesse
656 1892 761 1960 videt;
791 1894 921 1972 quatuor
959 1892 1060 1947 tamen
1112 1887 1221 1966 posita,
1236 1887 1371 1962 prolecto
1382 1888 1469 1950 docet
1482 1888 1566 1962 quod
1575 1888 1698 1954 aliunde
1711 1887 1834 1962 pandet.
1851 1891 1944 1960 cujus

232 1990 333 2055 modis
346 1984 652 2060 comprehenduntur.
666 1979 835 2059 Aliquando
850 1992 1059 2052 namquepee·
1113 1977 1213 2052 prima
1239 1976 1394 2034 damnatio
1420 1981 1473 2044 est,
1500 1981 1533 2040 ut
1556 1976 1740 2049 Augustinus
1767 1976 1849 2048 dicit,
1874 1978 1943 2044 iror-

233 2083 315 2138 cator
340 2076 481 2148 affligitur
495 2089 553 2148 pro
572 2069 703 2148 peccatis
727 2067 891 2142 praeteritis,
915 2066 990 2125 sicut
1012 2063 1059 2122 ille
1114 2065 1944 2142 rendaproiunditasignnantiae,qrraegignitmaiarum

233 2169 280 2226 oui
304 2167 412 2229 dieitur
430 2182 437 2232 r
453 2170 524 2222 nece
537 2176 629 2224 sunus
648 2161 752 2232 suetas
776 2174 816 2226 os,
830 2160 898 2231 jum
918 2157 982 2214 nott
992 2169 1060 2226 pec·
1113 2171 1322 2232 vanarumque
1340 2171 1441 2222 rerum
1456 2155 1635 2230 multiplices
1648 2171 1779 2221 amores,
1794 2171 1849 2230 per
1864 2173 1944 2229 quos

233 2273 313 2320 aare,
329 2272 367 2316 ue
393 2254 522 2312 deterius
539 2252 594 2308 tibi
607 2249 726 2322 aliquid
747 2249 904 2320 eoraltnput
918 2246 1020 2318 (Joan.
1040 2260 1060 2312 u
1114 2248 1297 2326 appetuntur
1316 2259 1396 2312 vana
1418 2243 1539 2316 gaudia,
1558 2249 1586 2304 et
1605 2245 1725 2312 luxuria
1741 2245 1944 2314 etinnurnera

233 2349 286 2417 ιι).
313 2347 383 2411 Quae
409 2341 506 2416 iussio
526 2341 613 2406 docet
634 2337 718 2414 quod
745 2353 801 2412 pro
829 2335 928 2414 erupis
956 2338 1058 2408 praete,
1113 2333 1318 2408 huiusmodi:
1347 2333 1521 2408 exquibus
1557 2339 1749 2398 succrescunt
1783 2333 1944 2394 mordaces

231 2433 294 2493 ritis
321 2432 383 2495 um
410 2429 524 2498 doloris
546 2427 712 2489 incurrerit.
736 2424 907 2500 Aliquando
932 2437 986 2498 pro
1009 2438 1058 2482 ca·
1114 2439 1203 2494 curae,
1232 2422 1485 2496 perturbationes,
1515 2438 1670 2492 moerores,
1696 2423 1882 2492 formidines,
1920 2429 1945 2482 et

230 2521 337 2588 vendis
360 2518 478 2588 futuris,
500 2515 583 2590 quod
606 2513 698 2576 Paulo
717 2511 851 2582 contigit,
871 2509 935 2584 qui,
956 2525 993 2568 ne
1010 2525 1059 2566 ex·
1113 2516 1219 2575 aestua
1233 2511 1303 2570 talia
1321 2513 1435 2586 quaein
1453 2512 1529 2588 ipsis
1542 2512 1707 2578 infantibus
1725 2513 1766 2572 ita
1780 2512 1941 2586 pullidant,

229 2609 400 2677 tolleretur,
437 2604 592 2672 stimulum
633 2602 732 2668 carnis
772 2599 895 2673 accepit.
930 2597 1059 2668 Quidam
1112 2608 1145 2666 ut
1160 2602 1185 2660 si
1198 2601 1386 2670 dimittantur
1404 2603 1598 2676 tacerequcd
1612 2603 1725 2672 volunt,
1740 2602 1789 2668 vis
1806 2619 1943 2676 uuquam

229 2698 369 2756 doctores
397 2693 515 2780 antiqui
541 2691 678 2758 dolorem
706 2689 811 2764 capitis
840 2687 927 2749 aiunt
956 2686 1057 2744 luisse.
1113 2691 1153 2756 ud
1167 2691 1280 2766 aliquid
1292 2691 1365 2758 boni
1387 2692 1571 2765 perveniant.
1587 2694 1696 2750 Contra
1721 2707 1799 2765 quos
1813 2691 1942 2751 eruditio

229 2783 401 2870 Aliquando
421 2781 549 2880 quisque
567 2779 740 2859 percutitur,
762 2782 794 2844 ut
808 2775 882 2836 dum
901 2775 1058 2850 inopinata
1113 2782 1327 2856 magistrorum
1341 2781 1484 2848 diuinitus
1498 2785 1688 2854 procuratur,
1701 2785 1735 2840 ut
1747 2797 1846 2854 prava
1856 2782 1942 2855 eupi-

228 2873 367 2944 liberatio
380 2869 550 2945 periculum
563 2866 766 2942 subsequitur,
781 2863 933 2932 ardentius
941 2863 1058 2930 suivan-
1080 2871 1190 2966 editas
1207 2869 1381 2946 infrenetur,
1400 2874 1428 2930 et
1442 2869 1515 2935 boni
1529 2871 1682 2952 appetitus
1702 2874 1857 2944 utcunque
1871 2886 1942 2930 sua·

232 2962 269 3030 tis
285 2959 335 3018 Dei
349 2959 443 3028 virtus
462 2961 588 3015 ametur·
605 2955 637 3012 111
650 2969 712 3030 qua
726 2951 918 3028 percussione
939 2951 1057 3020 uierito-
1113 2961 1251 3032 deantur,
1266 2961 1294 3021 si
1306 2965 1408 3020 umen
1420 2959 1529 3034 anquis
1539 2960 1858 3033 magistrorumque
1867 2960 1943 3026 uiua

226 3067 295 3111 rum
315 3049 411 3124 gratia
440 3045 610 3124 succressit,
631 3061 700 3104 eum
723 3059 777 3118 per
802 3042 977 3118 patientiam
995 3041 1055 3098 fur·
1112 3050 1240 3120 Danielis
1255 3049 1381 3116 inveniri
1393 3048 1459 3121 jam
1477 3049 1581 3122 possit,
1596 3049 1649 3123 qui
1664 3049 1704 3117 ad
1716 3049 1865 3121 iustitiam
1876 3065 1942 3113 eru

227 3140 322 3211 titudo
350 3136 476 3224 proficii.
510 3135 595 3202 Quod
622 3134 653 3194 in
682 3132 770 3194 bento
795 3132 850 3202 iob
873 3131 1056 3206 compluium
1110 3140 1173 3208 diui
1197 3155 1313 3201 omnes.
1343 3138 1456 3206 Etenim
1480 3138 1551 3206 huie
1575 3139 1685 3206 qaecqlo
1707 3139 1808 3210 magis
1833 3142 1940 3199 copim

227 3234 282 3294 est,
300 3227 354 3304 qui
375 3225 458 3302 prius
481 3224 522 3284 ita
541 3221 692 3292 laudatus,
718 3226 747 3292 et
768 3225 873 3304 postea
896 3221 938 3278 sio
959 3237 1056 3288 remu·
1110 3226 1436 3302 Apostolumeiigcntes
1449 3226 1628 3296 informanu
1641 3226 1941 3298 cumtoblieetgen·

226 3322 351 3382 uerutus
376 3319 429 3384 est.
448 3317 673 3385 Nonnunquam
689 3325 759 3376 vero
777 3309 808 3366 iu
835 3325 898 3378 una
923 3308 1057 3387 qualibet
1110 3313 1168 3377 tilis
1182 3314 1224 3382 ita
1246 3314 1324 3382 iiiios
1341 3314 1432 3384 ouen
1454 3313 1573 3374 edutos
1595 3314 1814 3387 assiduabat,
1831 3317 1935 3382 utnee

226 3420 361 3484 persona
381 3403 437 3462 tria
460 3403 525 3460 haec
540 3416 650 3474 genera
664 3398 755 3466 simui
771 3404 964 3470 concurrunt,
978 3399 1054 3466 utin
1110 3401 1141 3472 in
1155 3403 1245 3474 corde
1255 3403 1378 3477 quidem
1397 3407 1566 3476 Ρθθθὸἳθῦἴ·

228 3513 263 3554 eo
289 3511 344 3574 per
370 3490 563 3550 afflictionem
592 3493 621 3546 et
642 3487 792 3564 preterita
816 3487 994 3562 puniantur,
1027 3491 1056 3550 et
1144 3492 1199 3557 vii.
1214 3492 1441 3566 thuidauterq
1453 3491 1759 3564 multadoojusnrcdi
1773 3491 1937 3565 mabsquae

227 3584 327 3641 iutura
349 3580 582 3656 prohibeantur,
611 3581 641 3634 at
668 3576 774 3634 laudes
805 3575 974 3636 liberatoris
1004 3575 1055 3634 nei
1108 3581 1222 3650 laedunt
1236 3581 1358 3643 dicam?
1373 3581 1500 3650 Quando
1520 3581 1645 3656 quidem
1658 3580 1685 3648 ui
1698 3581 1847 3648 subtiliter·
1865 3595 1936 3646 ecn-

227 3690 263 3730 ex
296 3671 439 3749 adempto
475 3665 608 3742 periculo
641 3665 871 3726 succendantur.
910 3666 1054 3735 Quartum
1109 3670 1221 3738 sideros
1234 3669 1323 3738 etiarn
1342 3675 1454 3740 cuncta
1464 3687 1535 3745 ques
1547 3687 1606 3745 pru
1619 3670 1716 3740 siluro
1736 3670 1871 3743 3011qu
1882 3671 1937 3732 qu.
2044 3663 2045 3682 ι

227 3777 322 3840 genus
344 3763 398 3822 est,
423 3745 547 3830 quando
565 3753 696 3832 quisque
725 3753 767 3810 sic
782 3752 813 3810 in
834 3753 976 3827 prasenti
990 3769 1056 3828 per·
1107 3759 1543 3834 i=1svitea,poenisetmiseriis
1558 3759 1724 3826 intermista.
1735 3759 1877 3833 suades
1891 3761 1936 3816 An

229 3851 349 3919 entitur,
372 3851 405 3906 ut
428 3847 519 3905 etiam
546 3845 577 3911 in
598 3844 698 3902 loturo
717 3843 870 3918 puniatur.
892 3843 978 3920 Quod
998 3843 1055 3902 iilis
1108 3863 1172 3916 non
1191 3847 1311 3910 miseria
1331 3851 1377 3912 est
1396 3847 1582 3922 corruptioni
1593 3848 1692 3918 earnis
1706 3847 1746 3914 ad
1768 3847 1937 3916 peremeris

229 3938 424 3997 solummodo
449 3934 573 4004 aceedit,
593 3949 724 4008 quorum
753 3938 869 4004 mentes
904 3931 1055 4002 tribulatio
1109 3942 1200 4012 atque
1227 3953 1370 4006 concessa
1401 3937 1578 4006 deserviret
1610 3937 1693 4012 quod
1726 3937 1834 4002 endem
1868 3953 1936 4000 oero

226 4045 288 4088 non
303 4026 447 4089 convertit
463 4043 469 4082 ε
486 4025 523 4084 de
545 4023 686 4099 qualibus
708 4023 758 4082 illa
772 4039 831 4080 vox
846 4021 1056 4102 conquerentis
1109 4027 1246 4102 exigitur,
1266 4029 1299 4093 ui
1315 4031 1420 4096 unqua
1441 4026 1535 4098 frigus
1551 4027 1738 4098 quingenta,
1762 4031 1869 4094 omma
1894 4026 1936 4086 fa.

227 4119 277 4178 Dei
299 4122 343 4176 est
373 4118 527 4174 :Frustra
547 4115 684 4186 percussi
705 4114 785 4184 fitius
814 4118 890 4178 taos,
926 4111 1057 4183 discipti-
1109 4133 1191 4186 meur
1205 4116 1357 4186 alimenta,
1371 4121 1475 4177 contra
1490 4119 1596 4184 testum
1612 4115 1934 4189 trigorareqdrautur.

226 4201 1094 4302 narnnoire-ecepaunc(rea.11,³0).‚Qu0dgennsmiser⁰
1111 4207 1198 4276 Quod
1223 4205 1318 4276 multa
1340 4204 1458 4274 cautela,
1481 4205 1647 4267 emuntur
1671 4205 1753 4273 saitis
1774 4205 1934 4278 eorporis:
2044 4213 2045 4284 ι

226 4295 391 4363 Antiochus
409 4298 438 4350 et
452 4292 581 4354 Herodes
594 4291 726 4348 incurrit.
744 4294 818 4348 Nam
838 4290 922 4366 quod
933 4289 1057 4348 diversis
1110 4297 1194 4373 quod
1221 4297 1313 4368 eiiam
1345 4295 1495 4366 qustodiiq
1532 4293 1686 4367 amittitur,
1720 4295 1839 4362 amissa¹
1869 4309 1936 4352 oum

227 4383 368 4450 cultibus,
394 4381 505 4455 (itibus
519 4379 621 4454 utique
638 4378 794 4444 diversitas
817 4393 977 4454 poessurutu
1004 4379 1056 4438 de·
1110 4387 1193 4460 gravi
1206 4387 1308 4446 labore
1320 4388 1485 4460 reparatura
1498 4386 1532 4444 Et
1543 4387 1644 4442 tamen
1659 4388 1798 4458 reparata
1813 4397 1932 4456 semper

229 4475 327 4544 betur,
352 4477 472 4558 autper
490 4469 770 4542 ignorantiam,aut
788 4469 1056 4543 postremitatem,
1109 4477 1141 4546 in
1168 4476 1263 4544 dubio
1291 4479 1335 4542 est
1358 4492 1367 4544 r„
1393 4473 1508 4548 quippe
1532 4489 1604 4542 eum
1624 4488 1736 4547 corpus
1766 4477 1809 4532 tot
1835 4489 1876 4540 ex,
1903 4487 1932 4528 se

227 4567 280 4632 aut
294 4561 445 4622 interdum
465 4576 520 4644 per
534 4557 694 4618 audaciam
714 4557 919 4634 subjacemus,
936 4573 997 4628 nou
1019 4559 1057 4617 de
1111 4566 1234 4636 morbos
1253 4566 1366 4639 gignat¹
1388 4567 1422 4624 ut
1435 4579 1492 4625 nec
1507 4563 1695 4630 medicorum
1714 4562 1841 4638 qrnideru
1854 4561 1933 4623 bbrie

228 4653 398 4722 conditione
412 4655 526 4708 naitil'ae
549 4648 637 4716 liobis
655 4647 773 4717 addidit,
790 4647 844 4708 sed
862 4647 899 4706 de
914 4647 985 4714 viiio
999 4648 1058 4728 pri·
1111 4659 1209 4721 nuncii
1230 4655 1577 4727 nomineniul‘‚qtierttm
1599 4652 1754 4728 diiquiqiq
1771 4653 1837 4716 uine
1860 4666 1927 4714 ama

226 4760 284 4816 iil&
296 4739 550 4812 transgressifflliss·
1110 4747 1239 4814 ritudine
1266 4747 1417 4812 amantia.
1441 4747 1488 4802 An
1506 4759 1569 4803 non
1588 4747 1618 4810 u
1643 4743 1701 4812 irco
1730 4741 1853 4801 miserie
1880 4745 1931 4810 est,

262 4835 306 4900 Vl·
319 4835 393 4896 Num
411 4833 575 4912 postquam
588 4825 636 4882 ille
650 4826 766 4900 primus
782 4840 891 4902 parans
905 4825 1057 4890 conditori
1110 4835 1326 4910 qnod-amatus
1344 4832 1461 4900 amicus
1483 4831 1674 4905 suspectione
1695 4829 1809 4898 offendi
1826 4827 1931 4898 vaiet?

227 4945 280 5006 per
291 4927 527 4989 inobedientiam
541 4923 707 4986 contradus
715 4923 833 4994 exsilit,
848 4923 956 4992 adlice
965 4939 1055 4997 grave
1109 4922 1320 4987 Formidanrus
1343 4937 1478 4995 namque
1495 4919 1644 4990 inimicos,
1661 4923 1754 4994 atque
1768 4919 1808 4988 de
1827 4919 1871 4978 eis
1896 4933 1934 4974 se·

223 5019 332 5090 iugum
346 5033 415 5074 curn
431 5015 514 5074 omni
524 5029 581 5072 sua
596 5013 686 5087 stirpe
699 5029 763 5070 sese
778 5013 953 5085 incurvavit,
966 5019 1000 5071 ut
1008 5030 1056 5080 ve·
1110 5014 1176 5083 euri
1190 5027 1252 5073 non
1266 5027 1380 5080 sumus.
1397 5015 1522 5070 Novaro
1543 5009 1701 5084 suspiciosi
1714 5009 1886 5076 videamur,
1895 5005 1932 5064 sic

226 5107 331 5174 rariter
344 5106 459 5169 dictum
469 5105 507 5167 sit
518 5101 601 5178 qnod
615 5103 738 5164 tentatur
750 5103 862 5162 esraite
872 5103 1000 5162 leminis
1009 5117 1057 5162 ru·
1109 5099 1704 5176 eisirequenterloquimurquasianiicis.
1713 5097 1932 5162 Etrareusdum

223 5215 277 5274 per
296 5203 409 5256 terram
425 5194 492 5268 (doh
511 5208 559 5261 vu,
585 5193 622 5264 l).
644 5191 755 5262 liivinie
769 5191 851 5250 enim
867 5191 1055 5265 iussionibus
1109 5192 1190 5256 cauti
1203 5207 1268 5260 esse
1286 5189 1419 5262 nitimur,
1435 5205 1513 5264 pura
1524 5188 1850 5263 verbaproxianoruer,
1862 5183 1932 5249 intvi-

226 5283 472 5354 subessenoleus,
481 5279 608 5350 suissuis
614 5295 645 5348 se
655 5279 1053 5354 necessitatibusprostravit:
1108 5285 1235 5356 tumque
1248 5295 1306 5340 nas
1318 5277 1446 5348 iortnsse
1457 5276 1660 5349 diligentium,
1668 5276 1756 5352 quasi
1766 5275 1861 5340 raba
1875 5273 1931 5349 ple

225 5391 318 5450 quem
329 5375 369 5434 ita
379 5372 561 5432 exaltaverat
574 5369 667 5430 libera
682 5370 818 5438 servitus,
834 5373 868 5438 ut
881 5369 906 5428 si
918 5369 972 5439 uni
982 5368 1053 5428 snb
1108 5386 1238 5445 iuraque
1251 5368 1435 5442 suscipimus
1446 5366 1561 5436 inimici
1574 5383 1581 5423 :
1596 5371 1626 5432 ei
1638 5367 1691 5442 qui
1703 5365 1765 5428 falli
1778 5377 1931 5440 numnam

223 5465 319 5537 iectus
334 5468 421 5536 esset,
430 5465 538 5525 cuncta
552 5459 732 5518 sibisnbditr
744 5458 919 5533 possideret.
930 5459 1054 5518 Sedcer-
1108 5460 1183 5521 velle
1197 5458 1299 5524 iallere
1313 5457 1464 5527 volumus,
1476 5473 1511 5517 ex
1520 5455 1639 5521 cauete
1645 5460 1748 5522 nosue
1763 5455 1930 5526 grauiores
2043 5455 2044 5464 ’

225 5553 323 5622 vicem
339 5552 437 5617 cordis
456 5551 599 5624 eugendo
620 5550 663 5610 sic
677 5565 748 5618 eum
766 5547 1005 5622 dejeciicaptive
1019 5549 1053 5618 ii-
1096 5565 1206 5614 minus.
1233 5545 1312 5615 umd
1336 5545 1437 5619 itaque
1460 5545 1518 5603 hoc
1548 5547 1602 5604 est.
1625 5545 1683 5602 nisi
1701 5545 1845 5614 hialim
1870 5542 1929 5606 riv
