4120 6154
21 149 22 164 .
121 180 166 234 tlt
528 176 674 235 tritulus
688 179 873 237 nouatum
886 179 914 234 S.
931 179 1034 236 GREG.
1050 177 1083 236 lu
1099 177 1302 235 tou.-t1u.
1318 173 1403 231 XVii.
1514 140 1518 152 .
1767 169 1820 225 tii

118 305 154 358 to
168 299 193 356 si
207 313 280 372 ergo
297 302 399 373 aperte
413 299 493 358 dicat
507 319 514 356 ε
527 303 602 358 ilum
614 317 684 359 eum
701 302 808 375 juvare
834 301 935 360 niteris
956 307 980 360 A
1030 305 1114 358 Vnus.
1131 305 1157 359 t.
1171 302 1279 358 Nudus
1294 301 1322 357 el
1336 298 1476 369 insumus
1491 311 1591 354 coram
1607 295 1672 362 illo,
1700 298 1728 350 el
1750 292 1820 349 nul-

118 388 171 446 sub
180 389 265 460 cujns
276 389 484 459 magnitudine
495 389 774 460 succumbis,omnc
788 391 872 465 quod
884 391 938 448 im-
995 391 1057 447 lum
1072 392 1285 461 operimentum
1299 393 1341 445 esl
1365 386 1537 457 perditioni.
1560 415 1596 426 —
1611 381 1697 470 Quod
1710 379 1820 438 Paulus

117 477 218 552 pendis
232 477 380 548 solatium,
392 477 430 534 de
443 479 639 537 ostentah'one
654 485 707 550 est,
721 497 784 538 non
809 482 846 539 de
874 468 937 555 pie·
993 495 1115 554 quoque
1129 481 1190 537 ait:
1208 499 1221 529 ι
1238 476 1346 537 Omnia
1360 475 1441 534 enim
1457 474 1541 531 nuda
1563 478 1592 530 et
1619 475 1724 546 aperta
1750 472 1821 526 sunt

116 570 182 624 tate.
199 561 255 624 Sed
267 565 343 622 inter
352 566 416 622 hac
431 567 587 625 sciendum
603 573 658 638 est,
675 571 748 644 quia
759 570 938 644 pierumque
994 569 1089 626 acuis
1102 570 1167 642 ojus
1181 569 1283 642 (iletr.
1301 563 1550 638 m‚ts).»1nterni
1577 577 1649 620 vcro
1671 565 1699 618 et
1720 558 1819 634 pordi-

116 653 201 710 eu'am
214 656 318 724 ileum,
332 654 534 728 quividsiicet
547 657 704 715 imbecillis
729 675 791 716 non
819 664 863 716 est
885 660 940 716 hu·
994 658 1083 716 tionis
1111 659 1234 716 nomine
1260 656 1416 715 diabolum
1438 657 1467 711 et
1492 667 1598 710 omnes
1617 648 1821 709 damnationis

117 741 216 799 militer
230 746 352 812 agentes
368 743 563 816 adjuvamus.
578 747 661 804 Unde
684 753 713 804 et
737 764 791 822 per
813 749 939 806 Paulum
993 746 1060 819 ejus
1070 747 1168 805 socios
1183 747 1331 818 designat.
1345 743 1503 818 Sequitur:

115 831 214 888 dicitur
228 848 235 888 :
254 855 268 882 ι
283 833 442 904 Adjntores
455 834 535 892 enim
548 836 597 894 itei
610 853 715 894 sumus
725 840 756 910 (i
767 839 937 910 uon-ruet»

116 924 183 978 Nam
195 937 267 978 oum
279 922 305 978 ei
319 922 421 996 (quem
435 923 499 997 ipso
514 941 569 998 per
580 925 728 984 internam
744 928 871 998 gratiam
897 928 940 986 in·

114 1001 283 1081 iundttncs
296 1011 511 1070 exhortationis
533 1030 608 1072 voee
632 1017 851 1088 concurrimus,
881 1019 939 1076 hoc

114 1091 464 1173 quoditieper‘spiritum
477 1102 541 1173 agit
564 1103 753 1166 intrinsecus.
776 1121 833 1162 nos
860 1109 939 1164 exte-

112 1187 168 1242 rius
179 1187 346 1246 ministerio
361 1188 443 1246 vocis
457 1188 649 1262 adjuvamus.
663 1191 801 1267 Sequitur
817 1211 824 1250 :

143 1273 222 1332 Vens.
251 1280 276 1334 3.
305 1277 362 1334 Cur
390 1279 499 1338 dedisti
524 1282 708 1339 consilium?
725 1283 857 1352 forsitan
881 1283 930 1338 illi

111 1364 227 1435 quinon
247 1365 333 1424 tutet
359 1359 548 1438 sapientium.
571 1383 606 1411 ·-
619 1367 696 1426 itare
721 1370 812 1427 stulto
839 1360 936 1428 consi·

110 1443 191 1524 hum,
205 1453 360 1514 charitatis
370 1461 415 1513 est
431 1475 438 1525 ;
453 1457 526 1514 dure
546 1457 683 1532 sapienti,
705 1459 912 1516 ostentationis
928 1478 935 1529 ;

1029 839 1112 893 Vsus.
1128 843 1155 892 7.
1169 837 1226 906 Qui
1235 835 1369 894 enleudil
1384 833 1553 906 aquilonem
1565 843 1656 900 super
1680 842 1818 885 uacuum.

992 956 1029 967 —
1042 925 1197 999 Aquilonis
1211 925 1334 982 nomine
1357 923 1388 980 in
1416 937 1501 979 sacro
1527 918 1647 992 eloquio
1674 913 1820 990 appellari

993 1013 1133 1072 diabolus
1150 1013 1233 1084 solet,
1250 1014 1313 1088 qui,
1341 1017 1373 1070 ut
1395 1010 1523 1085 torporis
1551 1008 1660 1080 frigore
1684 1003 1818 1077 genuum

993 1104 1086 1160 corda
1099 1102 1410 1175 constringerentur
1425 1118 1458 1156 z«
1470 1099 1586 1156 Sedabo
1601 1097 1633 1154 in
1645 1097 1745 1152 mente
1758 1096 1818 1151 tes·

991 1193 1127 1262 lamenti,
1142 1193 1173 1249 in
1185 1191 1327 1250 latoribus
1339 1189 1489 1264 aquilonis
1505 1189 1576 1260 (isa.
1593 1203 1650 1254 nv,
1668 1185 1722 1252 ii).
1736 1207 1750 1234 u
1764 1182 1819 1250 Qui

992 1297 1225 1354 supervacuum
1240 1279 1417 1348 extenditur,
1433 1277 1486 1354 qui
1501 1277 1550 1334 illa
1565 1273 1656 1332 corda
1676 1271 1817 1347 possidet,

990 1387 1060 1444 quae
1072 1370 1165 1428 divini
1180 1370 1292 1428 amoris
1307 1369 1402 1442 gratia
1416 1383 1478 1425 non
1492 1367 1654 1440 replentur.
1667 1361 1818 1435 Sequitur:

990 1460 1030 1516 iit
1042 1459 1186 1530 appendit
1200 1464 1312 1516 terrum
1326 1473 1417 1528 super
1429 1457 1571 1514 nihilum.
1588 1487 1623 1496 —
1638 1451 1715 1519 uuio
1739 1449 1819 1507 enim

110 1535 177 1598 dare
191 1557 264 1598 vero
277 1542 335 1618 ipsi
357 1545 519 1618 sapientior,
546 1547 755 1620 perversitatis.
773 1545 935 1619 Sequitur3
991 1552 1075 1605 terra
1089 1548 1223 1620 nomine,
1249 1547 1308 1604 nisi
1332 1551 1438 1604 sancta
1467 1543 1598 1602 Ecclesia
1622 1539 1820 1610 designatur?

109 1627 146 1684 tu
155 1631 349 1699 prudentiam
365 1640 448 1692 tuum
464 1636 625 1692 ostendisti
628 1637 807 1706 plurimam.
820 1667 854 1676 -
869 1636 937 1693 Οιιι-
953 1655 976 1710 Β
990 1639 1060 1704 Quae
1074 1637 1147 1694 dum
1160 1636 1383 1711 predicationis
1408 1636 1500 1693 verba
1528 1631 1662 1705 suscipit,
1689 1629 1819 1686 fructum

108 1715 153 1774 uis
163 1720 209 1776 oui
225 1722 385 1794 prudentia
398 1728 479 1780 recta
491 1728 545 1790 est,
561 1724 691 1797 plurima
706 1741 769 1781 non
785 1729 840 1795 est,
864 1725 951 1798 quir
988 1727 1062 1784 boni
1077 1726 1175 1801 operis
1190 1726 1298 1784 reddit.
1313 1727 1430 1800 Deque
1452 1740 1506 1798 per
1534 1721 1659 1794 Moysen
1685 1717 1794 1774 dicitur
1810 1734 1816 1772 τ

104 1807 190 1879 juxta
218 1811 300 1868 Pauli
319 1827 435 1881 vocem,
459 1835 472 1862 ιι
494 1828 556 1870 non
583 1812 652 1887 pius
680 1813 793 1888 appetit
813 1829 929 1888 sapere,
990 1839 1003 1866 ι
1019 1816 1127 1874 Audiat
1140 1820 1218 1874 terra
1231 1815 1515 1887 exoremeollleul.
1530 1817 1622 1880 ιιιιι,
1638 1803 1819 1882 i).»thuid

105 1904 196 1970 quam
212 1903 330 1972 oportet
344 1913 449 1972 sapere
462 1899 558 1970 (Rom.
567 1919 615 1974 ιιι,
630 1903 687 1973 ul.»
717 1902 769 1958 cui
783 1917 855 1958 vero
867 1903 933 1976 piu·
989 1920 1043 1979 ρει
1056 1907 1198 1976 nihilum,
1208 1905 1265 1960 nisi
1280 1903 1403 1977 gentiles
1413 1902 1610 1974 designantur
1623 1901 1637 1956 ‘l
1652 1900 1692 1955 ile
1706 1893 1818 1970 quibus

103 1987 190 2055 rima,
207 2003 270 2044 non
283 1992 429 2058 ostreola,
443 1989 515 2062 quia
527 1990 601 2046 dum
615 1991 693 2048 ultra
706 1991 833 2048 modum
845 1991 937 2048 tendi-

103 2079 161 2144 tur,
176 2075 457 2149 inqnolibelIatcre
482 2078 577 2152 culpae
606 2077 782 2137 declinatur.
808 2080 937 2137 Pruden-

102 2162 175 2218 tiam
188 2179 262 2220 vero
278 2180 365 2222 suam
379 2165 542 2240 plurimam
557 2165 722 2223 ostendunt
734 2166 786 2240 qui
807 2166 937 2238 pruden-

102 2242 191 2308 tiores
205 2249 300 2310 videri
322 2263 384 2327 pire
401 2253 467 2311 aliis
478 2259 633 2328 appetunt.
653 2255 813 2333 Sequitur:

990 2082 1084 2138 hilum
1100 2087 1129 2139 et
1155 2082 1245 2138 inane
1272 2085 1417 2155 reputatis
1441 2078 1559 2136 suntsi
1583 2079 1652 2150 (Iro.
1668 2091 1715 2142 ιι,
1734 2073 1817 2144 tu.»
1863 2159 1868 2164 Ι

991 2171 1068 2242 Ergo
1083 2170 1114 2226 in
1124 2169 1252 2226 nihilum
1267 2173 1344 2226 terra
1359 2167 1563 2241 suspenditur,
1578 2163 1661 2238 quod
1676 2161 1758 2236 prius
1770 2176 1819 2217 va·

990 2274 1081 2314 cuum
1097 2257 1137 2315 ab
1152 2257 1293 2332 aquilone
1308 2256 1474 2320 tenebatur,
1490 2254 1562 2327 quia
1576 2251 1627 2309 iiia
1641 2250 1733 2308 corda
1748 2265 1819 2320 gen-

138 2343 222 2398 VERS·
242 2345 269 2398 ⁴·
285 2342 374 2410 Quem
390 2343 497 2400 docere
508 2345 628 2400 volutati
642 2347 656 2399 t
670 2355 770 2400 nonne
791 2357 857 2401 eum
883 2346 936 2416 qui
989 2347 1085 2404 tilium
1095 2347 1209 2422 repleta
1223 2351 1293 2404 sunt
1307 2347 1449 2403 charitate
1463 2343 1524 2415 Dei,
1539 2357 1608 2417 quaa
1622 2354 1726 2415 pressa
1736 2337 1819 2411 prins

105 2431 176 2500 serit
191 2431 408 2500 spiramentum
424 2435 482 2488 l-
497 2435 550 2489 Per
563 2432 782 2506 spiramentum
795 2432 934 2503 vivimus,
986 2437 1106 2496 inerant
1127 2442 1228 2512 tepore
1252 2435 1374 2495 diaboli.
1402 2435 1512 2492 Aliter:
1541 2433 1617 2500 Ostia
1640 2429 1817 2486 ludaeorum

104 2533 155 2591 per
179 2519 374 2592 prudentiam
402 2521 551 2595 sapientes
576 2538 692 2580 sumus.
722 2521 806 2578 Prius
832 2526 934 2580 autem
988 2527 1182 2584 eordaaiide
1196 2543 1293 2586 vacua
1307 2525 1429 2584 diabolo
1444 2521 1658 2590 suntsubdita,
1686 2515 1818 2576 extendit

105 2611 238 2663 nmirum
251 2613 297 2665 θεῖ
309 2609 418 2683 iiim,
432 2610 628 2684 P⁰⁸iffl⁰d1¹ffl
656 2625 771 2685 sapere,
800 2611 873 2684 quia
899 2615 932 2668 ut
986 2617 1203 2690 aquilononem
1218 2632 1308 2690 super
1320 2631 1462 2673 vacuum.
1473 2611 1548 2681 Orda
1559 2626 1631 2670 vero
1643 2607 1733 2666 nullis
1743 2605 1817 2664 exis-

105 2695 330 2768 sapientesesse
352 2699 515 2773 possimus,
529 2700 614 2774 prius
641 2701 739 2772 agitur
765 2703 799 2756 ut
825 2700 930 2756 simus.
988 2706 1258 2774 manummerias,
1288 2707 1367 2762 siout
1392 2704 1506 2762 dietum
1532 2707 1586 2771 ost,
1612 2713 1696 2774 «pro
1723 2693 1817 2754 nihilo

102 2785 153 2852 Qui
168 2802 243 2858 ergo
253 2787 347 2844 vitam
362 2785 455 2860 dedit,
468 2787 532 2863 ipse
544 2787 753 2864 proculdubio
764 2794 793 2846 et
804 2790 933 2862 pruden·
987 2792 1087 2850 salvos
1107 2793 1198 2850 iacies
1226 2793 1293 2850 iilos
1319 2794 1414 2860 (Psal.
1428 2807 1485 2860 ιιιι,
1501 2793 1539 2863 u),
1556 2812 1571 2840 »
1598 2803 1688 2861 super
1713 2788 1817 2857 gentes

98 2875 164 2932 iiam
180 2875 323 2934 contudi.
337 2877 464 2935 Baldath
478 2882 590 2946 autem,
604 2877 655 2952 qni
670 2875 794 2935 beatum
807 2877 864 2935 lob
876 2893 932 2951 pro
987 2881 1132 2938 Dominus
1143 2881 1281 2938 ttmdavil
1295 2879 1468 2941 Ecclesiam.
1482 2893 1551 2952 quse
1565 2892 1619 2950 per
1637 2873 1816 2949 prophetam

98 2965 183 3038 culpa
192 2964 386 3037 flagellatum
396 2965 531 3036 credidit,
547 2967 698 3025 occuitum
711 2967 761 3024 liei
771 2965 931 3039 judicium,
952 3007 972 3063 C
987 2969 1118 3026 nihilum
1135 2973 1332 3026 suntvocatae
1348 2973 1417 3041 apte
1432 2969 1552 3024 secutus
1567 2962 1706 3036 adiunxit
1721 2979 1728 3017 :
1755 2961 1817 3030 Ap·

101 3055 180 3127 quod
193 3056 335 3114 venerari
348 3055 501 3114 humiliter
510 3057 624 3126 debuit,
637 3057 769 3130 superba
779 3057 863 3114 nisus
887 3063 931 3115 est
983 3059 1091 3128 pendit
1107 3065 1220 3116 terram
1235 3073 1326 3128 super
1340 3056 1480 3113 nibilum.
1498 3052 1637 3126 Sequitur
1652 3067 1658 3106 :

990 2009 1044 2067 Pel
1058 1995 1239 2068 prophetam
1254 1993 1362 2050 dicitur
1378 2012 1384 2050 :
1402 2013 1416 2045 ι
1428 1994 1540 2050 Omnes
1550 1992 1653 2060 gentes
1667 1985 1749 2044 velut
1775 1983 1819 2039 ni·
1909 2012 1913 2024 »

104 3147 267 3205 temeritate
282 3151 450 3221 penetrare.
467 3147 525 3221 ipsi
538 3163 610 3219 ergo
625 3163 656 3204 se
671 3163 725 3222 per
737 3147 929 3222 prudentiam

100 3235 238 3309 praemit,
258 3234 346 3308 cujus
358 3230 508 3308 judicium
517 3251 580 3294 non
598 3235 791 3308 intelligendo
815 3236 932 3309 judica·

99 3323 146 3381 vit.
164 3326 330 3401 Seqmtur:

132 3415 216 3473 Vsus.
231 3415 347 3473 silere
360 3415 497 3489 rigantes
512 3423 635 3488 oemtmt
649 3415 703 3473 sut
718 3417 813 3488 aquis.
832 3449 864 3456 -
883 3416 928 3472 iti·

99 3517 189 3572 gnum
204 3503 322 3578 quippe
338 3509 450 3579 erat,ut
462 3520 517 3579 per
530 3505 767 3580 increpationem
782 3506 865 3579 prius
879 3511 924 3562 tu-

1021 3149 1109 3205 Vens.
1125 3151 1153 3204 8.
1171 3149 1228 3216 (lui
1251 3148 1327 3218 ligat
1352 3159 1446 3216 aquas
1470 3144 1502 3199 in
1529 3139 1667 3207 nuliius,
1694 3141 1728 3192 ul
1755 3151 1817 3192 non

985 3243 1146 3308 emmeant
1176 3239 1296 3308 pariter
1320 3235 1468 3294 morsum.
1497 3229 1630 3297 -Quid
1668 3227 1725 3284 boc
1749 3225 1817 3282 ioco

984 3343 1107 3400 aquam,
1121 3327 1178 3384 nisi
1194 3326 1347 3384 scientiam
1363 3323 1463 3398 tquid
1476 3321 1583 3391 nubes,
1597 3318 1654 3377 nisi
1668 3315 1815 3394 praedica·

984 3420 1061 3472 tores
1076 3414 1208 3489 appellat
1222 3416 1236 3470 t
1252 3415 1326 3471 ilinc
1354 3413 1499 3486 scriptum
1518 3414 1584 3468 est:
1608 3431 1622 3458 u
1638 3411 1725 3480 Aqua
1747 3420 1815 3479 pro-

982 3504 1077 3563 iunda
1091 3505 1181 3563 verba
1193 3522 1231 3562 ex
1245 3521 1297 3562 ore
1312 3504 1377 3572 viri,
1387 3507 1415 3560 et
1429 3506 1544 3560 torrens
1559 3497 1734 3556 redundans
1747 3495 1815 3552 tons

983 3595 1138 3670 sapientiae
1154 3595 1254 3666 (Pron.
1271 3610 1350 3662 xvru,
1364 3595 1403 3666 i).
1417 3615 1431 3644 u
1450 3591 1520 3648 iiiuc
1533 3588 1627 3646 isaias
1642 3587 1701 3644 ait:
1726 3607 1740 3635 «
1758 3583 1814 3651 Qui

983 3689 1053 3741 sunt
1069 3683 1128 3754 isti,
1140 3685 1192 3756 qui
1207 3687 1240 3741 ut
1253 3683 1350 3740 nubes
1374 3681 1477 3738 volant
1491 3680 1505 3736 l
1520 3703 1535 3730 »
1562 3679 1631 3749 (isa.
1649 3692 1695 3746 ιι,
1710 3677 1749 3742 8.)
1779 3675 1815 3730 iit

98 3607 213 3650 morem
228 3593 386 3667 sapientiae
400 3599 525 3652 terrente
540 3596 721 3665 retunderet,
733 3600 761 3653 et
775 3613 829 3670 ρει
854 3595 924 3652 doc-

97 3681 205 3741 trinam
218 3685 419 3758 postmodum
434 3689 463 3742 et
477 3685 566 3759 piena
581 3685 733 3760 mysteriis
747 3686 924 3742 verbali-un·
1767 3763 1773 3774 Ι

97 3771 173 3830 siret.
190 3775 334 3845 Gigantes
348 3779 449 3832 autem
463 3775 513 3830 vei
540 3779 692 3848 apostatas
716 3773 850 3845 angelos.
876 3773 924 3830 vel
984 3790 1053 3830 vero
1066 3773 1219 3830 auditores
1245 3771 1335 3828 rudes
1363 3787 1424 3826 non
1451 3768 1647 3825 inundatione
1672 3763 1812 3835 scientiae,

95 3862 247 3936 superbos
261 3878 399 3938 quosque
411 3863 550 3919 homines
565 3863 639 3920 nihii
663 3863 763 3920 obstat
792 3863 926 3933 intelligi.
983 3861 1035 3918 sed
1048 3860 1204 3917 moderata
1226 3857 1448 3932 predicationis
1476 3853 1666 3911 distillatione
1693 3850 1815 3908 lovean·

95 3949 168 4008 Hinc
183 3951 270 4008 enim
283 3966 338 4022 per
354 3951 534 4024 prophetam
549 3951 679 4008 dicitur:
698 3974 711 4000 ι(
737 3951 840 4007 iiortui
866 3967 928 4007 non
983 3954 1041 4020 tur,
1056 3951 1131 4020 ligat
1145 3950 1327 4018 Drusoquas
1356 3947 1387 4002 in
1411 3944 1549 4010 nubilus,
1573 3942 1696 3997 ul‘non
1712 3955 1813 4036 mum-

93 4039 206 4110 vivent,
223 4038 361 4110 gigantes
373 4053 436 4095 non
462 4044 618 4110 resurgent
646 4041 715 4110 (isa.
731 4053 815 4104 ιιιι,
842 4043 895 4107 ti).
913 4062 927 4089 o
979 4041 1058 4107 paul
1070 4036 1190 4106 pariter
1204 4035 1353 4095 deorsum,
1371 4032 1441 4104 quia
1455 4031 1613 4086 doctorum
1626 4025 1813 4124 praedicatio-

94 4126 168 4184 liinc
181 4143 309 4184 rursum
325 4127 473 4201 scriptum
492 4133 538 4185 est
554 4146 560 4185 :
577 4150 591 4178 ι
606 4127 654 4184 Vir
667 4127 719 4200 qui
744 4127 885 4182 erraverit
910 4143 928 4183 a
982 4141 1053 4182 nem
1069 4127 1224 4196 temperat,
1239 4127 1271 4179 ut
1286 4120 1458 4179 auditorum
1481 4117 1639 4174 infirmitas
1659 4113 1813 4215 ⁸dictorum

93 4217 311 4289 viadoctrinoe,
344 4220 375 4276 in
405 4225 484 4277 coetu
511 4220 668 4292 gigantum
692 4217 929 4276 commorabitur
983 4212 1173 4272 rore-nutrita
1188 4211 1388 4269 convalescat.
1405 4209 1476 4266 ilino
1501 4207 1609 4264 Paulus
1637 4207 1679 4262 att
1696 4221 1702 4260 :
1720 4205 1813 4301 «Non

94 4307 195 4376 (From
213 4327 272 4382 ιιι,
291 4313 344 4379 tu).
359 4332 373 4361 u
389 4315 430 4366 Ao
441 4311 464 4366 si
480 4323 551 4380 ergo
566 4308 695 4366 diceret:
713 4311 770 4365 Cur
782 4307 819 4364 de
835 4308 927 4364 scien·
982 4303 1067 4379 potui
1090 4301 1175 4359 vobis
1202 4300 1285 4374 loqui
1308 4299 1396 4374 quasi
1418 4295 1631 4372 spiritualibus,
1654 4292 1709 4393 ¹sed
1726 4306 1813 4366 quast

85 4385 131 4455 'tia
145 4398 244 4456 homo
260 4399 424 4472 superbiat,
444 4415 514 4456 oum
533 4397 713 4469 ‘ignorantiae
738 4395 867 4469 abyssus
896 4403 925 4454 et
984 4390 1167 4462 carnalibus,
1178 4395 1207 4446 et
1222 4393 1328 4445 coetera
1343 4389 1373 4458 (l
1387 4388 1455 4444 Cor.
1469 4401 1512 4456 ιιι,
1523 4386 1584 4484 Ι1).»
1595 4385 1706 4483 Pariter
1727 4396 1813 4481 nam-

93 4487 172 4560 ipsos
183 4488 421 4563 superbissimos
437 4487 614 4560 angelorum
630 4486 752 4560 spiritns
782 4492 898 4559 premat
911 4487 924 4544 ‘l
982 4497 1041 4555 que
1055 4495 1141 4554 aque
1151 4481 1352 4551 erumperent,
1367 4475 1393 4533 si
1403 4489 1507 4532 coram
1520 4471 1648 4572 miirmrs
1672 4469 1813 4528 auditori·

95 4574 122 4631 Si
133 4581 237 4634 autem
255 4577 412 4648 gigantum
430 4575 553 4634 nomine
568 4579 705 4649 potentes
719 4574 810 4646 huJus
825 4575 925 4630 saculi
981 4570 1051 4635 hus,
1066 4573 1179 4643 quanta
1195 4572 1239 4624 est
1254 4567 1379 4623 scientia
1397 4581 1434 4621 ex
1452 4561 1677 4660 oreloquentrs¹
1689 4572 1812 4656 emana-

93 4663 302 4736 dfflfftissasslssl,
333 4666 363 4721 in
392 4665 479 4740 aquis
502 4665 630 4739 possunt
658 4661 763 4736 populi
804 4661 924 4734 signari,
981 4665 1035 4731 ret,
1049 4659 1073 4716 si
1086 4657 1175 4716 simui
1191 4673 1222 4714 se
1233 4655 1331 4714 omnis
1356 4651 1512 4727 plenitudo
1526 4648 1747 4750 predicationis
1773 4643 1822 4700 ei-.

92 4753 205 4812 loanne
216 4759 388 4828 attestante,
404 4756 456 4830 qui
472 4755 512 4812 ait
527 4773 533 4811 :
564 4777 577 4806 u
606 4757 700 4826 Aquis
729 4756 799 4808 sunl
822 4751 927 4825 popuii
981 4747 1128 4816 tunderet,
1143 4749 1172 4803 et
1185 4745 1260 4802 nihii
1275 4742 1331 4799 sibi
1344 4742 1423 4798 inea
1437 4737 1663 4814 proficientibus
1677 4748 1811 4790 reserva-

94 4841 194 4912 (Apoe.
209 4859 280 4911 xvn,
298 4842 350 4914 lli).
368 4866 382 4894 ι
399 4846 475 4900 Bene
496 4847 597 4900 summ
625 4843 729 4898 contra
751 4838 925 4912 superbien·
980 4843 1034 4894 ret.
1050 4835 1206 4909 Sequitur:
1582 4915 1588 4926 1
1793 4914 1798 4925 ⁸

93 4931 149 4986 tem
163 4931 297 4988 dicitur:
313 4932 390 4989 Ecce
400 4933 537 5004 ouantes
547 4935 670 5003 gemunt
680 4927 734 4984 sul
745 4929 840 5000 aquis.
851 4927 926 4994 Quia
1018 4925 1106 4981 Vsus.
1123 4927 1149 4978 9.
1167 4921 1224 4990 Qui
1238 4925 1315 4977 tenet
1326 4919 1443 4975 nullum
1458 4916 1527 4974 solil
1539 4931 1595 4983 sm,
1614 4918 1641 4970 et
1665 4913 1811 5012 ennuntiat

94 5017 159 5076 elati
174 5036 288 5078 omnes
305 5020 379 5077 dum
394 5020 425 5077 in
437 5021 495 5078 hac
504 5020 567 5078 vita
574 5017 695 5093 assequi
704 5016 855 5074 honorum
868 5015 926 5073 cci·
981 5029 1071 5085 super
1083 5011 1163 5069 illud
1174 5011 1314 5067 uetulum
1328 5023 1424 5064 suam
1440 5037 1475 5047 -
1487 5004 1520 5062 in
1530 5003 1614 5062 vultu
1629 5002 1811 5100 soletcognr·

95 5107 262 5167 situdinem
272 5109 407 5183 cupiunt,
418 5110 476 5168 snb
488 5108 674 5185 ponderibus
684 5105 867 5181 populorum
879 5121 927 5178 ge·
981 5104 1022 5162 tio
1031 5099 1241 5160 demonstrari.
1254 5096 1323 5156 Solii
1334 5095 1480 5168 ergocius
1494 5093 1810 5161 vuitustenetur,qn1a

93 5205 188 5255 munt.
207 5201 286 5256 itam
297 5203 446 5273 quantum
459 5200 528 5274 quis
537 5199 586 5258 hio
600 5197 688 5257 nitius
698 5195 829 5266 erigitur,
843 5199 927 5252 tanto
981 5209 1000 5251 a
1013 5191 1102 5249 nobis
1113 5190 1144 5246 in
1151 5189 1208 5246 bac
1222 5187 1284 5244 vita
1296 5182 1391 5258 gloria
1405 5183 1490 5256 regni
1497 5183 1562 5256 ejus
1572 5197 1633 5238 non
1641 5180 1755 5252 quanta
1766 5187 1810 5227 ιιι-

93 5287 171 5342 curis
187 5287 378 5358 gravioribus
393 5293 560 5358 oneratur,¹
574 5287 678 5361 eisque
704 5283 778 5358 ipsis
807 5281 927 5356 populis
981 5282 1126 5339 trinsecus
1139 5277 1278 5344 habetur,
1292 5273 1466 5346 agnoscitur
1481 5290 1490 5370 q
1509 5285 1600 5343 super
1622 5263 1710 5364 ¹quod
1731 5262 1809 5360 recte

93 5381 191 5432 monte
206 5376 240 5432 in
248 5376 428 5448 cogitatione
441 5376 629 5448 supponitur,
641 5375 753 5448 quibus
780 5387 926 5444 superpo·
981 5369 1113 5444 expandi
1125 5365 1236 5424 nebula
1251 5363 1368 5431 dicitur,
1381 5361 1453 5435 qnia
1468 5363 1544 5414 sicut
1553 5359 1606 5418 est,
1621 5351 1670 5406 illa
1681 5347 1808 5405 coelesns

93 5464 171 5521 nitur
182 5465 341 5538 dignitate.
357 5465 497 5538 Sequitur
512 5481 519 5520 :
533 5466 572 5521 iil
587 5466 785 5537 quitelilcnl
799 5477 865 5518 cum
876 5462 925 5517 eis.
979 5459 1064 5532 regni
1078 5457 1174 5529 gloria
1188 5471 1250 5512 non
1261 5453 1388 5510 videtur.
1403 5453 1489 5517 Nam,
1505 5467 1519 5494 «
1532 5439 1809 5540 corpuslquodcor-

92 5583 125 5594 -—
140 5559 181 5622 iic
198 5553 224 5610 si
245 5553 326 5612 dicat
341 5572 348 5610 ε
365 5551 477 5610 Pariter
491 5557 625 5624 gemunt,
639 5554 690 5626 qui
707 5551 926 5623 gloriosorum
980 5547 1131 5619 rumpitur
1145 5545 1292 5617 aggravat
1307 5540 1453 5600 animam,
1470 5535 1498 5588 et
1525 5529 1667 5603 deprimit
1693 5535 1809 5586 terrena
1826 5575 1829 5586 ,

93 5655 126 5696 ex
142 5630 348 5701 delectatione
362 5641 524 5700 sociantur.
542 5640 703 5714 Sequitur:
982 5633 1160 5693 inhabitatio
1202 5643 1324 5687 sensum
1348 5619 1444 5680 multa
1457 5617 1639 5690 cogitantem
1666 5616 1749 5688 (Sap.
1766 5627 1805 5678 ιι,
