4106 6148
124 71 178 128 Μ
357 73 359 78 ’
744 66 924 126 8918!OEAE
935 63 990 123 ΕΤ
1009 66 1216 128 mtlfflott.
1780 75 1835 137 111

126 190 290 252 niumm
305 189 343 248 ln
366 191 519 252 ncnctsm
531 194 564 250 tn
589 194 753 264 integrm,
782 195 812 250 et
827 191 994 266 plebemt
1046 195 1251 264 agonomeus
1263 193 1502 254 domniflsnnoi
1522 194 1604 267 aegis
1621 194 1762 258 notan!
1774 211 1836 262 ens

128 281 222 340 sanni
233 279 345 340 Donati
358 281 389 337 in
404 281 550 347 Pedrulio‚
577 283 698 354 haheat,
727 286 834 350 teneat,
859 279 955 355 possi·
1009 282 1150 340 tenticum
1157 284 1254 356 hujus
1263 283 1394 357 exempli
1406 283 1466 344 vidi
1477 288 1508 344 et
1518 283 1588 357 legi,
1602 283 1688 358 ncne·
1700 285 1750 348 hic
1761 301 1835 355 nou·

126 372 196 428 deat
210 370 413 444 suprascripta
428 372 558 428 Ecclesia
581 372 734 430 Adriensis
747 372 778 428 in
792 372 954 441 integrum.
1009 371 1116 428 linatur
1125 373 1211 444 (246).

127 462 258 535 ideoque
266 477 325 536 per
338 461 493 535 manentis
504 463 598 520 nostri
625 462 771 536 privilegii
796 460 954 519 auctorita·
1397 465 1445 521 ill.

127 553 187 604 tem
199 545 416 606 confirmamus
440 545 471 602 in
496 547 639 620 predicta
662 547 791 604 Ecclesia
812 545 955 604 hdriense
1008 565 1103 607 ιιιιιιιιιι
1117 567 1228 608 elren
1241 565 1421 610 reinmarus
1429 565 1837 625 momnsspmmusmv·

126 635 431 709 massadappacians
455 643 485 693 et
498 637 691 708 lendenaria,
719 651 865 694 unacum
880 634 956 694 silva
1261 655 1332 697 sano
1363 655 1389 696 s.
1423 654 1582 696 svnvrsrm.

127 736 184 778 sua
199 736 293 793 usque
307 719 338 776 in
352 719 466 777 flumen
481 721 624 790 athicem,
642 739 695 779 seu
710 721 840 790 sulicini,
855 724 884 778 et
897 720 955 778 Tri
1306 729 1542 801 (Annum-iti).

125 808 219 879 hanc,
247 813 277 865 et
298 809 497 882 lardmagus,
525 827 580 876 seu
604 811 797 882 Anguillaria,
813 810 955 884 ettcepite
1149 817 1274 890 ineunt,
1289 817 1398 888 Papiri
1413 815 1633 887 dtpicmotrhts’,
1652 818 1694 889 n]

126 897 443 973 Argelle.0uapropter
453 905 556 958 nostra
566 901 733 974 apostolica
745 901 953 975 preceptione,
1044 909 1169 964 munius
1184 907 1355 980 episcopus,
1370 921 1476 975 servus
1491 921 1647 966 mosum
1668 905 1733 968 bct.
1746 908 1838 970 Tm·

127 988 188 1044 sive
204 1003 242 1044 en
253 991 455 1059 preceptione
469 991 655 1068 dilectissimi
663 992 723 1062 titii
736 993 834 1048 nostri
846 991 954 1062 qunis
1009 1011 1109 1054 nonno
1123 995 1263 1068 religioso
1272 993 1567 1054 cunctiscucnbuis
1578 995 1755 1056 mannii
1770 1010 1838 1060 un·

125 1078 405 1148 serenissirqtreqn,
416 1079 614 1152 praecipimus
624 1079 759 1152 ,utnulla
772 1094 870 1153 neque
881 1093 953 1154 pqr·
1001 1084 1046 1154 pti
1058 1084 1232 1162 sylvestri.,.
1243 1083 1393 1162 ,territorip
1405 1082 1575 1164 thicinensi,
1594 1098 1721 1164 ¹necnon
1742 1083 1838 1140 omni·

126 1165 370 1222 sonahominum
399 1165 606 1240 cujuscunque
622 1166 801 1224 conditionis
816 1165 861 1223 vel
885 1182 954 1236 gra·
1007 1173 1066 1230 bus
1081 1173 1317 1246 subjacentibus,
1332 1172 1406 1230 etin
1426 1175 1604 1247 perpetuo...
1678 1157 1713 1166 ““
1741 1157 1750 1164 ’

126 1253 185 1310 dus
201 1254 247 1322 sit,
264 1253 325 1310 sive
340 1253 493 1324 dignitatis
505 1256 553 1312 vel
568 1256 778 1328 religiositatis,
802 1255 954 1318 licentiam
974 1317 977 1322 .
1044 1264 1177 1336 cunque
1192 1262 1231 1319 ad
1243 1262 1368 1320 laudem
1384 1259 1591 1335 Redemptoris
1606 1259 1658 1316 Dei
1672 1262 1701 1316 et
1719 1259 1838 1318 Domini

126 1343 237 1400 habeat
249 1343 281 1399 in
293 1343 385 1400 rebus
398 1349 426 1401 et
438 1345 682 1417 possessionibus
697 1345 846 1418 predicte
860 1344 955 1402 Eccle·
1007 1349 1168 1406 Salvatorvs
1181 1350 1275 1406 nostri
1287 1351 1358 1406 lesu
1370 1347 1476 1408 Christi
1499 1347 1647 1422 pertinere
1659 1351 1836 1417 noscuntur,

127 1431 179 1486 siae
194 1429 310 1501 ingredi
325 1431 387 1488 'sina
398 1447 548 1488 consensu
563 1432 706 1506 episcopi,
718 1432 766 1488 vel
781 1432 833 1506 qui
848 1434 955 1506 penest
1008 1439 1037 1490 et
1057 1433 1097 1490 ad
1121 1432 1314 1510 stabilitatem
1340 1431 1558 1490 venerabilium
1579 1431 1716 1488 locorum
1742 1430 1837 1505 respi-

126 1518 183 1591 ipsi
198 1518 344 1590 Ecclesiae,
370 1535 470 1593 neque
499 1521 645 1592 minuere,
674 1535 773 1594 neque
796 1520 954 1576 dominare
974 1521 1181 1598 geinencum
1193 1536 1307 1592 magno
1322 1519 1527 1578 sollicitudinis
1537 1519 1636 1578 studio
1650 1535 1707 1578 nos
1728 1535 1837 1596 conve7

127 1608 188 1664 sive
204 1624 257 1681 per
273 1607 558 1680 hospitalitationem
586 1608 633 1665 vel
648 1626 701 1682 per
715 1609 954 1666 commendatic-
1007 1612 1052 1668 nit
1066 1609 1232 1683 apostolica
1249 1615 1279 1667 et
1305 1609 1475 1666 rationabili
1499 1625 1629 1666 censura
1653 1624 1835 1682 procurere;

126 1714 206 1766 nem,
223 1697 269 1760 vel
294 1697 427 1772 aliquam
457 1698 631 1756 violentiam
656 1699 754 1756 iacere
777 1703 952 1773 praesumat.
1007 1705 1157 1774 quatenus
1173 1699 1279 1756 exhoc
1289 1699 1378 1771 juges
1402 1698 1500 1756 eidem
1526 1697 1714 1772 propitiatori
1731 1701 1836 1756 nostro

128 1787 185 1845 Sed
199 1787 310 1861 potius,
326 1793 358 1844 ut
371 1788 486 1862 praeiati
503 1805 620 1859 sumus,
636 1789 760 1845 omnino
774 1789 804 1844 in
820 1793 954 1863 tempore
1002 1789 1135 1847 ltcmino
1150 1792 1209 1846 Deo
1225 1787 1376 1846 efficacius
1387 1787 1516 1862 persolvi
1530 1788 1648 1862 possint
1666 1787 1836 1845 carminum

126 1876 225 1934 salvas
237 1881 266 1933 et
279 1875 387 1934 illaesas
401 1877 561 1949 persistant
576 1893 636 1934 una
650 1894 719 1934 cum
735 1877 875 1935 omnibus
891 1882 953 1936 tum
1006 1878 1123 1947 laudes,
1139 1877 1280 1949 attrahis,
1294 1876 1347 1950 qui
1360 1876 1428 1934 licet
1443 1875 1601 1947 immeriti,
1617 1875 1721 1934 divina
1733 1879 1836 1934 umen

127 1965 240 2021 clericis
249 1981 344 2038 quam
354 1965 438 2037 laiqis
452 1971 479 2025 et
493 1965 741 2035 deservientibus,
758 1983 813 2024 seu
825 1967 954 2028 residen·
1008 1968 1104 2040 gratia
1117 1967 1326 2042 preveniente,
1354 1965 1537 2042 pastoralem
1560 1965 1715 2036 regiminis
1730 1981 1836 2024 curam

11 2085 12 2088 =
129 2053 206 2108 tibus
220 2053 357 2124 ejusdem
371 2053 520 2121 Rectene,
537 2059 565 2110 et
586 2071 692 2112 omncs
709 2071 812 2112 earum
827 2071 874 2112 res
888 2072 953 2113 mo·
1008 2060 1150 2132 gerimus,
1163 2059 1266 2131 opima
1279 2059 1310 2114 in
1329 2055 1451 2114 sidereis
1474 2055 1595 2114 arcibus
1619 2054 1835 2113 remuneratio·

11 2175 13 2210 :
127 2141 202 2198 biles
216 2147 244 2200 ct
258 2141 473 2215 immobiles,se
489 2159 581 2218 seque
593 2150 747 2202 moventes
762 2145 792 2201 in
803 2145 953 2216 integrum
1007 2149 1054 2207 nis
1067 2149 1193 2223 premia
1206 2146 1406 2205 ascribantur.
1433 2145 1525 2216 igitur
1546 2143 1619 2220 quia
1638 2148 1756 2203 constat
1766 2143 1835 2202 reli-

127 2237 204 2288 sterc
217 2233 315 2306 quiete
326 2238 354 2290 et
365 2233 488 2307 pacifice
510 2235 606 2291 vivere
630 2235 766 2292 omnium
795 2236 953 2316 hominum
1000 2239 1176 2318 ¹giositatem
1190 2241 1273 2294 tuam
1288 2233 1376 2292 nobis
1397 2233 1541 2292 detulisse
1559 2238 1744 2308 preceptum
1757 2249 1835 2308 pne·

125 2325 241 2377 remota
253 2321 466 2379 controversia.
496 2325 581 2391 Nam,
606 2323 689 2395 quod
704 2339 765 2380 noc
792 2323 953 2394 credimus,
1007 2326 1172 2384 decessoris
1186 2326 1278 2382 nostri
1289 2322 1408 2382 Domini
1426 2322 1558 2392 Adriani,
1573 2325 1603 2380 et
1613 2321 1737 2380 ioannis
1751 2337 1835 2379 reve·

125 2409 304 2483 venabulum
329 2410 409 2476 hunc
443 2411 537 2473 nostri
577 2411 723 2486 privilegii
747 2414 955 2475 auctoritatem
1005 2412 1274 2486 raudamsmorin
1287 2410 1464 2488 pontificum
1477 2410 1516 2473 de
1529 2410 1838 2490 mediolanenses·

126 2495 252 2555 viohtcr
263 2504 399 2573 repertus
419 2499 522 2569 tuerit,
543 2501 618 2558 sciat
630 2518 663 2557 se
677 2503 708 2558 in
720 2503 797 2560 iram
807 2503 954 2571 beaure—
1003 2501 1063 2572 rio,
1075 2503 1298 2562 etomnihusei
1324 2501 1542 2576 pertinentibus
1568 2499 1694 2568 tociens
1714 2514 1837 2572 inustas·

127 2587 162 2644 tri
175 2587 381 2662 apostolorum
390 2589 545 2664 principis,
568 2595 597 2647 et
612 2589 663 2647 filii
683 2591 776 2668 nostri
792 2593 900 2664 ligonis
911 2609 956 2649 re·
1008 2591 1154 2670 sionibus,
1180 2609 1248 2670 quas
1274 2589 1398 2665 petistis,
1425 2593 1458 2647 ut
1484 2605 1539 2664 per
1565 2589 1661 2646 noshi
1676 2585 1838 2661 apostolia

11 2749 12 2754 η
126 2679 722 2753 pisetnostram‚casurum.Etpraedicta
739 2680 868 2736 Ecclesia
884 2697 953 2738 oum
1003 2677 1152 2761 privilegii
1178 2681 1323 2754 paginam
1364 2679 1622 2736 confirmaremus.
1651 2676 1735 2734 Unde
1767 2692 1837 2760 nos,

128 2764 189 2821 suis
202 2765 387 2839 pertinentiis
400 2770 432 2822 ut
458 2766 594 2838 superius
608 2767 724 2838 legitur,
739 2770 795 2824 suh
815 2769 894 2826 beati
905 2771 954 2824 Pe·
1009 2769 1148 2846 precibus
1159 2771 1264 2827 vestris
1287 2769 1431 2838 inclinati,
1444 2773 1474 2825 et
1488 2784 1506 2825 a
1527 2766 1666 2841 presenti
1680 2765 1837 2840 pn‘main·

127 2855 379 2928 triapostolorum
394 2855 547 2930 principis,
563 2861 591 2913 ct
604 2863 707 2914 nostre
721 2863 954 2932 nostrorumque
975 2851 1137 2960 C'dicticne
1152 2859 1377 2933 inperpetuum
1402 2855 1598 2930 sepedictum
1614 2855 1837 2932 ,monasterium

128 2961 337 3002 successorum
352 2947 535 3018 protectione
549 2951 734 3020 permaneat.
762 2952 885 3022 insuper
897 2948 955 3004 nisi
1010 2965 1218 3007 successorum
1234 2954 1355 3006 tuorum
1369 2945 1516 3016 abbatum
1528 2944 1641 3003 ditione
1655 2946 1837 3017 etpotestete

128 3033 237 3112 amalo
250 3035 415 3112 resipuerit,
424 3035 497 3112 sciat
508 3052 539 3092 sc
553 3037 792 3110 compositurum
802 3038 867 3094 auri
878 3037 955 3112 opti·
1009 3055 1079 3096 cum
1093 3037 1235 3096 omnibus
1248 3037 1305 3095 sihi
1322 3034 1538 3112 pertinentibus
1562 3031 1838 3110 confirmacionis·

128 3125 170 3182 mi
184 3115 357 3182 mancusios
372 3125 463 3195 mille,
481 3109 670 3184 medietatem
685 3133 789 3185 nostro
804 3144 890 3186 sacro
904 3145 957 3202 pa·
1009 3126 1180 3199 rehagahili
1192 3126 1259 3198 jure
1278 3123 1468 3182 decernimus
1493 3121 1710 3197 permanenda,
1726 3117 1764 3200 id
1778 3123 1835 3214 est,

127 3215 209 3281 latio,
225 3215 415 3272 medietatem
430 3215 579 3289 predictae
595 3217 740 3274 Ecclesiae.
756 3219 811 3284 Qui
822 3235 893 3275 vcro
905 3219 956 3292 pio
1009 3216 1225 3274 monasterium
1240 3215 1334 3272 sancti
1349 3213 1500 3288 sylvestri,
1517 3229 1605 3286 qu...
1626 3227 1645 3270 a
1668 3207 1839 3268 Nouantula

127 3305 235 3363 intuitu
248 3310 349 3363 custos
368 3311 397 3362 et
420 3305 593 3364 observator
607 3307 637 3363 in
662 3308 804 3364 omnibus
816 3309 955 3376 existerit,
1007 3306 1155 3363 territorio
1170 3304 1334 3363 Mutinensi.
1365 3305 1554 3376 Quapropter
1568 3299 1744 3359 auctoritate
1755 3297 1838 3357 beati

127 3394 345 3453 benedictionis
370 3395 508 3468 matiam,
537 3396 690 3470 vitamque
717 3401 860 3456 aeternam
886 3415 955 3454 cum
1009 3395 1085 3454 Petri
1098 3393 1235 3470 apostoli,
1252 3395 1299 3449 cui
1314 3409 1332 3450 a
1347 3391 1474 3450 itomino
1497 3394 1558 3449 Deo
1572 3394 1677 3448 nostro
1692 3387 1838 3446 coelorum

127 3483 270 3540 omnihus
283 3485 394 3541 sanctis
407 3485 469 3542 sine
482 3484 542 3542 tine
557 3484 667 3544 hahere
681 3493 831 3545 mereatur
855 3487 887 3544 in
900 3504 955 3548 sra-
1008 3485 1095 3558 regni
1120 3484 1220 3542 claves
1250 3483 1363 3540 traditae
1390 3485 1470 3554 sunt,
1502 3485 1531 3539 et
1558 3483 1692 3554 potestas
1723 3477 1838 3550 ligandi

128 3571 212 3628 cules
226 3571 401 3632 oeculorum.
413 3577 517 3630 Amen.
1011 3581 1101 3648 atque
1116 3573 1252 3630 solvendi
1280 3572 1356 3629 coelo
1368 3575 1507 3644 terraque
1531 3585 1674 3629 concessa
1698 3571 1752 3634 est,
1767 3583 1838 3641 pro-

163 3661 277 3735 Soripta
290 3677 345 3736 per
365 3673 493 3720 manum
508 3662 638 3734 Gregorii
652 3663 797 3720 scriniarii
812 3667 955 3722 Romauae
1011 3663 1182 3734 mitigantes
1201 3660 1402 3731 decernimus,
1430 3663 1459 3716 et
1472 3658 1561 3714 firma
1582 3655 1749 3713 stabilitatis
1772 3670 1840 3712 cen·

128 3748 277 3805 Ecolesioe.
1010 3767 1083 3810 sura
1096 3749 1265 3820 statuimus,
1278 3755 1311 3805 ut
1322 3748 1423 3821 ipsum
1436 3744 1607 3804 venerabile
1621 3743 1840 3802 monasterium

165 3840 239 3893 Data
266 3837 447 3910 patriarchio
490 3839 679 3896 Lateranensi
709 3856 738 3896 ιιι
764 3839 833 3896 ldus
865 3840 956 3898 Junii.
1012 3856 1082 3898 cum
1096 3837 1333 3909 omnibuslocis,
1360 3835 1487 3905 mansis,
1509 3833 1622 3905 fundis,
1647 3833 1739 3901 casis,
1754 3847 1840 3890 casa·

128 3928 207 3982 Bene
217 3924 322 3982 valete·
1010 3929 1091 3999 libus
1104 3926 1257 4014 domibus,
1269 3931 1358 3999 atquo
1371 3923 1501 3992 familiis,
1517 3922 1612 3979 servis
1630 3919 1839 3991 originalibus,

166 4017 228 4086 Ego
243 4014 394 4086 Benignus
421 4016 580 4090 episcopus
605 4016 749 4078 Ostiensis
776 4033 872 4078 manu
889 4034 959 4078 mea
1010 4017 1164 4089 simulque
1175 4014 1276 4083 rebus,
1290 4019 1320 4072 et
1331 4011 1586 4087 possessionibus,
1600 4025 1656 4067 nec
1669 4024 1732 4066 non
1742 4006 1843 4082 aquis·

127 4103 303 4179 subscripsi.
1014 4105 1112 4174 molis,
1139 4104 1265 4172 olivetis,
1295 4103 1340 4160 vel
1359 4101 1507 4176 quidquid
1530 4101 1562 4158 in
1574 4099 1841 4174 quibuscunque...

164 4197 226 4266 Ego
240 4195 422 4268 Grisogonus
431 4195 594 4269 episcopus
603 4198 771 4254 Portuensis
781 4213 876 4256 manu
889 4213 959 4255 mea
1014 4195 1132 4252 videtur
1145 4192 1192 4250 vel
1206 4195 1351 4267 potestate
1374 4189 1508 4262 legaliter
1521 4189 1669 4247 donatum
1693 4187 1742 4244 vel
1754 4186 1842 4257 largi-

127 4283 302 4358 subscripsi.
978 4254 1000 4308 ⁰
1016 4289 1080 4343 tum
1094 4283 1191 4354 luerit,
1206 4287 1258 4340 aut
1271 4279 1406 4355 quolibet
1433 4279 1526 4337 modo
1549 4279 1629 4352 juste
1643 4276 1785 4348 evenerit,
1802 4280 1844 4334 te-

164 4375 252 4430 Anno
278 4373 343 4446 eius
372 4373 453 4430 sedis
479 4373 623 4444 secundo,
651 4379 679 4432 et
713 4374 819 4434 domni
845 4375 958 4454 Ugonis
1014 4390 1085 4440 nere
1110 4377 1139 4432 et
1153 4371 1307 4450 possidere
1324 4370 1388 4427 sine
1411 4367 1546 4443 qualibet
1560 4365 1762 4425 controversia
1776 4380 1843 4440 per-

127 4467 247 4536 quarto,
262 4461 488 4520 indictionem.
1013 4462 1112 4537 petuis
1125 4459 1312 4534 temporibus
1325 4458 1434 4516 valeat.
1450 4460 1484 4515 Et
1510 4455 1585 4514 nulli
1606 4471 1742 4528 unquam
1756 4453 1844 4511 licen

164 4553 198 4608 Et
222 4565 279 4622 ego
294 4550 483 4620 ¹hominbus,
497 4549 604 4610 Christi
624 4549 833 4610 misericordia
848 4555 957 4610 sancte
1012 4567 1152 4630 regum...
1182 4549 1428 4624 episcoporum...
1442 4544 1491 4602 vel
1515 4549 1652 4602 actorum
1674 4557 1777 4617 parvae
1795 4539 1844 4598 vel

127 4637 279 4697 edicens
291 4639 427 4698 Ecclesiae
454 4639 599 4708 notariae,
613 4639 675 4698 vidi
694 4640 774 4698 hanc
793 4640 958 4698 authentici
1012 4655 1132 4712 magnis
1146 4637 1324 4712 personoein
1338 4635 1481 4712 praedicto
1505 4629 1669 4689 venerabili
1694 4632 1844 4688 monaste·

126 4728 274 4803 privilegii
287 4729 441 4802 paginam
469 4729 679 4802 scriptempar
706 4746 833 4787 manum
851 4729 957 4788 domni
1012 4728 1168 4798 rio,vclin
1186 4727 1240 4800 ais,
1253 4743 1322 4799 que
1347 4723 1448 4782 sidem
1472 4719 1636 4796 venerabili
1661 4717 1844 4797 monasterio

126 4817 261 4890 Gregorii
273 4817 407 4876 scriniari
422 4819 565 4874 Romane
590 4817 736 4886 Ecclesiae,
752 4818 827 4876 nihil
839 4817 956 4876 addens
1011 4817 1158 4896 pertinere
1169 4815 1310 4873 videntur
1322 4831 1329 4884 ;
1341 4826 1526 4887 quocunque
1539 4809 1632 4868 modo
1656 4807 1844 4877 ineuntem,

126 4907 176 4969 vni
190 4907 339 4974 minuens,
355 4906 522 4980 exemplavi
537 4907 791 4966 annobominicae
818 4908 957 4968 incarna-
1011 4911 1063 4966 aut
1087 4904 1278 4963 invasionem
1301 4901 1433 4960 lacere...
1476 4898 1630 4968 accedere,
1659 4897 1709 4955 vai
1749 4897 1844 4954 missa

126 4995 216 5058 hauh
230 4994 602 5070 ebthusrtodeoimodie
616 5001 742 5056 excunte
751 5013 856 5056 mense
869 4997 958 5072 Apri·
1012 5013 1082 5066 rum
1097 4993 1244 5058 solemnia
1258 4991 1420 5064 celebrare,
1441 4990 1499 5048 uisi
1513 4987 1725 5064 abhateiuerit
1739 4985 1846 5064 invita-

124 5083 175 5156 tis,
190 5085 352 5143 indictone
365 5101 427 5155 xvv,
456 5088 590 5158 tempore
604 5083 721 5142 domini
734 5087 957 5161 Eugeniipapn
1014 5091 1080 5155 tus,
1109 5088 1260 5159 quatenus
1284 5083 1354 5153 hcc,
1380 5079 1466 5155 quod
1483 5078 1524 5150 ad
1548 5077 1713 5142 laudemet
1732 5071 1846 5149 ,utilite

127 5173 300 5233 etcomadi
313 5173 402 5250 regis.
1015 5180 1076 5234 tem
1092 5172 1257 5250 supradicti
1269 5171 1365 5231 sancti
1385 5167 1561 5230 monaterii
1572 5165 1743 5234 statuimus,
1756 5159 1847 5236 firma

163 5318 238 5394 (Ἀθ)
253 5319 357 5392 Pugna
380 5315 514 5376 estimet·
528 5316 840 5392 annos-hannipapoe
855 5321 884 5375 et
898 5317 956 5375 liu·
1015 5318 1168 5376 senissimi
1177 5317 1265 5390 rcpr‘s,
1279 5321 1313 5374 ut
1325 5315 1385 5373 alia
1400 5313 1548 5372 omittam.
1569 5311 1714 5366 entonam
1728 5303 1753 5360 si
1759 5301 1850 5386 'hulla

128 5385 215 5462 gonis
223 5389 317 5464 regis.
334 5397 420 5446 Anno
434 5403 556 5471 quoque
567 5389 620 5446 944
641 5387 820 5447 ‹lecurrehat
834 5389 956 5448 indictio
1014 5393 1080 5448 hec
1093 5391 1210 5448 sincera
1224 5388 1355 5446 dicenda
1369 5390 1456 5451 essct,
1475 5383 1657 5438 haberemus
1673 5391 1849 5460 -mcncnnqs

127 5475 159 5534 n,
176 5477 238 5536 non
254 5458 377 5518 indictio
390 5467 440 5516 rur:
456 5459 666 5520 Ammadverte
692 5461 781 5518 etiam
802 5460 896 5518 verba
908 5461 957 5520 illa
1011 5465 1095 5521 mitte
1110 5461 1327 5534 componendos
1342 5457 1529 5515 nrectietotem
1546 5465 1634 5509 sacro
1642 5449 1771 5520 palatro.
1796 5449 1849 5512 he-

129 5547 167 5590 eu
177 5533 381 5604 preceptione
397 5528 585 5591 tructanni
590 5531 650 5603 stri
657 5533 755 5591 nostri
768 5533 957 5606 anont‘sse-
1012 5533 1173 5594 terancnsi.
