4110 6138
131 77 185 134 829
541 71 543 76 ’
577 82 622 138 DE
641 82 907 144 miserarium
930 81 961 140 B.
980 77 1124 142 mitro
1141 80 1166 136 Δ
1184 79 1397 140 annonariis.
1786 83 1840 144 230

126 198 160 256 00
175 198 289 272 cispa),
303 200 517 278 laudibusque,
527 219 618 262 mane
639 203 841 274 illucescente,
853 203 998 262 conve-h
1014 199 1088 260 Nolo
1100 200 1258 262 ecclesiam
1272 218 1376 265 meam
1395 207 1479 264 10010
1493 200 1677 271 defraudari,
1687 203 1837 268 heimo.

126 287 279 346 mentibus
294 290 433 365 euinque
456 293 603 367 partibus,
616 293 763 352 medietas
786 293 959 352 hominisa
1014 289 1086 364 quia
1118 291 1277 364 episcopus
1299 291 1396 350 iactus
1417 309 1453 352 00
1477 292 1614 352 vestitam
1646 291 1838 370 [investitam]

125 378 242 436 llartini
264 385 349 452 perte
364 380 471 454 posits,
487 397 562 440 sana
583 386 613 440 et
628 380 791 441 incolumis
800 383 957 456 reperitur.
1011 378 1123 436 inveni.
1139 379 1276 440 Videntes
1298 379 1400 454 itaque
1413 380 1563 446 Turocici,
1577 397 1609 438 se
1631 396 1685 456 per
1697 382 1839 444 eumdem

124 466 323 525 Peccantem
351 468 453 538 altera,
469 470 586 528 occulto
602 470 654 528 Dei
670 471 795 542 iudicio,
810 470 958 530 salvanda
1012 467 1191 542 episcopum
1214 467 1459 542 nihilproticere,
1475 468 1629 544 adrcgem
1642 470 1838 540 Francorum,

123 553 287 626 [sananda]
307 555 617 616 0100010001001010
639 576 693 634 per
708 561 888 620 miraculum
902 559 959 617 evi·
1011 557 1065 630 qui
1076 561 1147 616 tunc
1159 555 1514 634 temporiserat,mcliora
1523 562 1676 632 sperantes
1688 559 1836 621 resilirem:

123 642 244 702 dontius
266 643 344 704 fides
366 646 495 706 eluceret
512 648 632 722 clarius,
647 655 738 724 atque
752 650 858 708 celsior
872 649 957 724 [tides
1011 646 1118 704 humili
1131 663 1220 720 prece
1233 663 1305 706 eum
1325 648 1475 724 [rogantes
1499 661 1534 704 ac
1554 651 1648 716 (00000
1673 647 1717 706 lia
1731 649 1838 710 desum

123 735 242 802 certior,
257 733 428 810 clariusque
452 737 602 812 01000000),
617 739 729 813 leprosi
752 739 862 798 iterum
885 755 957 814 pars
1011 741 1044 792 in
1076 737 1192 808 0000)]
1214 735 1407 796 obsecrantes
1435 734 1636 810 interpellant,
1668 739 1701 796 ut
1729 736 1839 800 Turoni

124 821 263 880 amanda
274 839 379 882 versus
392 827 549 884 llarbnum
562 828 695 886 vertitur.
712 831 746 892 Et
759 843 849 886 mane
866 828 955 898 iacto,
1010 824 1157 900 [Turonis]
1170 827 1199 884 et
1210 825 1367 887 uminum
1382 841 1472 884 suum
1493 823 1609 882 restitui
1620 823 1736 902 imeri,
1751 829 1782 884 ct
1791 841 1839 888 ur·

123 911 182 968 sub
195 911 291 970 oculis
305 914 560 988 omnium,homo
574 922 653 976 totus
668 934 705 974 ex
718 918 835 989 integro
848 918 956 978 alteia-
1009 913 1081 972 bem
1109 914 1237 988 pastoris
1265 914 1412 988 absentia,
1428 930 1464 972 cc
1491 913 1839 992 receptatoresque

123 1001 171 1058 tus
185 999 217 1058 in
231 1000 359 1060 salutem
373 1003 534 1062 invenitur.
551 1005 652 1080 Sopita
676 1006 766 1078 igitur
780 1011 824 1064 est
837 1010 956 1066 mutire-
1011 1005 1173 1060 convertat.
1188 1003 1235 1060 Ad
1248 1019 1327 1077 quos
1340 1019 1393 1064 rex
1407 1003 1466 1062 ait:
1491 1003 1566 1060 cirin
1587 1006 1715 1076 utraque
1734 1001 1838 1062 civitas

119 1088 160 1146 lis
180 1089 246 1148 bac
257 1092 418 1160 melantio,
432 1097 461 1150 el
477 1095 591 1154 llartim
612 1095 777 1154 cultoribus
792 1113 829 1154 ex
844 1100 916 1154 tunc
928 1100 957 1153 et
1009 1090 1083 1164 regii
1107 1091 1144 1152 sit
1163 1091 1249 1166 juris,
1266 1095 1296 1151 et
1322 1091 1361 1150 ab
1388 1095 1515 1168 utraque
1535 1091 1625 1154 nobis
1638 1090 1840 1152 indifferenter

124 1178 270 1254 deinceps
282 1179 486 1240 mfimantium
500 1185 642 1244 universa
654 1185 864 1260 cessitinpace
874 1185 956 1242 obla-
1010 1179 1165 1250 mrmahu,
1178 1181 1338 1254 indignum
1364 1181 1514 1256 ducimus,
1530 1185 1564 1242 ut
1585 1180 1838 1247 antissiodorum,

121 1269 175 1328 tio.
197 1271 219 1328 Ο
244 1270 431 1330 admirabilis
450 1273 661 1348 [admirande]
685 1275 864 1332 urbanitatis
889 1278 956 1334 Ger·
1009 1285 1078 1344 quia
1105 1271 1144 1328 de
1167 1271 1301 1332 thesauri
1325 1273 1417 1344 buius
1443 1270 1632 1347 possessione
1660 1269 1763 1332 saisita
1782 1273 1838 1341 cat,

120 1373 251 1416 manum
266 1359 453 1434 pontificem,
467 1363 603 1436 quicum
618 1364 691 1422 tanti
705 1365 802 1422 meriti
817 1369 906 1434 esset,
923 1369 956 1422 ut
1008 1359 1174 1431 preludicii
1188 1359 1329 1418 violentia
1344 1360 1521 1434 spoliemus,
1533 1363 1562 1418 et
1571 1362 1724 1420 Turonum
1739 1360 1840 1432 [Ture

120 1453 259 1506 mortuos
275 1449 442 1522 suscitaret,
456 1450 488 1510 in
501 1452 594 1510 domo
608 1469 664 1510 sua
683 1453 794 1527 hospiti
819 1468 874 1510 suo
889 1457 954 1510 tan-
1008 1447 1084 1519 nim]
1105 1453 1249 1522 vestram,
1268 1466 1335 1522 qua
1358 1451 1419 1510 huc
1444 1465 1541 1524 usquc
1564 1449 1644 1508 iliius
1665 1449 1838 1510 vestituram

121 1539 187 1594 tum
203 1535 308 1594 detulit
321 1537 480 1608 honorem,
495 1541 573 1598 utin
589 1541 746 1612 signorum
773 1540 954 1598 exhibitione
969 1557 992 1612 g
1008 1536 1238 1610 [investituram]
1271 1538 1380 1610 amisit,
1413 1539 1622 1598 investiamus.
1657 1536 1838 1596 Decedcntes

120 1641 158 1682 eo
187 1642 220 1684 se
245 1626 340 1684 videri
365 1627 456 1689 vellet
478 1629 668 1688 interiorem!
696 1633 718 1689 0
746 1631 954 1706 signipotentis
1008 1624 1201 1698 [decidentes]
1212 1625 1313 1700 itaque
1328 1627 1464 1686 Turomci
1479 1627 1508 1699 [a
1518 1641 1572 1700 spe
1582 1624 1838 1703 sua]‚adprcpria

120 1714 235 1772 llartini
254 1715 418 1774 attollenda
440 1718 602 1791 preconis,
622 1719 676 1793 qui
694 1719 875 1794 pontificalis
897 1719 954 1778 mi·
1008 1712 1140 1772 trusum
1149 1719 1347 1773 revertantur.
1359 1715 1477 1786 Cogunt
1491 1714 1580 1784 igitur
1595 1713 1757 1774 concilium
1768 1727 1838 1772 cum

120 1803 234 1860 nisterii
245 1803 424 1876 dignitatem
437 1805 549 1880 ubique
564 1807 594 1866 in
608 1809 761 1880 omnibus,
775 1808 846 1866 licet
858 1808 953 1882 ansul,
1008 1801 1165 1862 adalaudo
1186 1803 1344 1876 (11010000)
1362 1804 1437 1876 (001)
1451 1801 1617 1862 Turonensi
1642 1799 1839 1876 archiepisco

119 1894 297 1963 observans,
325 1899 355 1954 et
376 1895 526 1956 civilatem
548 1898 643 1956 exsilii
667 1901 714 1956 sai
741 1899 954 1973 susceptricem
1007 1905 1060 1964 po,
1074 1890 1218 1952 Ruimoue
1239 1890 1447 1950 Aureliuuesssi
1465 1891 1549 1966 (205),
1565 1894 1595 1948 θ)
1616 1888 1765 1952 Mainoldo
1789 1890 1838 1952 Co

119 1981 338 2042 miraculorum
352 1983 450 2054 gratia
463 1983 633 2050 illustravit,
648 1989 677 2044 ct
697 1986 758 2044 siiis
773 1987 955 2060 sequacibus
1008 1979 1310 2055 hemaucensium),
1327 1981 1366 2054 [θῑ
1389 1985 1494 2040 3811610
1517 1983 1600 2053 10110
1616 1975 1838 2048 0000300000]

118 2071 299 2142 benignum,
313 2070 433 2143 largum
456 2077 485 2132 et
506 2072 679 2132 affluentem
695 2091 859 2150 sesempcr
871 2076 954 2134 exiii.
1009 2072 1038 2126 et
1071 2068 1141 2128 cleri
1173 2069 1331 2146 plebisque
1365 2069 1555 2130 multitudine
1592 2071 1714 2140 macta,
1742 2064 1839 2128 occsi-

120 2159 204 2216 buitl
235 2158 349 2233 Elapsis
374 2161 572 2234 postmodum
598 2163 831 2238 quampluribus
855 2165 952 2234 annis,
1006 2156 1080 2217 lium
1108 2158 1214 2220 ineunt
1238 2159 1312 2234 quid
1336 2159 1415 2218 facto
1437 2175 1514 2234 opus
1536 2161 1623 2220 esset.
1652 2160 1694 2218 Eo
1721 2159 1836 2230 tempo·

118 2262 197 2320 pace
212 2247 349 2306 Ecclesia
368 2248 496 2320 reddite,
509 2250 632 2308 ilohoue
655 2251 724 2308 lidei
738 2252 883 2322 restituto,
899 2256 954 2310 Tu·
1007 2263 1039 2306 rc
1071 2248 1116 2308 vir
1149 2249 1271 2308 illustris
1304 2248 1490 2310 Gestinensis
1520 2263 1623 2307 comes
1655 2243 1837 2320 ingelgerius

119 2333 217 2392 conici
230 2333 462 2396 viriDomiuum
475 2341 504 2394 et
517 2341 681 2412 patronum
694 2355 783 2396 suum
797 2339 953 2414 requiren-
1008 2335 1094 2410 (001),
1123 2338 1258 2410 lingonis
1290 2337 1376 2396 ducis
1415 2336 1594 2408 burgundica
1628 2351 1724 2412 nepos
1750 2334 1835 2410 (aaut,

118 2423 153 2480 di
167 2421 519 2494 madeantissiodorum
531 2425 746 2501 profiscuntur.
1007 2425 1123 2488 Locbiee
1157 2431 1187 2484 et
1221 2426 1373 2488 ambazia
1405 2426 1550 2486 dominus
1585 2425 1837 2498 (adulationum

156 2513 215 2568 Vll.
230 2512 305 2586 (203)
331 2514 518 2572 Conveniunt
540 2515 630 2589 igitur
643 2518 815 2579 armarium
834 2519 954 2592 [lanua-
1007 2515 1110 2582 armis,
1140 2533 1261 2577 summa
1290 2518 1437 2590 potestate
1464 2518 1494 2572 ct
1519 2513 1668 2588 probitate
1693 2510 1837 2587 preditus

117 2599 209 2672 riam}
225 2600 361 2672 eiusdem
373 2602 691 2678 urbisepiscopum,ut
704 2607 746 2662 eis
761 2623 824 2664 suec
834 2607 954 2666 bccntia
1007 2609 1079 2680 erat,
1095 2610 1124 2666 et
1135 2607 1388 2678 andegavensem
1406 2599 1596 2668 consulatum
1616 2603 1691 2678 (1110)
1704 2619 1742 2663 cx
1754 2601 1837 2676 regio

118 2689 852 2768 permissionia,propriumreducendipontificem
865 2696 953 2770 copia
1005 2709 1131 2754 numere
1162 2711 1259 2768 nuper
1290 2696 1348 2754 sibi
1370 2695 1556 2776 impartitum
1587 2691 1779 2768 procurabat.
1803 2690 1837 2747 ln

120 2777 950 2858 uibuatur.Quibusillctalelertiirdedisscresponsnm.
1005 2782 1259 2846 enusdodcrensi
1285 2785 1375 2846 etiam
1404 2784 1479 2847 urbe
1502 2783 1604 2842 aulam
1628 2781 1795 2856 propriam,
1809 2783 1838 2837 01

155 2919 425 3004 (idolomachiam
433 2923 720 2995 igiturAimariiim.
729 2926 882 2982 armarius
891 2925 950 2996 hic,
966 2909 988 2968 Β
1005 2923 1132 2980 Tertullo
1145 2923 1176 2980 in
1191 2925 1325 2996 Francia,
1339 2924 1417 2981 lilius
1428 2925 1494 2998 ejus
1509 2923 1632 2982 nomine
1644 2919 1835 2992 ingelgerius,

118 2995 280 3062 Annamus,
306 3007 367 3049 sive
395 2994 555 3062 Abuccius,
577 2999 630 3052 aut
657 3002 690 3050 ui
710 2996 835 3068 quidem
860 2998 949 3054 codd.
1006 2993 1192 3052 hereditates
1207 2996 1470 3069 ipsiuspcssidens
1485 2995 1641 3064 remansit,
1656 2993 1714 3049 suh
1729 2992 1835 3050 carolo

118 3063 416 3145 babenltanuariiis,
429 3081 528 3139 neque
542 3066 573 3124 in
587 3066 697 3124 tabulis
711 3067 950 3126 Autissiodoren—
1005 3065 1094 3124 calvo
1113 3071 1214 3124 tamen
1238 3071 1407 3138 generatus.
1426 3070 1560 3139 Namque
1582 3063 1728 3145 Tertullus
1752 3062 1837 3120 nobi·

118 3151 160 3215 sis
172 3134 317 3216 licolcsies,
333 3151 433 3210 neque
450 3137 480 3194 in
494 3137 639 3196 Chronico
653 3137 770 3196 lioberti
785 3139 881 3196 sancti
895 3143 951 3198 lla·
1004 3135 1065 3194 lem
1077 3137 1205 3196 duxerat
1216 3154 1342 3196 onorem
1363 3137 1450 3194 ducis
1470 3136 1649 3207 ansgundis
1663 3134 1768 3208 tiliam,
1784 3149 1837 3195 iio·

118 3221 197 3264 risui
220 3206 372 3280 monachi,
388 3207 441 3280 qni
468 3208 619 3290 praeoipue
641 3225 690 3266 res
712 3209 951 3286 archiepiscopo-
1004 3207 1086 3264 mine
1099 3209 1299 3278 petronillam,
1313 3225 1381 3284 quie
1396 3209 1477 3264 hunc
1490 3207 1587 3266 filium
1601 3206 1726 3284 peperit.
1737 3227 1752 3256 »

117 3291 187 3332 ram
212 3278 441 3360 Senoricnsinm,
459 3283 487 3362 et
505 3279 812 3336 autissiodorensium
836 3279 952 3354 001000-
1006 3349 1012 3362 ·
1041 3279 1113 3360 (209)
1129 3281 1658 3362 00001000000000101000ιὶ00000
1692 3279 1837 3360 0000000-

116 3363 228 3423 porum
243 3353 370 3430 scripsit,
385 3354 539 3422 reperitur.
555 3352 651 3414 Quare
662 3365 723 3406 non
736 3351 863 3408 dubium
876 3353 950 3425 quin
1003 3363 1084 3421 tugis
1106 3351 1248 3424 edendis,
1265 3367 1327 3408 sire
1353 3349 1525 3419 Adclendae,
1551 3293 1699 3406 romanii
1719 3347 1823 3403 Toron

117 3424 348 3548 gorrubptuffiit
361 3421 561 3503 ncmen,ejus
586 3438 630 3550 010101
635 3423 702 3480 1000
717 3425 792 3480 rorte
802 3439 949 3505 reponen-
1004 3420 1220 3504 archiepisoo'
1254 3423 1368 3504 neptis:
1396 3421 1609 3478 ‹iAdelercdus
1633 3391 1835 3492 (00010000οῙ

116 3496 949 3648 0011ἳο1οω000101ξέ1οἓ010101Ρῗοῗο0000,ωΑῃο1Α1ξοῗ1ῗ)ἷ11ἓοοξιὲἓῗο
1003 3493 1834 3646 ἓὲιῗέἆ110.οΞΠὲθξὲἒῖῗῗΞξιξθῗιξίθιῇῗιξὶθὲἓίῗὲἒὲὲὂτῖιῃῶ

117 3635 194 3689 rexit
209 3631 382 3690 Ecclesiam.
399 3633 476 3692 Obiit
489 3651 569 3692 enim
591 3651 670 3692 circa
690 3652 804 3692 annum
824 3637 886 3705 900,
902 3641 950 3694 tri-
1003 3635 1170 3707 pontificos,
1185 3642 1304 3709 neptem
1334 3651 1422 3692 suain
1443 3634 1592 3692 Adendim
1617 3649 1739 3693 nomina
1763 3648 1833 3689 cum

116 3703 322 3760 basvidelicet
336 3705 424 3762 aunis
439 3709 509 3778 post
522 3708 722 3763 reversionem
733 3708 866 3780 corporis
881 3723 950 3764 san·
1003 3705 1109 3762 alodiis
1125 3707 1198 3776 suis,
1217 3707 1327 3763 scilieet
1349 3706 1503 3774 Ambazio,
1528 3705 1708 3760 Bozenciaco
1722 3706 1750 3758 et
1764 3703 1834 3759 das·

118 3774 158 3832 cli
172 3775 294 3856 ilerum,
312 3791 392 3848 qna,
410 3776 487 3835 sicut
500 3777 625 3836 0000100
639 3777 704 3852 ipse
727 3783 848 3836 sanctus
872 3779 947 3850 000,
1003 3775 1122 3856 tellione
1134 3776 1161 3832 ci
1175 3777 1206 3834 in
1222 3777 1399 3848 conjugium
1411 3775 1620 3848 copularunt»
1634 3774 1721 3840 0000
1730 3773 1833 3856 ipsam

118 3850 335 3916 contigilanno
349 3849 411 3904 887.
576 3893 608 3918 ¹.
1003 3851 1093 3904 etiam
1108 3851 1232 3904 testatur
1242 3847 1370 3904 Historia
1384 3845 1545 3906 consulum
1558 3844 1834 3916 andegavensium,

154 3919 229 3988 (200)
243 3918 317 3974 ilum
331 3917 502 3974 saciando.
511 3919 690 3992 corruptum
704 3921 733 3975 at
747 3917 874 3975 alteram
887 3935 948 3976 ver·
1002 3916 1049 3973 his
1062 3917 1178 3973 verbis:
1197 3941 1210 3968 «
1221 3917 1378 3974 Pontifices
1391 3915 1568 3975 adalardus
1590 3919 1619 3976 et
1633 3918 1759 3990 haymo.
1771 3929 1835 3974 am·

116 3985 203 4056 bum,
218 3987 280 4044 imo
296 3990 464 4062 corruptius
475 3989 574 4045 adhuc
589 3990 672 4066 qnod
686 3989 795 4046 tabulae
805 3989 947 4063 quaedam
1002 3987 1043 4044 bo
1057 3987 1194 4058 germani
1207 3989 1322 4055 fratres,
1339 3992 1367 4044 et
1382 4005 1418 4044 ex
1431 3986 1636 4044 aurelianensi
1657 3985 1731 4041 urhe
1747 3983 1834 4045 nobi-

7 4095 8 4106 ,
117 4059 652 4134 preferant,liuncarchiepiscopiim
662 4060 948 4127 Adlandum‚Adcle-
1002 4057 1067 4114 liter
1082 4059 1248 4125 achaicos,
1264 4063 1385 4132 neptem
1406 4057 1694 4115 suamAdelendem
1711 4055 1833 4112 nomine

117 4129 261 4202 randum,
273 4131 468 4200 edelardum,
477 4131 664 4190 Adalarduin
672 4132 880 4194 elimandum
890 4133 947 4189 dil·
1003 4130 1030 4188 ei
1041 4131 1073 4186 in
1086 4131 1260 4202 conjugium
1272 4131 1462 4203 copularunt,
1471 4130 1622 4186 uadentes
1631 4128 1658 4185 ei
1668 4143 1738 4184 cum
1748 4125 1833 4199 puel·

116 4201 246 4263 ferentes
259 4203 454 4275 appellantes.
472 4205 594 4263 Rectum
617 4207 645 4260 et
660 4219 765 4260 verum
779 4219 892 4260 nomen
906 4203 947 4264 illi
1002 4201 1032 4258 la
1044 4217 1098 4276 per
1108 4203 1315 4262 auctoritatem
1330 4202 1409 4272 regis
1422 4202 1639 4274 ctoptimatum
1651 4198 1834 4280 patrimonia

117 4271 173 4354 luit
186 4271 373 4338 adelandus,
388 4273 570 4348 fratremque
581 4273 688 4330 habuit
701 4275 877 4334 heimonem
887 4279 947 4330 Au-
961 4263 984 4318 D
1004 4288 1068 4354 sira.¹
1078 4289 1146 4347 quae
1160 4271 1201 4330 eis
1213 4273 1245 4330 in
1259 4271 1465 4332 aurelianensi
1477 4287 1557 4398 Erigo
1573 4269 1832 4354 0110000000-

116 4343 315 4400 rchaccusem
330 4345 517 4417 episcopum,
535 4345 947 4402 sicuiicsianiuruesiacon-
1002 4343 1126 4400 reditate
1158 4343 1291 4414 legitima
1332 4344 1475 4418 provenis
1499 4345 1561 4402 aut.
1586 4345 1661 4400 Nam
1698 4337 1833 4397 alodium
1895 4399 1896 4402 ,

7 4461 8 4466 ,
116 4415 219 4471 sulam
232 4415 386 4486 Andegev.
402 4416 448 4471 his
465 4415 581 4472 verbis:
606 4417 947 4476 cl'urcnensiumnohi-
1002 4415 1172 4486 agnationis
1186 4431 1292 4472 eorum
1311 4414 1566 4472 eratAmbaiium
1584 4412 1655 4468 villa
1675 4413 1746 4468 tunc
1769 4413 1833 4466 tan·

115 4485 870 4613 100,οῌ0000000000000100000011101000,οωοο
880 4503 946 4558 ger·
1002 4486 1170 4554 tummodc‚
1184 4491 1213 4544 et
1227 4486 1258 4547 in
1272 4486 1346 4544 colle
1367 4484 1613 4566 hahensnrulnas·
1628 4481 1740 4539 castelh
1759 4481 1833 4537 anti·

116 4573 200 4613 mani
219 4562 353 4626 ratresei
362 4574 398 4614 eii
407 4557 619 4614 aurelianensi
626 4558 699 4614 urhe
707 4557 846 4614 nobiliter
855 4559 946 4616 nali.»
1025 4557 1054 4612 ci
1066 4557 1138 4614 olim
1153 4573 1172 4614 a
1185 4558 1310 4614 versutis
1332 4560 1512 4614 Normanms
1528 4554 1653 4610 deleti.»
1670 4551 1728 4609 Sed
1747 4550 1831 4623 quod

154 4629 229 4710 (000)
243 4630 388 4710 11000000
400 4629 622 4694 aureliacensi,
639 4627 729 4688 fratre
744 4629 855 4710 scilicet
869 4629 947 4686 1100-
1001 4572 1173 4709 30000100,
1189 4629 1251 4684 sive
1266 4627 1381 4696 bochis,
1393 4633 1518 4708 uterque
1533 4625 1659 4696 scriptor
1674 4625 1759 4704 tecet,
1769 4621 1831 4678 his-

114 4698 201 4756 laudi
224 4700 451 4774 archiepiscopi,
465 4716 557 4773 quem
570 4705 600 4760 et
625 4703 806 4760 chuerium
819 4700 946 4774 quidam
1001 4702 1169 4758 toi-iavetns
1183 4715 1285 4756 rerum
1293 4697 1538 4754 Ambamcnsium
1549 4709 1608 4776 sup
1630 4693 1690 4750 lere
1702 4691 1830 4774 videtin,

116 4771 287 4830 nominant.
1001 4784 1072 4828 oiim
1086 4769 1148 4828 ait:
1166 4791 1180 4824 0
1189 4772 1249 4826 Rex
1263 4769 1396 4850 prudens
1412 4766 1535 4824 Carolus
1550 4781 1598 4821 oui
1622 4781 1672 4822 am
1687 4763 1782 4820 nobili
1791 4779 1832 4819 vi·

154 4842 391 4912 troaiMaiiioictc
406 4841 694 4916 ammonentem
708 4841 946 4904 maraliscam·
999 4855 1035 4900 ro
1063 4839 1101 4898 de
1124 4839 1329 4896 aurelianensi
1346 4853 1427 4912 pago
1448 4837 1571 4894 nomine
1586 4835 1753 4907 adalaudo,
1778 4837 1831 4891 Lo·

114 4913 173 4972 diis
186 4913 216 4970 iu
233 4913 342 4970 tabulis
357 4913 441 4987 apud
452 4913 668 4970 Democharem
683 4913 810 4972 excusis.
1000 4911 1072 4970 elias
1095 4916 1238 4982 casuum,
1253 4915 1282 4967 et
1303 4910 1381 4967 duas
1403 4913 1507 5036 parma
1531 4907 1704 4966 0100001001
1726 4905 1831 4983 oppidi

152 4985 229 5054 (207)
246 4985 431 5044 austrasiae
443 4999 537 5044 carnes
552 4985 748 5066 Inquiramus,
764 4983 853 5044 Filius
867 4983 945 5044 scili·
1000 4981 1112 5042 tribuit.
1123 5005 1137 5034 i
1154 4982 1183 5039 Si
1196 4981 1276 5040 enim
1288 4981 1401 5038 Adeleu
1425 4998 1461 5037 us
1476 4980 1558 5054 nepti
1574 4995 1637 5036 sure
1650 4994 1699 5034 res
1710 4993 1829 5060 omnes,

115 5060 163 5112 cet
177 5055 304 5124 Tertulli,
336 5072 405 5114 uem
420 5055 850 5128 (uilegiiurinhistoriaaude
872 5059 943 5116 avi:
999 5069 1077 5126 quas
1102 5053 1133 5110 in
1148 5052 1293 5110 Turonioc
1308 5067 1389 5126 pago
1409 5051 1593 5126 possidebat,
1609 5049 1688 5106 dotis
1706 5061 1830 5129 nomine

116 5125 304 5187 «CarolusC,
336 5142 392 5184 vus
416 5125 457 5184 ob
483 5127 588 5184 merite
606 5141 662 5186 sua
676 5126 802 5186 charum
816 5126 856 5182 ha
896 5141 943 5194 ns,
999 5123 1133 5195 contulit,
1157 5125 1294 5197 sequitur
1320 5123 1404 5197 quod
1430 5139 1529 5204 neque
1552 5121 1678 5202 Lochias,
1694 5133 1757 5173 sive
1779 5119 1830 5172 Lc-

114 5213 243 5254 uxorem
257 5197 283 5256 ei
296 5213 366 5256 cum
380 5197 536 5272 eliquanto
549 5195 696 5263 beneficio
710 5197 741 5254 in
755 5197 945 5256 landonensi
998 5195 1109 5262 chiam,
1123 5195 1208 5266 cujus
1224 5199 1287 5252 erat
1301 5195 1454 5262 dominus,
1471 5193 1527 5250 sibi
1540 5193 1669 5272 monuit.
1790 5253 1796 5266 ,

114 5271 216 5324 castro
231 5267 341 5340 tribuit,
354 5284 410 5328 nec
432 5283 493 5328 uon
507 5267 598 5328 etiem
613 5285 682 5326 cum
698 5267 848 5340 aliquibus
858 5267 943 5328 terris
1032 5267 1106 5338 (210)
1119 5266 1364 5337 Aadcgoceasem
1379 5265 1578 5346 consulatum,
1591 5275 1654 5315 imo
1664 5254 1830 5313 etlureha·

114 5343 181 5396 tam
203 5339 334 5412 inpage
355 5340 531 5410 Gaslinensi,
546 5355 641 5415 quam
663 5339 696 5400 in
718 5339 792 5398 locis
813 5338 944 5411 aliisper
996 5337 1539 5404 nensemvicecomitatam,etregiem
1548 5334 1734 5388 Turonorum
1747 5341 1826 5401 pra-

115 5410 274 5470 marciam
286 5416 422 5472 casatum
437 5411 514 5470 lecit.
528 5435 543 5462 »i
997 5407 1152 5468 lecturam.
1176 5408 1343 5466 chronicon
1362 5407 1596 5486 andegavense:
1615 5401 1743 5482 ePoslea
1756 5413 1829 5455 vero

152 5481 228 5552 (208)
242 5483 379 5553 Herone
389 5483 475 5542 ducis
483 5483 671 5554 durgundia
681 5497 780 5552 cepoe.
793 5483 835 5539 Ex
848 5483 943 5539 Petro
997 5479 1167 5540 Ludovicus
1183 5479 1261 5538 illias
1276 5477 1372 5536 Caroli
1388 5475 1467 5534 Calvi
1482 5474 1725 5554 vicecomitatum
1735 5475 1830 5552 ¹Aure-

114 5551 189 5608 nilla
203 5553 274 5624 iilia,
298 5555 374 5610 sicut
393 5553 499 5611 eadem
519 5554 633 5612 consul.
647 5553 799 5621 andegav.
815 5551 943 5610 Historia
996 5541 1828 5627 lianensem‚etproelcotmaml'uronorum,otdimidium

114 5622 205 5680 docet
222 5624 269 5680 his¹
286 5625 403 5682 verbis:
430 5625 543 5683 «Circa
565 5624 597 5682 id
620 5624 805 5698 tempestatis
824 5627 943 5684 mortue
997 5623 1166 5696 andegavis
1185 5622 1361 5684 comitatum
1375 5619 1403 5676 ei
1423 5633 1457 5675 in
1469 5611 1829 5682 cameracorensi
