4106 6148
124 200 191 256 που
384 154 386 158 ⁴
743 187 920 248 sessione
938 185 982 242 er
999 185 1208 248 permanan.

123 316 382 390 solatiireiugium
397 315 455 374 sub
467 315 573 374 habitu
587 315 738 388 religionis
762 313 818 370 sibi
839 310 989 369 inveni-A
1007 308 1132 370 dissime
1155 317 1185 371 et
1208 314 1399 373 sanctissimo
1412 317 1580 374 hannonem
1608 319 1719 374 sanctas
1744 315 1835 374 Bene·

122 416 198 479 rent,
213 413 242 466 et
256 407 382 466 Domino
397 406 609 480 tranquillitate
635 405 736 479 quieta
759 402 834 460 inibi
857 401 953 458 lamu-
1006 405 1143 458 senuna
1156 402 1304 476 Ecclesiae,
1319 405 1600 480 cpiscopo,suisque
1610 406 1833 464 successoribus

122 501 240 558 lentur:
257 497 373 555 noverit
386 497 522 554 omnium
537 494 672 552 fidelium
683 500 745 552 tem
759 491 952 567 presentium
1006 487 1037 546 in
1052 495 1243 565 perpetuum.

123 605 217 664 quam
232 587 402 644 futurorum
416 585 574 654 industria,
584 579 952 642 nosidernmorlesterium
1043 580 1117 635 Cum
1131 596 1259 637 summae
1274 585 1302 638 et
1313 580 1485 655 apostolicae
1500 582 1652 655 dignitatis
1662 583 1779 658 apesin
1789 583 1833 641 di·

124 683 175 734 tua
189 675 377 745 ordinatione
392 677 607 744 constructum,
623 688 692 729 cum
707 670 849 729 omnibus
862 667 953 724 rebus
1006 666 1067 722 vini
1080 669 1231 741 profectus
1243 671 1338 728 nitore
1350 671 1547 742 dignoscatur
1560 674 1748 748 praefulgere,
1764 680 1792 731 et
1801 673 1833 732 in

124 764 335 837 regalibusque
349 763 505 837 praeceptis
520 769 571 820 tuo
586 761 725 820 consultu
751 760 807 816 sibl
831 756 951 825 sanetis,
1006 757 1181 815 exercendis
1207 759 1257 816 Dei
1280 760 1422 817 laudibus
1444 760 1505 818 suis
1529 762 1694 837 impensius
1717 763 1834 820 studeat

124 854 154 910 in
169 857 314 909 aternum
327 851 403 908 velle
422 865 600 924 permanere
620 848 850 915 inconvulsum;
880 844 954 901 scili·
1006 845 1119 903 laboris
1146 848 1286 906 exhibere
1314 853 1476 919 certamen,
1501 850 1541 908 ob
1561 851 1619 908 hoc
1651 852 1752 910 debila
1776 867 1833 909 nos

124 947 170 998 cat
180 939 282 997 villam
293 955 386 1013 supra
401 941 563 1008 Scantiam,
578 955 648 996 cum
663 939 725 995 suis
750 933 952 1011 pertinentiis,
1007 935 1143 1007 ejusdem
1159 939 1329 1011 apostolicae
1350 939 1508 1013 pastoralis
1527 941 1672 1014 compulit
1696 940 1834 998 sollicitu-

124 1029 338 1102 Elaviniacum,
355 1045 425 1084 cum
440 1027 502 1086 suis
518 1028 685 1101 adjunctis3
711 1026 866 1084 abbatiam
885 1039 953 1080 san·
1007 1023 1085 1081 dinis
1098 1043 1178 1099 cura,
1195 1043 1324 1102 quaeque
1339 1029 1379 1085 ad
1398 1027 1588 1086 stabilitatem
1612 1031 1733 1103 piorum
1751 1030 1833 1086 loco·

124 1119 162 1176 cti
176 1117 316 1188 Amantii,
341 1133 411 1175 cum
428 1117 577 1191 quidquid
594 1117 633 1174 ad
657 1133 724 1174 eam
751 1115 886 1190 pertinet.
908 1111 953 1168 Ad
1006 1127 1074 1169 rum
1090 1115 1281 1188 promulgare
1304 1121 1334 1174 et
1360 1115 1530 1190 apostolicae
1554 1117 1744 1176 institutionis
1767 1133 1835 1174 cen·

123 1205 303 1278 Nora-Villa,
320 1221 390 1264 cum
403 1206 464 1262 suis
479 1205 571 1276 locis;
588 1205 628 1263 ad
649 1204 804 1263 llanticnis
827 1205 952 1269 curtem,
1008 1217 1078 1259 sura
1099 1203 1290 1262 confirmare.
1314 1205 1406 1276 Igitur
1427 1204 1500 1279 quia
1522 1205 1678 1278 postulasti
1703 1222 1722 1263 a
1746 1205 1836 1264 nobis

123 1300 273 1369 quantum
288 1293 329 1352 ad
351 1311 407 1351 vos
431 1295 599 1368 pertinent;
615 1294 782 1365 Parridum,
807 1307 876 1349 cum
892 1289 954 1346 suis
1007 1297 1166 1366 quatenm,
1190 1299 1292 1353 sancta
1313 1296 1584 1354 Beneventancnsis
1609 1295 1748 1364 Ecclesia,
1775 1295 1834 1363 cui,

123 1383 299 1456 adjacentiis
312 1401 319 1454 ;
332 1383 370 1440 de
385 1383 617 1442 llarcultl-Curte
628 1381 797 1455 ecclesiam,
812 1396 882 1437 cum
892 1378 954 1435 suis
1008 1383 1068 1438 [leo
1083 1381 1210 1452 favente,
1221 1400 1327 1458 praes,
1338 1385 1499 1457 privilegiis
1515 1389 1625 1442 sanctae
1648 1384 1729 1442 sedis
1748 1399 1836 1458 apos·

123 1472 315 1545 adjacentiis;
339 1471 562 1542 arbordi-Villa,
587 1489 657 1529 cum
672 1473 734 1528 suis
747 1469 951 1546 pertinentiis;
1007 1471 1102 1528 toliooe
1115 1472 1315 1543 decoraretur,
1323 1479 1351 1531 et
1361 1474 1500 1549 antiquos
1511 1474 1755 1532 terminoseidem
1767 1488 1836 1531 con·

124 1563 363 1620 Caslonis-Curte
377 1562 512 1632 ecclesia,
529 1561 658 1619 cumbis
672 1577 740 1634 quae
755 1559 792 1618 ad
809 1576 877 1617 eam
889 1573 954 1632 per·
1007 1575 1111 1616 cesses
1125 1561 1165 1618 ab
1178 1563 1417 1620 antecessoribus
1432 1564 1540 1620 nostris
1553 1562 1746 1636 pontificibus
1767 1578 1836 1619 oon-

123 1649 235 1718 linent;
251 1649 375 1706 ecclesia
387 1648 425 1705 de
437 1649 566 1721 llarlcio,
579 1664 650 1705 cum
674 1649 736 1704 suis
757 1645 952 1720 adjecentiis;
968 1665 988 1720 g
1007 1647 1208 1719 firmaremus,
1223 1651 1281 1724 piis
1296 1651 1355 1707 tuis
1379 1651 1533 1708 desideriis
1548 1651 1692 1716 faventes,
1711 1651 1768 1708 hac
1781 1665 1835 1708 no·

123 1737 248 1794 ecclesia
262 1738 300 1794 de
323 1737 562 1810 amonzei-Villa,
586 1753 657 1794 cum
680 1737 743 1793 suis
766 1734 952 1808 adjacentiis,
1007 1739 1067 1792 stra
1083 1737 1255 1794 auctoritate
1269 1738 1301 1794 id
1314 1739 1398 1811 quod
1413 1740 1583 1812 exposcitur
1608 1739 1725 1796 effectui
1750 1753 1836 1796 man-

124 1843 194 1884 cum
208 1825 302 1896 terris,
316 1831 345 1884 et
359 1826 453 1883 vineis
466 1829 495 1884 et
508 1825 699 1894 molendinis,
722 1841 792 1882 cum
813 1824 905 1881 servis
925 1829 954 1880 et
1007 1825 1153 1899 cipamus.
1164 1826 1361 1884 tloncedimus
1372 1827 1425 1883 tibi
1435 1831 1551 1900 tuaeque
1561 1832 1672 1884 sanctae
1687 1830 1835 1885 Beneven-

124 1914 257 1984 ancillis;
286 1913 410 1972 abbatia
432 1914 517 1982 Petri,
542 1919 570 1970 et
591 1913 715 1970 ecelesia
729 1913 767 1970 de
780 1916 897 1982 llaroa;
913 1912 953 1969 ad
1007 1915 1124 1971 tenensi
1138 1915 1275 1972 Ecclesia
1289 1931 1479 1990 quacunque
1491 1917 1624 1988 legaliter
1637 1921 1667 1974 et
1676 1916 1837 1974 rationabi-

125 2005 279 2062 limacum
290 2002 439 2078 quidquid
454 2003 493 2060 ad
510 2002 593 2060 illum
609 2002 710 2060 locum
724 2002 887 2076 pertinent,
913 1999 954 2058 ad
1006 2002 1072 2060 liter
1085 2004 1209 2076 antiquo
1221 2005 1289 2076 jure
1304 2010 1437 2078 tempore
1447 2007 1703 2078 predecessorum
1713 2010 1835 2062 tuorum

124 2093 327 2152 Nova-vilain
341 2093 479 2151 Barrensi
497 2093 650 2163 comitatu,
665 2093 813 2168 quidquid
827 2091 954 2166 pertinet
1009 2093 1072 2150 visa
1087 2098 1115 2150 ct
1125 2093 1293 2167 possidere,
1309 2093 1397 2151 idest
1413 2093 1560 2162 Bivinum,
1584 2095 1739 2160 Asculum,
1762 2094 1836 2152 Lari·

124 2183 248 2240 adeum
273 2181 385 2240 locum.
413 2185 479 2240 llaec
502 2182 646 2256 praedicta
668 2183 736 2239 loca
749 2183 862 2252 omnia,
883 2196 953 2236 cum
1007 2198 1092 2252 num,
1105 2183 1465 2256 Sipontumelecclesiam
1487 2186 1514 2242 S.
1537 2183 1684 2242 Michaelis
1707 2184 1835 2240 archan-

123 2271 265 2329 omnibus
282 2271 344 2328 suis
360 2271 536 2343 generaliter
558 2275 649 2346 atque
673 2271 837 2346 specialiter
862 2270 952 2343 perti-
1007 2271 1065 2343 geli
1076 2271 1106 2328 in
1126 2275 1228 2329 monte
1244 2274 1391 2344 Gargano,
1408 2289 1479 2329 cum
1497 2272 1754 2330 omnibuscorum
1766 2287 1835 2346 per·

122 2359 243 2434 nentiis,
258 2365 287 2418 et
300 2360 449 2435 quidquid
464 2364 523 2418 ileo
538 2360 704 2435 opitulante
723 2365 794 2418 voto
818 2359 953 2416 fidelium
1007 2360 1146 2426 hnentiis,
1171 2365 1200 2418 et
1214 2361 1318 2418 omnia
1346 2361 1460 2435 praedia
1477 2379 1547 2420 cum
1559 2362 1700 2434 ecclesiis,
1713 2360 1834 2418 familiis

122 2450 193 2508 huic
207 2450 391 2508 monasterio
403 2465 582 2508 concessum
596 2449 692 2520 tuerit,
717 2451 749 2506 in
768 2449 867 2507 futuro
882 2453 954 2506 tem·
1008 2450 1162 2524 utriusque
1178 2466 1278 2520 sexus,
1290 2455 1319 2508 el
1328 2451 1623 2526 massis,cuhclaque
1632 2451 1773 2508 intrature
1784 2465 1837 2524 pa·

123 2555 195 2613 pore
213 2555 267 2613 per
291 2537 349 2595 hoc
375 2542 512 2596 nostrum
537 2538 736 2612 apostolicum
763 2537 953 2612 privilegium
1007 2540 1117 2597 rochia
1130 2539 1197 2596 loca
1210 2539 1330 2598 ditionis
1342 2541 1473 2614 antiquae
1487 2543 1546 2598 tuoe
1567 2540 1703 2612 religioni
1717 2555 1836 2598 succes·

123 2629 292 2702 perenniter
304 2625 538 2697 confirmamus;
555 2633 617 2685 tam
631 2627 717 2686 robis
739 2643 833 2700 quam
848 2625 953 2684 vestris
1008 2629 1185 2703 acribusque
1194 2629 1252 2686 tuis
1264 2629 1457 2689 concedimus
1465 2630 1662 2699 dominanda,
1671 2630 1837 2700 etlegaliter

124 2716 359 2785 successoribus,
375 2720 404 2773 et
415 2717 539 2790 insuper
556 2717 615 2773 hoc
636 2725 747 2774 nostrae
772 2715 954 2773 auctoritatis
1008 2717 1253 2792 atquecanonice
1264 2717 1457 2792 disponenda
1470 2718 1838 2791 cumomnibnssuisper-

124 2805 278 2878 privilegio
305 2820 373 2861 esse
403 2805 642 2875 corroboratum,
671 2810 821 2880 quatenus
847 2805 954 2862 eadem
1008 2806 1148 2874 lincntiis,
1160 2806 1222 2863 sive
1230 2806 1289 2863 sint
1300 2807 1441 2876 civitates,
1454 2823 1507 2863 seu
1517 2823 1706 2881 quaecunque
1715 2806 1838 2864 castolla

125 2893 317 2952 Virdunensis
336 2892 478 2963 Ecclesia,
503 2910 572 2968 quas
600 2897 746 2952 hactenus
771 2893 809 2951 de
823 2893 891 2950 filiis
914 2892 954 2950 ab
1008 2909 1151 2969 possessa
1163 2892 1280 2950 dudum
1295 2893 1335 2950 ab
1354 2894 1591 2952 antecessoribus
1603 2895 1662 2951 tuis
1676 2894 1835 2968 episcopis.

124 2982 198 3058 ipsis
208 2981 340 3046 infantiae
350 2981 527 3039 rudimentis
539 2981 570 3040 in
584 2983 698 3053 grando
725 2999 779 3040 suo
800 2982 953 3056 expositis,
968 3013 990 3072 c
1009 2986 1168 3042 censentes
1175 2981 1324 3056 siquidem
1334 2982 1457 3056 insuper
1466 2983 1631 3057 apostolica
1637 2998 1766 3041 censura
1779 2981 1837 3040 sub

125 3072 199 3130 dum
214 3071 254 3130 ad
267 3076 390 3129 externa
404 3071 586 3130 monasteria
596 3071 820 3144 confugiebant,
835 3071 955 3129 frauda·
1008 3072 1103 3130 divini
1114 3071 1220 3144 judicii
1230 3071 1428 3129 obtestatione
1438 3077 1467 3130 et
1476 3072 1593 3142 validis,
1610 3077 1700 3146 atque
1710 3071 1836 3130 atrocio-

124 3162 223 3230 batur‚
237 3159 347 3218 adhinc
357 3165 386 3218 et
398 3161 540 3235 deinceps
551 3161 953 3234 inmembrosibisubjeclo;
1008 3161 1092 3218 ribus
1106 3161 1305 3218 anathematis
1327 3161 1596 3233 interdictionibus,
1617 3165 1650 3218 ut
1664 3161 1765 3218 nullus
1784 3176 1838 3218 un·

124 3249 249 3308 consilio
270 3251 314 3306 sui
339 3249 482 3324 episcopi,
510 3255 600 3323 atque
623 3250 811 3324 providentia
833 3247 955 3322 gloriosi
1009 3266 1103 3323 quam
1118 3250 1245 3322 alicujus
1259 3250 1412 3321 dignitatis
1426 3254 1571 3324 potestate
1588 3249 1731 3324 praeditus
1744 3249 1837 3305 homo

125 3336 416 3406 abbatisllumbcrti,
432 3337 590 3395 decorum
612 3343 715 3396 sancte
729 3339 955 3395 conversatione
1009 3343 1182 3412 praesumat,
1208 3339 1270 3396 sive
1295 3340 1334 3397 sit
1351 3339 1402 3396 illa
1426 3355 1549 3412 magna,
1577 3339 1639 3396 sive
1662 3354 1757 3413 parva
1773 3352 1839 3412 per·

125 3425 450 3497 sublimataglorietur.
467 3426 496 3484 si
510 3429 686 3500 quaeutem
696 3427 853 3484 temerario
866 3443 953 3494 ausu,
1009 3442 1094 3494 sona,
1112 3431 1164 3484 aut
1178 3429 1307 3498 Graecus,
1322 3427 1353 3484 in
1366 3426 1509 3500 praedicta
1529 3431 1581 3484 tua
1601 3428 1630 3484 S.
1660 3428 1839 3484 Beneventa-

124 3529 237 3586 magna
263 3531 419 3589 parvaque
435 3531 575 3590 persona,
599 3517 746 3590 cujusque
765 3517 879 3574 ordinis
903 3521 956 3573 aut
1009 3516 1111 3572 nensis
1127 3515 1255 3573 Ecclesia
1269 3515 1404 3590 aliquam
1413 3515 1475 3572 vim
1488 3515 1596 3583 lacere,
1609 3515 1657 3572 vel
1665 3515 1704 3572 de
1713 3513 1759 3570 his
1769 3528 1838 3587 ques

123 3604 290 3678 potestatis,
308 3605 502 3662 contrahanc
515 3610 651 3662 nostram
666 3606 865 3679 apostolicam
878 3621 955 3679 prae·
1010 3604 1037 3662 ei
1062 3605 1216 3679 pertinere.
1232 3604 1372 3661 videntur
1399 3604 1616 3678 quoquomodo
1634 3603 1761 3670 auferre,
1788 3605 1840 3660 aul

124 3695 293 3768 ceptionem
309 3694 391 3751 adire
402 3694 636 3768 praesumpserit,
652 3695 728 3752 sciat
741 3696 955 3752 scaucloritate
1009 3695 1150 3760 alienare,
1161 3693 1209 3750 vel
1222 3693 1248 3749 ei
1256 3693 1433 3750 imminuere
1441 3693 1595 3761 terminos,
1605 3693 1658 3748 sed
1669 3707 1724 3748 nec
1734 3706 1840 3764 quam-

125 3782 205 3838 beati
227 3781 302 3837 Petri
326 3782 535 3854 apostolorum
557 3783 700 3854 principis
715 3783 956 3838 excommunica·
1009 3785 1081 3840 libet
1095 3783 1253 3848 malitiam,
1267 3787 1319 3838 aul
1339 3783 1463 3852 jacturae
1487 3781 1655 3837 molestiam
1678 3781 1709 3836 in
1731 3779 1840 3836 eadem

125 3873 297 3941 tum,atque
313 3868 513 3924 anathematis
537 3869 653 3924 vinculo
677 3886 741 3925 esse
765 3869 954 3936 innodatum,
1009 3871 1117 3929 inferre
1143 3885 1327 3943 quocunque
1347 3875 1493 3943 tempore,
1515 3886 1570 3926 nee
1593 3869 1713 3926 licentia
1736 3868 1783 3940 sit,
1808 3871 1841 3926 ut

125 3963 154 4016 et
168 3974 187 4015 a
201 3973 295 4030 regno
312 3957 362 4013 liei
381 3957 523 4026 ahenum,
549 3973 617 4014 cum
642 3958 844 4030 omnibusque
856 3957 956 4031 impiis
1010 3960 1124 4017 dictum
1145 3963 1189 4015 est
1203 3975 1240 4016 cx
1254 3958 1307 4024 eis,
1323 3958 1371 4014 vel
1385 3957 1527 4014 omnibus
1550 3957 1648 4014 eidem
1672 3947 1841 4030 pertinenti-

125 4053 236 4105 rsterno
259 4045 398 4102 incendio
420 4049 511 4118 atque
537 4045 685 4118 supplicio
709 4047 954 4104 condemnatum.
1009 4048 1067 4105 bus
1080 4047 1222 4120 cuiquam
1236 4061 1354 4117 magnae
1376 4062 1538 4119 parvaeque
1552 4061 1688 4120 personae
1711 4044 1839 4114 auferre,

126 4137 181 4205 Qui
195 4151 265 4194 varo
291 4136 465 4192 observator
489 4135 630 4192 exstiterit
653 4137 743 4208 hujus
768 4135 861 4193 nostri
882 4151 957 4208 prae·
1011 4141 1043 4194 ut
1063 4135 1196 4210 prolecto
1207 4134 1337 4208 juxtaid
1360 4135 1442 4208 quod
1462 4151 1481 4192 a
1503 4134 1592 4192 nobis
1616 4139 1759 4191 statutum
1783 4137 1839 4204 est,

125 4225 214 4298 cepti,
250 4225 377 4296 gratiam
414 4229 504 4297 atque
539 4225 777 4283 misericordiam
805 4227 956 4300 vitamque
1011 4225 1118 4284 eadem
1143 4225 1344 4282 venerabilem
1372 4227 1400 4282 S.
1422 4223 1690 4281 beneventanensis
1711 4221 1841 4280 Ecclesia

126 4317 268 4370 aeternam
282 4329 300 4369 a
314 4313 596 4370 misericordissimo
621 4315 747 4388 Domino
769 4316 829 4372 lico
852 4320 992 4419 nostro„
1012 4314 1181 4390 apostolicis
1196 4315 1371 4382 constitutis,
1388 4319 1477 4388 atquc
1492 4313 1653 4387 privilegiis
1675 4312 1840 4369 consistens

126 4403 272 4476 consequi
284 4407 444 4471 mereatur,
1011 4409 1127 4473 ornata,
1143 4405 1320 4461 inconcusse
1334 4404 1438 4461 dotata
1452 4409 1636 4477 permaneat.
1654 4403 1682 4462 Si
1704 4402 1772 4476 quis
1786 4417 1840 4458 au·

163 4491 311 4565 Scriptum
321 4507 374 4565 per
381 4493 602 4549 menusLeonis
614 4493 748 4550 scrinarii
757 4497 868 4550 sanctre
877 4491 956 4548 sedis
1011 4501 1071 4552 tem
1088 4495 1179 4568 (quod
1193 4510 1254 4551 non
1264 4495 1416 4568 optamus)
1432 4492 1545 4552 nefario
1561 4509 1637 4550 ausu
1660 4493 1724 4550 haec
1738 4506 1806 4564 quae
1822 4505 1841 4548 a

126 4580 308 4653 apostolicae,
337 4581 368 4637 in
393 4597 497 4638 menso
523 4583 665 4640 ianuario
686 4599 740 4656 per
763 4581 957 4639 indictionem
1010 4583 1279 4642 nobisadlaudem
1295 4584 1410 4658 [leiprc
1429 4581 1588 4640 stabilitate
1599 4582 1664 4653 jam
1679 4581 1765 4637 dictae
1787 4581 1840 4636 Ec·

126 4669 440 4743 quartamdecimam.
457 4674 534 4728 Bene
548 4671 653 4728 valete.
670 4675 779 4729 ilatum
793 4690 811 4728 v
826 4673 894 4729 ldus
909 4674 958 4728 Ja-
1012 4674 1108 4730 alesia
1121 4675 1333 4730 Beneventano
1348 4675 1457 4728 statuta
1479 4675 1549 4727 sunt
1566 4669 1727 4741 refragare,
1744 4667 1841 4725 autin

127 4761 224 4816 nuarii
235 4777 422 4834 permanum
437 4761 549 4818 llartini
570 4761 702 4836 episcopi
713 4767 741 4820 et
751 4767 861 4820 sanctae
878 4765 958 4822 sedis
1011 4778 1167 4837 quoquam
1181 4761 1360 4832 transgredi,
1372 4761 1433 4816 sive
1448 4761 1566 4816 Graecus
1582 4761 1629 4826 sit,
1652 4774 1705 4816 seu
1712 4757 1840 4831 quicun-

127 4849 299 4922 apostolicae
309 4849 537 4922 bibliothecarii,
551 4866 633 4908 anno
639 4852 832 4925 pontificatus
842 4853 958 4911 domini
1012 4867 1071 4925 que
1084 4850 1158 4908 aller
1172 4851 1264 4906 homo
1280 4849 1331 4923 qui
1344 4849 1581 4906 dominationem
1603 4853 1655 4905 aul
1677 4847 1840 4920 primatum

127 4939 250 4996 loannis
261 4939 372 4995 summi
385 4937 536 5011 pontilicis
550 4944 579 4996 et
593 4941 767 4998 universalis
786 4942 958 5000 duodecimi
1012 4942 1123 4998 habere
1138 4939 1273 5008 volucrit,
1284 4955 1338 5014 per
1357 4956 1388 4994 sc
1399 4943 1451 4996 aut
1462 4954 1517 5012 per
1531 4938 1657 4994 alterum
1677 4935 1842 5010 quemlibet

128 5043 215 5101 papae
226 5029 255 5084 in
268 5027 472 5084 sacratissima
482 5027 552 5084 sede
561 5027 641 5084 beati
654 5031 727 5086 Petri
736 5029 862 5103 apostoli
871 5029 959 5103 septi·
1011 5031 1166 5087 hominem
1179 5030 1209 5085 in
1221 5029 1351 5102 praelatis
1361 5029 1491 5085 ecelesiis
1502 5029 1564 5086 sine
1575 5029 1728 5086 voluntate
1743 5031 1771 5083 et
1778 5027 1841 5097 jus·

129 5133 190 5186 mo,
204 5119 303 5191 primo
323 5117 355 5174 in
367 5133 480 5188 mense,
494 5119 523 5173 et
537 5115 697 5174 indictione
706 5125 815 5192 quarta
829 5120 957 5177 decima.
1013 5120 1096 5175 sione
1111 5117 1309 5176 Beneventani
1324 5118 1466 5192 episcopi,
1483 5123 1511 5175 cl
1530 5119 1571 5176 illi
1583 5119 1635 5192 qui
1649 5134 1700 5174 eos
1715 5117 1841 5172 tortasse

522 5209 566 5264 lV.
1012 5208 1142 5282 recipere
1152 5207 1407 5281 praesumpserint,
1423 5223 1529 5264 omrres
1540 5207 1650 5280 pariter
1661 5203 1718 5259 sub
1732 5201 1840 5258 eodem

198 5313 314 5355 roasars
333 5312 411 5355 rara
430 5313 469 5353 xri
487 5312 621 5354 eersrom
644 5312 680 5353 ln
703 5313 887 5355 inanescens
1012 5303 1115 5355 nostro
1139 5297 1302 5372 apostolico
1331 5301 1359 5354 et
1382 5297 1514 5354 districto
1540 5291 1692 5349 insolubili
1718 5291 1840 5347 anathe-

343 5385 559 5426 BENEVENTANU'
581 5383 744 5426 EP¹SC⁰PU¹·
1012 5392 1092 5444 mate
1106 5391 1313 5460 permaneant,
1329 5389 1357 5442 et
1371 5386 1401 5441 in
1416 5383 1530 5440 nullam
1548 5379 1705 5436 ecelesiam
1729 5379 1840 5436 intrare

452 5459 550 5525 (Amlo
564 5459 639 5528 ⁹5⁰·)
1013 5481 1207 5550 praesumant,
1227 5481 1280 5533 aut
1303 5472 1426 5546 aliquod
1447 5468 1579 5526 officium
1606 5467 1840 5525 ecclesiasticum

234 5543 334 5620 [Apud
349 5543 473 5618 Usshflffis
488 5547 698 5616 reuirescere,
714 5549 782 5616 V¹¹¹2
800 5547 856 5620 57·]
1013 5565 1132 5622 faciant.
1147 5569 1184 5622 llt
1206 5581 1276 5622 vero
1297 5561 1350 5636 qui
1368 5575 1423 5633 pro
1446 5557 1553 5616 intuitu
1571 5557 1747 5616 observator
1766 5561 1795 5614 et
1808 5555 1840 5612 in

165 5655 289 5718 loannes
300 5653 460 5729 episcopus
471 5670 575 5713 servus
591 5670 748 5712 servorum
758 5654 818 5728 Dei,
831 5669 955 5713 reveren
974 5707 982 5732 ,
1013 5652 1301 5714 omnibusexstiterit
1308 5648 1480 5708 custodiens
1489 5647 1581 5721 hujus
1590 5645 1841 5706 nostriconstituti
