4120 6154
118 161 161 216 ³53
436 156 438 160 ’
516 158 665 214 ΕΡΙΤΟΙΕ
686 160 868 218 uounlrult
888 161 918 216 S·
937 157 1039 218 GREG.
1060 163 1094 216 ΙΝ
1114 163 1185 218 tuit.
1206 193 1240 206 -
1261 167 1326 221 ΗΒ.
1347 165 1415 220 XX.
1767 165 1820 228 att

116 282 156 338 rel
169 295 330 354 pravorum
344 281 502 338 hominum
516 283 710 355 persuasione
725 283 833 340 callida
847 283 973 342 discr-A
992 283 1056 340 lum
1067 285 1233 344 circumdat
1246 287 1522 360 induentis,collum
1537 305 1608 350 vcro
1623 291 1820 362 cumstrlngi·

113 371 195 444 ptine
208 370 376 428 munimina
390 371 421 427 in
449 371 537 428 corde
552 371 747 444 dissipantur.
761 372 917 446 Sequitur:
991 375 1047 443 tur,
1068 391 1150 432 vocis
1165 391 1237 433 usus
1256 381 1286 434 et
1296 377 1392 434 vitalis
1414 379 1502 436 llatus
1524 385 1658 440 necatur.
1679 382 1818 438 Sancum

145 463 227 516 Vens.
246 459 288 516 15.
304 461 454 518 Reductus
479 477 544 517 sum
571 463 602 516 in
630 464 820 520 nibilum-
846 465 936 534 Apud
989 479 1061 532 ergo
1077 466 1237 522 Ecclesiam
1254 466 1374 538 reprobi
1388 467 1476 539 quasi
1488 469 1598 542 capitio
1608 470 1715 526 turriam
1731 485 1818 528 oons-

111 548 332 605 aestimationem
359 549 471 622 quippe
489 547 639 605 malorum
654 549 686 606 in
711 550 837 607 nibilum
860 551 935 604 redi·
975 555 1193 627 .trrngunt,qui
1206 555 1236 610 in
1247 571 1283 611 ea
1296 555 1554 628 persecutionibus
1569 558 1630 613 suis
1643 559 1736 616 vitam
1748 558 1819 618 lidei

112 639 212 706 gimur,
228 637 352 710 quando
367 651 403 693 aa
417 653 484 710 quae
498 637 556 710 ipsi
566 639 656 710 quasi
667 638 934 708 summadiligont,
989 645 1018 696 et
1035 642 1255 712 predicationis
1267 659 1373 700 vocam
1395 643 1567 716 extinguere
1594 651 1751 704 conantur.
1768 649 1818 704 Se-

111 725 184 780 booa
209 725 386 797 temporalia
410 741 471 782 non
494 731 639 783 tenemus
674 727 835 800 Sequitur:
862 727 936 782 Abs·
988 729 1109 801 quitur:
1270 793 1276 808 ·

111 817 200 870 tulisti
223 831 308 886 quasi
334 822 438 872 uentus
454 816 633 873 desiderium
653 833 760 875 mcum.
777 849 811 858 -
828 816 934 872 Fidelis
1025 819 1167 874 vasalli.
1191 820 1390 890 comparatas
1406 836 1470 878 sum
1493 822 1566 888 tuto,
1587 827 1614 877 et
1634 823 1838 880 assimilatus

109 904 213 976 quippe
229 903 360 977 populus
372 921 403 960 sa
427 905 490 978 pati
505 906 671 978 denuntiat,
688 907 770 980 quod
785 923 836 962 eos
857 922 934 978 quos
987 921 1051 962 sum
1059 909 1176 976 fauilla
1184 913 1211 964 ct
1223 911 1364 966 cineri-
1372 911 1402 964 lu
1412 908 1730 982 reproborumquippe
1738 910 1819 980 judi-

109 991 194 1063 tliligit
220 993 280 1064 pati
301 993 390 1050 dolet.
409 993 521 1050 Ventus
535 1010 607 1065 ergo
636 996 820 1052 desiderium
847 994 932 1064 tollit,
987 995 1818 1072 ciosanctaelectorumEcclesialutocomparatur,quia

108 1097 170 1137 cum
183 1097 232 1136 res
245 1081 386 1154 quaelibet
397 1083 568 1139 transitoria
583 1084 755 1141 eternitatis
766 1083 932 1156 appetitum
985 1084 1189 1156 temporaliter
1204 1085 1380 1142 concidente
1391 1085 1562 1160 despicitur:
1574 1088 1693 1156 saville
1703 1086 1818 1144 mimi-

106 1170 235 1236 destruit,
248 1170 299 1225 ubi
314 1171 414 1226 atlbuc
428 1185 561 1241 congrue
575 1172 773 1228 subinfertur:
790 1175 836 1228 Eo
852 1174 930 1228 sictut
985 1173 1064 1230 latur
1075 1179 1103 1230 et
1115 1178 1219 1240 cmcrd,
1234 1176 1307 1248 quia
1320 1175 1396 1232 dum
1410 1175 1492 1232 bona
1507 1177 1572 1247 cius
1602 1176 1742 1234 interiora
1755 1191 1817 1234 non

106 1261 189 1316 :rubes
212 1262 390 1329 pertransiit
416 1263 499 1317 solus
514 1277 590 1318 mec.
606 1294 639 1302 —
663 1263 760 1318 Nubes
773 1263 886 1334 quippe
901 1261 931 1317 in
986 1262 1098 1331 vident,
1114 1263 1152 1320 ad
1167 1265 1231 1320 sola
1245 1264 1324 1321 benc
1354 1264 1435 1322 mala
1456 1265 1630 1338 pervenisse
1657 1265 1816 1338 assumant,

104 1348 191 1404 altum
204 1349 326 1418 eminet,
340 1349 391 1404 scd
408 1350 485 1406 banc
500 1349 539 1405 ad
555 1365 676 1406 cursum
689 1351 777 1406 llatus
789 1339 930 1422 impellit:
985 1367 1053 1412 quie
1067 1351 1208 1408 exhibere
1222 1353 1415 1426 corporaliter
1429 1353 1541 1410 rident.
1557 1354 1707 1427 Sequitur:

104 1437 142 1492 sic
155 1437 308 1506 nimirum,
320 1437 361 1492 sic
374 1443 443 1493 sunt
460 1438 636 1510 temporalia
649 1439 823 1512 iniquorum
839 1438 929 1494 bona.
1020 1443 1104 1496 Vnus.
1121 1444 1163 1498 io.
1179 1443 1284 1498 Carmo
1307 1443 1348 1500 cd
1366 1449 1404 1512 tc,
1420 1448 1446 1500 et
1471 1459 1531 1500 non
1554 1444 1702 1515 coaeum
1719 1449 1774 1511 sto,
1790 1449 1818 1501 ct

103 1523 195 1580 :titum
219 1526 332 1599 qrdppe
360 1541 414 1598 per
441 1526 564 1582 honons
593 1526 798 1583 celsitudinem
822 1525 930 1592 degere
985 1546 1044 1586 reon
1061 1532 1181 1601 respicis
1196 1547 1252 1588 arc.
1271 1563 1305 1572 -
1319 1534 1428 1590 Sancta
1442 1533 1555 1606 quippe
1570 1533 1700 1590 Ecclesia
1720 1549 1816 1606 perse

103 1613 246 1688 videntur,
262 1621 290 1672 et
305 1616 343 1672 ad
362 1633 483 1672 cursum
509 1617 576 1672 vitre
593 1633 656 1672 sure
684 1617 818 1690 quotidie
839 1614 964 1693 quasip
984 1620 1184 1676 untionis-suae
1199 1621 1421 1692 temporalide
1438 1625 1507 1690 stat,
1523 1621 1816 1690 desideriisclamat,

99 1703 281 1774 quibusdam
296 1706 482 1763 mortalitatis
497 1721 559 1762 suae
579 1706 700 1762 llatibus
721 1706 926 1780 impelluntur.
983 1707 1036 1763 sed
1050 1707 1131 1764 dolet
1146 1725 1177 1764 se
1202 1709 1290 1781 quasi
1302 1723 1364 1764 non
1379 1707 1498 1780 respici,
1513 1709 1588 1766 dum
1611 1725 1667 1766 sua
1686 1708 1817 1766 videtin

103 1791 253 1863 Sequitur:
508 1790 513 1798 ’
983 1795 1224 1852 tribulationibus
1243 1801 1313 1853 vota
1328 1795 1449 1854 differri.
1463 1797 1620 1871 Sequitur:

135 1883 216 1938 Vens.
237 1886 269 1938 lo
293 1884 381 1938 Nunc
405 1889 505 1940 auten
529 1885 561 1939 in
585 1889 754 1952 memetipso
774 1884 928 1940 marcessit
1018 1887 1100 1940 Vnus.
1116 1886 1307 1942 timidulus
1322 1900 1352 1941 es
1372 1885 1448 1942 mibi
1462 1887 1492 1941 iu
1507 1886 1668 1942 crudelem.
1688 1884 1816 1942 -Aosi

99 1971 200 2027 unirnc
224 1987 298 2034 rrrea,
317 1977 343 2027 ct
369 1971 523 2041 possident
545 1987 591 2028 me
611 1973 671 2026 dies
694 1973 878 2041 afflictionis.
894 2003 929 2012 -
983 1978 1083 2044 aperte
1098 1973 1193 2028 diem:
1219 1972 1317 2036 Quiin
1332 1977 1359 2028 tc
1374 1973 1441 2046 ipso
1456 1973 1638 2030 crudelitatis
1652 1973 1694 2029 nil
1708 1973 1814 2044 babes,

98 2059 265 2114 Electorum
290 2059 402 2132 quippe
419 2059 521 2116 anima
535 2075 616 2115 nunc
640 2061 805 2128 marcessit,
816 2061 887 2133 quia
899 2063 929 2119 in
984 2059 1067 2126 mibi,
1081 2075 1173 2132 quem
1182 2060 1329 2134 respirare
1340 2076 1358 2116 a
1371 2061 1578 2133 persecutione
1593 2077 1655 2118 nou
1665 2061 1817 2130 siniacru-

97 2145 149 2202 illa
175 2149 370 2219 postmodum
397 2153 509 2204 :eterna
541 2147 738 2204 exsultatione
769 2149 928 2208 viridescit.
984 2147 1059 2202 dolis
1083 2147 1203 2204 videris.
1218 2149 1260 2204 lta
1275 2148 1356 2204 enim
1372 2149 1527 2205 Deusesse
1542 2149 1671 2206 crudelis
1686 2165 1816 2222 nonpo-

96 2235 189 2289 llloclo
204 2251 255 2290 eos
268 2236 331 2292 dies
344 2234 512 2291 alliictioois
529 2235 693 2308 possident,
709 2237 782 2308 quia
801 2238 865 2293 dies
878 2239 929 2296 lie·
984 2235 1140 2303 test,sicut
1161 2251 1216 2291 uec
1245 2236 1355 2291 mutari
1379 2236 1527 2293 ullaunus
1548 2242 1655 2309 potest.
1673 2237 1817 2311 Sedquia

96 2323 165 2378 titire
193 2329 262 2395 post
284 2329 459 2397 sequuntur.
487 2324 636 2396 Scriptum
651 2325 764 2397 quippe
779 2331 840 2382 est:
858 2351 872 2376 ll
888 2329 930 2384 ri·
983 2324 1107 2380 omnino
1119 2323 1149 2380 in
1160 2324 1221 2380 lieo
1234 2339 1392 2396 nunquam
1403 2340 1459 2381 neo
1474 2323 1634 2382 crudelitas
1650 2339 1705 2382 nec
1720 2330 1817 2382 mute·

95 2413 187 2468 menli
217 2414 375 2470 llomiuum
391 2415 468 2470 bene
489 2415 544 2469 erit
571 2413 601 2470 in
630 2415 770 2471 extremis
785 2416 892 2486 (dccli.
908 2435 926 2484 r,
981 2411 1080 2468 bilitas
1106 2412 1283 2478 sonituum
1310 2413 1384 2470 mibi
1409 2412 1490 2484 dicit,
1501 2411 1586 2485 quod
1600 2412 1631 2468 in
1655 2412 1817 2486 semetipso

98 2503 147 2572 13),
167 2525 180 2550 ‚›
198 2503 230 2558 Et
244 2517 363 2558 rursum
378 2503 415 2558 de
436 2501 568 2558 Ecclesia
583 2502 707 2559 dicitur:
730 2523 745 2558 s
763 2505 879 2562 ltidebit
896 2506 927 2562 in
980 2501 1075 2558 Deum
1086 2517 1140 2556 nec
1150 2500 1301 2558 crudelem
1308 2517 1365 2558 nec
1375 2501 1552 2558 mutabilem
1561 2500 1669 2558 scobat
1676 2499 1814 2558 ostendit.

95 2589 327 2646 dienovissimo
349 2592 658 2663 (Prou.xxn1,25).»
685 2591 741 2647 Sed
770 2592 834 2647 haec
858 2607 926 2664 qum
980 2594 1055 2646 Nam
1068 2591 1141 2647 dum
1156 2591 1235 2648 circa
1250 2607 1306 2648 nos
1324 2591 1467 2664 quaedam
1487 2594 1675 2664 prosperaret
1688 2590 1815 2648 adversa

96 2680 256 2752 allegorica
274 2679 468 2751 indagatione.
492 2681 735 2748 transcurrimus,
754 2687 871 2754 oportet
896 2687 928 2738 ut
980 2680 1816 2753 variantur,iueoquodnosmutamur,quasiejuscirca

95 2785 146 2841 per
159 2770 265 2825 ornnia
286 2771 376 2826 etiam
391 2771 477 2842 juxta
491 2770 650 2828 historiam
678 2775 833 2826 teneamus
857 2775 926 2837 Quae
980 2785 1036 2824 nos
1050 2773 1201 2826 mutatum
1215 2770 1352 2826 animum
1363 2771 1562 2843 suspicamur.
1574 2774 1640 2844 lpse
1653 2785 1724 2826 vero
1736 2769 1768 2826 in
1781 2785 1813 2826 sc

93 2862 191 2914 umen
207 2873 291 2914 nunc
305 2857 415 2914 idcirco
433 2864 588 2931 praetereo,
603 2858 677 2931 quia
691 2859 755 2914 brec
777 2863 806 2915 et
825 2863 928 2931 aperta
981 2857 1204 2914 commutabilis
1218 2873 1411 2931 permanens,
1428 2857 1512 2916 aliter
1522 2863 1611 2931 atqua
1624 2857 1708 2916 aliter
1718 2859 1749 2916 iu
1763 2874 1814 2914 co·

92 2963 153 3001 esse
169 2947 340 3016 legentibus
355 2961 416 3002 non
435 2946 551 3016 ignoro.
565 2947 723 3020 Sequitur:
941 2986 962 3045 C
982 2945 1122 3016 gitatione
1138 2945 1262 3002 sentitur
1275 2945 1436 3002 bominum
1449 2961 1504 3019 pro
1518 2946 1668 3018 ,qualitate
1693 2947 1813 3002 merito-

126 3041 209 3094 t'rus.
238 3042 281 3092 ll.
312 3037 352 3092 Et
367 3043 608 3092 uoctcosmcum
624 3037 927 3106 perserutatrdotori-
980 3050 1059 3090 rum.
1077 3034 1232 3107 Sequitur:
1249 3034 1333 3090 Elin
1349 3034 1463 3090 duritia
1479 3049 1585 3090 manus
1601 3039 1660 3091 tuce
1675 3035 1814 3092 aduersu

92 3125 194 3180 bus-
210 3124 290 3192 Quid
301 3141 355 3197 per
365 3140 446 3195 ossa,
463 3123 519 3179 nisi
535 3123 624 3179 fortes
638 3123 751 3197 quippe
768 3123 799 3180 in
814 3129 925 3181 sanctae
981 3126 1027 3180 n'o
1041 3125 1123 3181 milri.
1140 3155 1175 3164 -
1190 3125 1292 3180 Manus
1312 3122 1393 3178 anim
1414 3123 1464 3178 llei
1483 3123 1562 3178 dura
1582 3121 1721 3190 creditur,
1743 3139 1814 3181 cum

91 3215 227 3270 Ecclesiae
259 3230 383 3287 corpore
399 3213 621 3283 designantur?
639 3213 693 3286 qui
715 3214 803 3285 quasi
827 3231 862 3270 os
887 3214 926 3270 ab
980 3213 1125 3270 voluntati
1150 3218 1259 3270 nostrce
1283 3212 1432 3269 contraria
1455 3213 1513 3268 boc
1535 3212 1619 3285 quod
1638 3211 1666 3268 ei
1680 3211 1711 3268 in
1726 3211 1814 3268 nobis

90 3321 153 3360 osse
169 3303 313 3361 membra
328 3304 491 3372 continent,
507 3303 581 3358 dum
597 3317 698 3358 mores
708 3301 926 3360 infirmantium
980 3301 1127 3375 displicet,
1142 3301 1276 3358 feriendo
1290 3299 1490 3375 persequitur,
1505 3303 1533 3356 et
1547 3299 1666 3371 llagclla
1690 3300 1815 3370 ingemi-

89 3392 235 3450 stabiliter
261 3397 391 3465 portant.
417 3392 473 3448 Sed
496 3409 564 3448 cum
592 3390 791 3448 tribulationis
816 3391 926 3448 dumea
979 3396 1043 3459 nat,
1060 3408 1129 3448 cum
1151 3391 1279 3448 dolentis
1305 3390 1409 3448 anima
1433 3389 1623 3450 clementiam
1648 3393 1811 3464 exspectat.

89 3487 191 3539 contra
201 3497 274 3540 eam
286 3481 384 3538 fervor
395 3481 567 3552 excreverit,
584 3481 613 3537 in
625 3487 710 3540 nocte
723 3497 753 3538 os
765 3481 844 3538 illius
859 3497 926 3552 pcr-
980 3482 1052 3547 Quee
1061 3485 1162 3538 tameo
1170 3481 1257 3552 juxta
1265 3479 1415 3550 allegoria
1425 3479 1605 3553 mysterium
1612 3479 1690 3538 bane
1699 3483 1812 3537 macte

87 3571 211 3638 seratur
236 3571 404 3642 doloribus,
423 3570 495 3643 quia
522 3585 744 3644 nonnunquam
771 3571 925 3627 tormentis
979 3569 1111 3626 Ecclesia
1130 3567 1228 3626 verbis
1245 3573 1468 3638 congruarum
1482 3568 1608 3626 vocibus
1623 3567 1813 3628 intirmorum

87 3659 153 3714 victi
184 3661 280 3716 etiam
306 3660 365 3733 ipsi
393 3660 432 3716 ad
461 3659 619 3742 perfidiam
649 3659 861 3734 defluunt,qui
884 3659 924 3717 ad
978 3660 1032 3734 qui
1046 3659 1225 3732 plerumque
1240 3675 1271 3714 se
1282 3658 1351 3731 plus
1361 3659 1441 3716 lariri
1454 3659 1614 3729 estimant,
1629 3673 1724 3732 quam
1748 3674 1812 3716 me-

86 3747 179 3804 fidem
194 3749 274 3806 alios
289 3753 387 3806 tenere
401 3747 589 3805 videbantur.
603 3749 755 3821 Sequitur:
769 3751 809 3805 Et
820 3751 925 3821 quinte
978 3765 1035 3806 reri
1045 3753 1164 3822 putant,
1174 3753 1203 3805 et
1215 3747 1303 3821 quasi
1317 3747 1526 3806 credulitatem
1540 3747 1724 3806 arbitrantur
1736 3747 1814 3819 judi·

85 3841 249 3895 coruerlunt
264 3854 323 3894 uon
336 3838 579 3904 dormiunttiuia
593 3838 858 3912 malignispiritus,
871 3837 925 3911 qui
978 3841 1034 3909 cis,
1054 3838 1272 3895 districtionem
1295 3837 1501 3910 aequissimam
1529 3837 1665 3894 rationis.
1685 3837 1762 3903 Quia
1784 3841 1814 3894 et

84 3928 226 3984 carnales
256 3941 379 4000 quoque
407 3927 444 3982 de
470 3927 600 3982 Ecclesia
629 3931 822 3996 consumunt,
842 3931 924 3984 tanto
979 3927 1169 3984 cumvulnus
1179 3925 1250 3996 agri
1259 3925 1431 3982 medicinali
1444 3925 1626 3982 ferramento
1637 3925 1811 3994 absciditur,

82 4016 183 4084 magis
193 4014 377 4086 quiesceres
388 4013 706 4080 mutationenesciunt
716 4019 830 4086 quanto
841 4013 924 4070 nullo
978 4015 1115 4071 medicus
1127 4013 1258 4070 crudelis
1271 4018 1411 4070 vocatur:
1433 4012 1486 4085 qui
1497 4016 1599 4070 mmen
1615 4027 1669 4084 per
1685 4013 1813 4068 secantis

81 4103 186 4160 carnis
199 4101 336 4174 pondere
350 4105 500 4172 gravatur.
517 4101 673 4174 Sequitur:
979 4119 1088 4161 manus
1103 4102 1246 4158 dimitiam
1258 4102 1434 4158 adversatur
1443 4099 1568 4167 vulneri,
1583 4099 1636 4156 scd
1649 4099 1813 4157 concordat

115 4193 211 4247 Vens.
227 4193 270 4246 18.
287 4192 324 4246 Iu
338 4190 533 4248 multitudiue
547 4205 651 4247 eorum
665 4192 852 4246 consumitur
864 4207 924 4248 ves·
980 4193 1077 4250 saluti.
1091 4191 1245 4265 Sequitur:

82 4283 247 4338 irruentum
264 4295 371 4351 mcum,
387 4285 415 4336 et
439 4279 528 4351 quusi
541 4279 652 4349 capitio
675 4281 785 4336 tunicae
808 4281 923 4336 suemu-
942 4335 964 4389 ὓ
1016 4285 1099 4338 Vens.
1114 4285 1159 4336 ri.
1189 4280 1437 4348 liberationem
1466 4278 1557 4351 quasi
1579 4292 1673 4349 super
1693 4283 1813 4337 eertum

80 4377 196 4428 cerunt
211 4385 269 4426 use.
287 4401 321 4410 -—
346 4370 373 4426 Si
395 4369 527 4424 historiae
542 4369 736 4438 intendimus,
751 4369 825 4442 quid
839 4369 922 4426 abnd
975 4387 1090 4444 ponens
1114 4373 1222 4430 etiami
1234 4386 1281 4428 mc
1294 4370 1405 4427 valette.
1426 4401 1460 4412 -
1484 4368 1560 4436 Quia
1573 4368 1726 4442 presentis
1739 4369 1810 4427 vita

82 4461 302 4516 vestimentum
316 4458 423 4515 beatus
437 4457 504 4526 lob,
518 4473 611 4530 quam
625 4458 691 4530 ejus
716 4473 827 4530 corpus
843 4460 922 4516 acci·
977 4462 1082 4534 gloria,
1103 4460 1193 4535 quasi
1216 4461 1248 4517 in
1275 4460 1333 4518 alte
1354 4460 1495 4530 cernitur,
1519 4459 1573 4516 sed
1595 4459 1678 4517 nulla
1701 4459 1813 4517 stabili·

82 4547 313 4619 pimusrcujus
337 4545 472 4602 videlicet
492 4546 705 4602 vestimentum
724 4547 921 4617 consumitur,
975 4555 1036 4610 talc
1063 4551 1219 4622 solidatur,
1245 4550 1326 4607 velut
1354 4549 1487 4608 elevatur
1510 4554 1539 4606 et
1568 4563 1660 4624 super
1683 4553 1809 4610 sentum

81 4637 155 4694 dum
170 4653 248 4694 caro
262 4636 420 4693 cruciatur.
440 4639 528 4692 iuxta
549 4635 699 4706 allegoriae
723 4653 794 4692 vero
810 4641 921 4710 mysle-
975 4641 1107 4714 ponitur,
1121 4640 1172 4713 qui
1187 4638 1384 4714 prosperitate
1400 4637 1711 4696 transitorialmtatur.
1727 4639 1808 4703 Quo·

79 4727 169 4798 nam,
182 4725 402 4784 vestimentum
426 4729 470 4780 est
487 4729 599 4780 sanctae
622 4724 759 4782 Ecclesia
786 4725 921 4784 fidelium
975 4728 1179 4787 niamadboc
1194 4727 1292 4784 solum
1308 4727 1391 4782 hunc
1417 4726 1549 4798 fugitivae
1570 4725 1719 4782 felicitatis
1735 4739 1811 4784 aura

80 4816 150 4872 rita.
173 4819 258 4874 Nam
283 4815 358 4870 siout
383 4818 444 4872 tota
481 4813 571 4869 simul
605 4813 734 4871 Ecclesia
760 4815 921 4872 vestimen·
975 4817 1122 4887 sublevat,
1136 4821 1169 4873 ut
1191 4819 1313 4888 repente
1338 4813 1469 4870 deterius
1492 4814 1523 4869 in
1548 4813 1661 4869 infimis
1681 4817 1803 4870 obruat.

80 4907 143 4962 tum
159 4905 284 4972 Christi,
301 4905 342 4960 ita
360 4903 464 4960 fideles
484 4903 597 4977 quique
617 4904 754 4976 ejusdem
782 4905 920 4962 Ecclesiae
975 4907 1050 4971 Quia
1070 4905 1151 4963 enim
1172 4909 1277 4962 sancta
1301 4902 1431 4960 Ecclesia
1442 4899 1560 4958 abactis
1574 4902 1605 4958 iu
1620 4901 1736 4962 bonore
1750 4908 1806 4972 ast,

79 4997 265 5054 vestimenta
299 4994 490 5068 deputantur.
517 4993 589 5050 ilinc
616 4993 728 5050 Paulus
758 4994 817 5051 ait:
846 5017 859 5046 a
886 4998 921 5052 Ut
974 4995 1086 5052 infirmi
1108 4993 1266 5068 quippein
1289 5007 1335 5062 ea,
1349 4992 1401 5065 qui
1420 4989 1597 5048 transitoriis
1616 4992 1808 5051 successibus

79 5085 238 5144 exhiberet
266 5083 325 5140 sibi
355 5083 516 5154 gloriosam
537 5083 698 5140 Ecclesiam
719 5099 781 5140 non
804 5083 920 5140 haben-
973 5083 1122 5150 laetantur,
1146 5097 1209 5154 quo
1232 5081 1290 5138 uisi
1317 5095 1408 5154 super
1439 5085 1564 5138 venturo
1587 5079 1727 5139 videntur
1750 5080 1808 5138 ele-

79 5175 137 5231 um
152 5174 314 5233 maceriam
342 5178 395 5230 aut
419 5189 528 5244 rugam
558 5173 678 5246 (Epltes.
695 5189 722 5242 v,
745 5173 801 5242 27).
817 5193 831 5223 η
846 5171 920 5230 ilino
973 5171 1059 5230 vetii
1086 5171 1141 5238 Qui
1179 5169 1381 5244 subsequente
1417 5169 1632 5243 persecutionis
1662 5174 1807 5239 empore,

77 5279 131 5334 per
144 5265 333 5338 prophetam
349 5263 492 5318 Dominus
507 5263 567 5318 ait:
580 5285 593 5314 e
612 5261 688 5318 Vivo
700 5277 757 5332 etro
771 5262 919 5334 quiaom-
974 5261 1048 5316 dum
1077 5257 1284 5333 prosperitatis
1310 5274 1386 5316 aura
1412 5258 1582 5332 permansit,
1606 5271 1712 5314 eorum
1740 5266 1807 5323 pre

78 5353 168 5410 nibus
189 5355 240 5410 his
269 5351 350 5409 velut
372 5356 551 5408 ornamento
579 5351 711 5409 vestieris
743 5351 810 5419 tiso.
840 5367 918 5423 xcix,
974 5349 1054 5406 tinus
1067 5348 1367 5418 clevatiocorruit‚et
1380 5351 1501 5421 repente
1520 5343 1662 5402 cadentm
1676 5339 1806 5408 ducunt,

79 5445 132 5505 llil.
148 5463 163 5495 »
181 5442 244 5502 Sed
256 5457 327 5498 cum
342 5439 473 5512 procella
486 5455 547 5494 succ
558 5439 774 5512 persecutionis
786 5437 920 5494 oboritur
974 5438 1046 5512 quia
1060 5437 1165 5495 elevati
1178 5436 1262 5510 prius
1274 5437 1440 5494 inventum
1460 5433 1610 5490 sederunt.
1626 5430 1698 5492 Quo
1707 5425 1808 5486 videli-

78 5531 216 5606 plan'que
232 5529 370 5586 lidelium
384 5527 423 5583 ab
438 5528 503 5598 ejus
514 5543 615 5583 amore
632 5531 820 5602 separantur,
831 5526 884 5604 qui
893 5527 920 5582 ei
975 5531 1021 5584 cet
1035 5527 1127 5584 verba
1141 5526 1231 5584 ebam
1243 5526 1338 5583 sancti
1353 5524 1408 5581 viri
1420 5516 1806 5594 personespectalitsrooa-

79 5621 183 5680 sedula
198 5619 348 5678 inherere
363 5615 553 5673 videbantur.
574 5617 691 5676 Tunica
705 5617 848 5690 capitium
862 5615 920 5673 col·
977 5621 1099 5688 gruunt,
1116 5631 1176 5672 non
1191 5615 1230 5673 ad
1242 5615 1273 5672 id
1285 5612 1369 5687 quod
1393 5612 1465 5676 erat.
1480 5604 1533 5662 Sed
1547 5605 1587 5663 &d
1601 5606 1634 5665 id
1643 5607 1727 5682 quod
1741 5621 1806 5663 ⁰⁸⁸⁰
