4160 6162
85 197 91 205 “
188 202 266 258 Μ’
724 189 752 244 S.
774 183 903 242 ODONlS
923 180 1067 238 ABBATIS
1087 177 1336 236 utuntncnnsls
1355 177 1377 231 ll
1846 173 1912 230 Μ’

189 325 265 382 sicut
289 320 387 396 proles
410 317 439 372 in
455 318 538 372 utero
565 311 741 386 concipitur,
758 311 799 366 sic
825 305 965 378 cogitatio
987 304 1018 361 in
1072 317 1136 359 rem
1151 300 1297 359 malitiam
1311 303 1415 358 contra
1428 296 1582 372 proximos
1597 295 1628 352 in
1645 299 1745 353 ments
1759 295 1901 369 concipit,

189 415 287 471 mente
313 411 480 480 generatur.
498 408 531 462 Et
554 405 631 461 sicut
654 404 685 460 in
707 405 810 459 ventre
836 397 905 468 cibi,
923 397 965 452 ita
988 395 1019 450 in
1073 395 1186 466 quanto
1212 390 1293 448 solus
1321 405 1383 464 prae
1416 386 1558 446 omnibus
1588 385 1683 443 videri
1715 384 1904 442 innocentior

190 505 287 558 mente
303 497 492 555 continentur
506 493 711 566 cogitationes.
733 493 820 548 Vetus
840 487 952 561 quippe
966 484 1020 586 try-
1073 481 1188 556 quaerit.

189 591 310 665 pocritae
324 591 479 660 preparet
501 585 595 658 dolus,
608 583 681 657 quia
694 585 776 639 tanto
791 592 911 651 semper
926 589 1021 646 majo-

194 748 1897 796 ffl'ffl*

655 953 827 1058 LIBER
882 943 1117 1034 TERTIUS
1174 941 1431 1030 DECIMUS.

942 1133 1144 1148 ω

507 1285 620 1343 entur
639 1283 708 1341 XVI.
1037 1275 1214 1333 bcussione
1237 1273 1408 1332 interiorem
1432 1273 1464 1330 in
1487 1273 1530 1330 eis
1553 1271 1761 1329 convalescere
1776 1271 1907 1330 salutem

231 1383 313 1435 Vsus.
330 1382 354 1446 t,
371 1377 398 1432 2.
426 1375 614 1446 despondens
633 1373 689 1430 Job
712 1373 808 1429 dicit:
829 1370 942 1426 Audict
965 1369 1023 1434 tre·
1076 1363 1255 1421 indicamus.
1271 1366 1366 1438 Caput
1379 1363 1470 1420 etiem
1486 1377 1656 1429 movemus,
1672 1377 1743 1418 cum
1762 1364 1907 1430 mentem,

194 1472 319 1540 qucrrter
334 1468 419 1523 totta.
434 1497 468 1505 -—
490 1463 579 1520 Elceti
600 1463 712 1536 quippe
736 1461 905 1533 frequenter
926 1457 1023 1514 aliena
1076 1469 1144 1526 qure
1157 1451 1321 1526 principale
1333 1455 1472 1508 nostrum
1485 1454 1539 1523 est,
1551 1450 1591 1507 ad
1606 1449 1849 1523 compassionem
1864 1449 1909 1506 in-

194 1556 275 1613 mala
288 1555 373 1628 quasi
390 1569 445 1608 sua
465 1551 601 1622 audiunt,
618 1555 646 1606 et
660 1550 699 1606 ab
722 1548 769 1605 his
783 1547 825 1604 cis
841 1547 954 1603 crimen
966 1545 1022 1602 im·
1076 1539 1910 1615 decumusaosqueinterflagellaroboramuccumdcto-

194 1645 337 1720 pingitur,
353 1642 496 1716 aquibus
512 1639 638 1697 crimina
656 1639 788 1713 impacta
802 1635 1021 1711 perpetrantur.
1076 1631 1117 1688 ris
1131 1647 1236 1688 eornm
1246 1630 1308 1687 vim
1327 1629 1425 1688 verbis
1440 1629 1563 1686 mitibus
1576 1628 1715 1686 lenimus.
1731 1631 1806 1686 Sunt
1819 1643 1908 1687 nam-

196 1740 255 1792 nse
279 1734 359 1791 enim
379 1731 577 1805 responsione
590 1730 696 1787 beatus
719 1728 770 1785 Iob
790 1727 864 1784 illud
888 1726 1024 1784 Ecclesiae
1078 1737 1136 1796 quc
1150 1719 1297 1793 nonnulli,
1311 1719 1452 1794 quidum
1467 1719 1584 1776 interna
1599 1717 1745 1791 nesciunt,
1763 1717 1800 1775 de
1819 1717 1909 1775 melis

196 1829 314 1896 tempus
341 1821 490 1892 signiticnt
512 1835 584 1893 quo,
607 1833 754 1892 oppressa
779 1817 819 1874 ab
846 1814 1044 1873 adversariis
1078 1810 1273 1869 exterioribus
1297 1809 1522 1884 desperabiliter
1536 1808 1720 1879 affliguntur.
1737 1807 1824 1876 Quod
1834 1823 1909 1866 vcro

195 1911 352 1986 temporali
374 1927 478 1968 eorum
494 1907 637 1982 potentia,
652 1907 742 1981 quasi
755 1907 870 1979 dejecta
884 1905 1023 1963 creditur.
1078 1916 1141 1958 non
1152 1900 1202 1968 ait,
1216 1915 1354 1973 parcens,
1371 1899 1424 1956 scd
1437 1900 1525 1971 quusi
1535 1913 1665 1970 parcens
1686 1897 1776 1967 cobet,
1792 1912 1909 1972 nequa-

197 2002 280 2059 Unde
294 2000 446 2074 sequitur:
464 1998 672 2054 Consolatores
686 1997 913 2053 onerostomnes
927 2009 1025 2051 ocs—
1078 2005 1172 2065 quam
1193 1991 1250 2047 hoc
1272 1988 1456 2062 negligenter
1481 1987 1724 2062 pretereundum
1735 1991 1820 2062 puto,
1835 1987 1909 2061 quia

196 2091 262 2147 Sive
277 2089 358 2146 enim
373 2085 502 2145 haeretici
525 2101 579 2142 scu
599 2085 686 2159 pravi
710 2084 843 2158 quilibet,
860 2100 929 2140 cum
943 2082 1026 2140 laho-
1079 2084 1183 2138 sancta
1196 2079 1324 2137 Ecclesia
1338 2078 1503 2153 discipline
1513 2078 1648 2151 vigorem
1661 2093 1732 2134 cum
1742 2077 1911 2152 permistio·

196 2195 262 2236 rare
276 2178 374 2234 bonos
388 2176 419 2232 in
432 2175 609 2232 adversitate
620 2174 818 2248 conspiciunt,
833 2174 865 2230 in
884 2189 920 2230 eo
942 2173 1025 2246 quod
1079 2187 1116 2228 ne
1143 2169 1383 2227 mausuetudinis
1405 2183 1538 2238 servans,
1567 2166 1733 2242 aliquanto
1759 2166 1858 2237 malis,
1880 2170 1933 2224 et·

197 2284 249 2325 eos
273 2265 420 2324 consolari
444 2269 599 2338 appetunt,
614 2263 697 2321 mala
725 2263 768 2320 eis
783 2261 963 2336 persuadere
979 2277 1026 2319 co
1079 2259 1165 2334 quasi
1177 2274 1314 2333 parcens,
1330 2259 1435 2333 parcit,
1447 2257 1611 2332 aliquando
1621 2273 1693 2315 vero
1705 2261 1734 2315 et
1747 2256 1835 2331 quasi
1847 2271 1910 2314 non

197 2361 316 2415 nentur.
333 2355 418 2412 Unde
442 2370 504 2411 non
526 2348 676 2410 iunnerito
701 2352 853 2409 bonorum
875 2351 1025 2407 mentibus
1078 2364 1216 2422 parcens,
1232 2348 1336 2422 parcit.
1353 2351 1462 2406 Sancta
1480 2363 1553 2420 ergo
1568 2347 1699 2405 Ecclesia
1717 2363 1787 2404 oum
1800 2346 1910 2421 pradi-

198 2462 326 2503 onerosa
339 2446 373 2500 fit
384 2460 490 2500 eorum
503 2442 759 2514 consolatio,quia
774 2441 850 2496 inter
860 2439 952 2496 verba
962 2439 1026 2496 dul·
1080 2440 1194 2493 catores
1210 2451 1280 2493 suos
1295 2435 1438 2510 quaedsm
1461 2435 1541 2493 iacta
1552 2435 1702 2494 malorum
1715 2435 1774 2492 sub
1788 2434 1911 2509 dispen-

199 2533 322 2598 cedinis,
332 2532 415 2587 virus
425 2531 586 2604 propinare
601 2529 725 2602 cupiunt
734 2528 850 2584 erroris.
866 2528 1023 2600 Sequitur:
1081 2525 1196 2582 satione
1217 2525 1394 2582 invectionis
1419 2524 1563 2599 increpat,
1578 2524 1661 2582 labia
1675 2523 1763 2599 quasi
1781 2539 1910 2598 parcens

235 2623 355 2676 versu
370 2618 517 2690 Nnnqur'rt
528 2616 774 2693 trabebantfincm
786 2617 875 2674 certic
886 2619 1061 2687 centosctc
1080 2617 1189 2682 movet,
1207 2613 1261 2671 sed
1281 2618 1384 2671 temen
1406 2614 1559 2687 parcendo
1579 2629 1642 2671 non
1662 2613 1767 2688 parcit,
1784 2612 1856 2687 quia
1870 2614 1910 2670 ab

199 2739 234 2746 -
246 2709 373 2764 ventose
387 2705 468 2762 enim
481 2705 575 2762 rerba
588 2709 667 2775 sunt,
678 2721 747 2778 quse
757 2705 903 2762 inflationi
913 2710 1027 2782 tempo-
1079 2701 1244 2760 invectione
1265 2701 1361 2776 culpe
1384 2701 1560 2774 generaliter
1578 2717 1641 2760 non
1660 2705 1746 2771 tacet,
1761 2717 1831 2775 quae
1845 2717 1911 2776 spe-

198 2796 253 2852 rali
267 2796 368 2870 potius
389 2811 483 2869 quam
505 2794 650 2853 rectudini
666 2795 809 2852 serviunt.
827 2798 910 2870 Saepe
925 2801 1026 2855 autem
1080 2790 1194 2848 cialiter
1206 2785 1298 2849 latti-¹
1310 2791 1467 2864 Sequitur:

198 2885 271 2943 mali
282 2885 370 2942 etiam
382 2884 465 2941 hone
480 2883 654 2956 dicunt‚sed
667 2884 740 2958 quia
752 2900 813 2941 non
825 2885 1024 2952 benedicunt,
1116 2881 1201 2939 Vltus.
1217 2887 1244 2937 7·
1258 2881 1318 2938 Sed
1329 2881 1403 2954 quid
1417 2885 1530 2954 agam?
1549 2881 1585 2938 Si
1605 2882 1722 2938 Clitum
1735 2881 1834 2951 sums
1850 2896 1911 2938 Μ

198 2977 324 3032 ventose
347 2973 441 3031 verba
463 2971 628 3047 proicruut.
645 2977 718 3031 Nam
743 2973 823 3031 dicte
844 2991 950 3032 eorum
973 2977 1027 3033 etsi
1081 2971 1204 3042 quiescit
1227 2971 1466 3034 dolomense
1485 2972 1512 3028 st
1532 2976 1664 3039 tacerem,
1680 2985 1740 3027 non
1766 2969 1912 3028 recedita

198 3062 323 3136 quando
346 3078 420 3121 sana
444 3067 516 3119 sirnt
538 3078 593 3138 por
607 3063 793 3134 sententiam,
809 3063 913 3122 inflata
925 3069 1027 3124 temen
1080 3074 1137 3116 me·
1151 3091 1185 3101 -
1197 3061 1258 3116 Hoc
1280 3073 1417 3132 personoe
1441 3059 1521 3117 beati
1543 3059 1598 3117 lob
1611 3058 1740 3133 qualit&
1753 3063 1910 3131 fflssssfflflls

199 3157 269 3208 sunt
282 3167 336 3225 per
347 3151 517 3208 elationem.
536 3152 692 3226 Sequitur:
709 3153 771 3209 Aut
781 3153 899 3224 utiqutct
909 3153 1028 3212 tittmo-
1081 3147 1182 3204 nullus
1204 3147 1341 3218 ignorum
1357 3147 1411 3204 sed
1425 3147 1449 3204 si
1467 3148 1507 3205 ad
1523 3151 1635 3206 sanetur
1650 3147 1788 3207 Ecclesia}
1804 3153 1912 3222 typum

201 3241 308 3296 testum
323 3246 364 3296 est
378 3241 404 3296 st
420 3241 577 3311 loquoris?
588 3273 624 3284 --
638 3240 704 3297 ltali
717 3239 771 3296 viri
786 3257 855 3297 cum
868 3241 933 3300 aliis
948 3243 1027 3302 simi·
1081 3237 1226 3305 trahetur,
1239 3237 1303 3294 11aess
1313 3241 1342 3294 tt
1359 3253 1428 3294 0¹11ss
1443 3237 1575 3312 l⁰t111st111⁸
1588 3237 1675 3296 dolor
1688 3237 1812 3296 minime
1825 3237 1910 3312 quie·

199 3326 278 3382 libus
302 3327 358 3383 sibi
384 3328 557 3384 conviciosa
579 3328 673 3386 verba
695 3328 861 3402 proterunt,
883 3347 919 3387 eo
942 3331 1027 3389 citius
1082 3327 1146 3396 scit,
1162 3325 1287 3401 quando
1298 3326 1449 3385 locutione
1472 3343 1527 3385 sua
1541 3343 1697 3402 perversos
1709 3327 1834 3385 minime
1848 3343 1912 3385 cor·

200 3414 420 3478 obmutescunt,
436 3416 520 3488 quod
534 3415 571 3472 da
584 3432 616 3474 se
631 3417 701 3475 talis
717 3433 789 3474 mox
803 3419 940 3490 audiunt,
951 3435 1028 3494 qua·
1081 3416 1137 3488 rigi
1151 3416 1307 3490 conspicit,
1323 3421 1352 3474 et
1365 3433 1435 3474 cum
1455 3421 1533 3476 tacet
1551 3418 1637 3476 dolor
1651 3417 1775 3476 minime
1788 3417 1911 3486 recedit,

199 3501 240 3560 lie
260 3503 321 3559 suis
338 3503 525 3561 auditoribus
538 3504 651 3562 dicunt.
667 3506 742 3562 Cum
758 3512 858 3564 autem
872 3508 970 3566 honos
985 3510 1027 3566 vi·
1081 3506 1153 3580 quia
1165 3506 1219 3563 etsi
1235 3511 1373 3564 aversata
1388 3507 1571 3580 conticuerit,
1587 3508 1644 3565 hoc
1658 3507 1761 3582 ipsum
1780 3507 1910 3582 amplius

200 3607 249 3648 ros
262 3599 316 3665 per
330 3592 540 3650 vitioscverbs
552 3594 734 3667 jaculantur,
747 3595 872 3654 nihileis
884 3599 1027 3656 molestie
1081 3594 1165 3668 quod
1187 3599 1265 3652 tacet
1288 3595 1389 3666 gemit,
1405 3595 1477 3670 quia
1504 3612 1535 3652 se
1559 3600 1674 3654 tacente
1697 3611 1910 3670 perversorum

200 3696 237 3737 ex
251 3681 385 3738 convicio
399 3682 541 3752 nescitur,
553 3683 625 3756 quia
639 3688 742 3742 contra
756 3689 888 3743 tacentes
901 3687 1028 3762 loquun-
1082 3682 1186 3756 culpas
1201 3699 1370 3740 excrescere
1385 3684 1539 3760 conspicit.
1557 3684 1712 3759 Sequitur:
1851 3695 1853 3700 '

201 3773 259 3836 tm,
271 3784 327 3826 nso
341 3769 525 3842 compellunt
538 3770 641 3829 audire
665 3773 747 3846 quod
769 3777 935 3849 suntquis
953 3777 1028 3850 justi
1119 3775 1203 3830 Vens.
1220 3775 1246 3830 8.
1263 3774 1353 3832 Nunc
1365 3780 1465 3832 autem
1488 3776 1633 3846 oppressit
1656 3791 1703 3833 me
1717 3775 1805 3832 dolor
1817 3789 1908 3832 meus.

201 3852 337 3916 convicia
348 3875 410 3916 non
424 3859 563 3931 reddunt,
579 3861 669 3920 etiam
687 3862 762 3920 dum
781 3869 930 3936 coguntur
944 3867 1028 3924 audi-
1084 3861 1189 3919 Dolore
1214 3879 1269 3920 suo
1294 3867 1398 3922 sancta
1413 3862 1545 3922 Ecclesia
1564 3863 1719 3938 premitur,
1735 3863 1859 3938 quando
1878 3864 1911 3920 in

200 3963 233 4002 re
246 3946 330 4019 quod
344 3963 406 4004 non
420 3953 499 4006 sunt.
517 3950 670 4024 chuitur:
1042 3985 1064 4040 D
1083 3951 1197 4009 malitia
1220 3968 1275 4010 sua
1298 3968 1429 4010 crescere
1453 3969 1612 4028 perversos
1630 3953 1769 4011 intuetur.
1786 3955 1820 4010 Et
1838 3953 1912 4026 quia

235 4038 321 4094 Vens.
337 4041 364 4095 4.
380 4039 521 4097 Poteram
537 4045 565 4099 ct
579 4056 632 4114 epo
645 4042 757 4101 nmilia
779 4047 872 4102 vestri
886 4047 977 4120 toqui.
993 4078 1027 4089 -
1083 4039 1157 4098 dum
1172 4041 1263 4115 pauci
1276 4046 1423 4114 crescunt,
1439 4041 1530 4100 etiem
1545 4041 1657 4100 infirmi
1669 4041 1723 4116 qui
1735 4042 1766 4100 in
1778 4057 1814 4099 ca
1828 4044 1910 4113 sunt,

201 4127 416 4198 Narratjtlstus
430 4127 501 4202 quid
518 4128 615 4188 facore
628 4132 745 4205 poterit,
762 4135 816 4191 ssd
830 4151 868 4192 ne
881 4136 1027 4208 iustitiam
1082 4130 1121 4188 ad
1154 4130 1309 4205 sequenda
1338 4131 1437 4189 studia
1463 4131 1617 4205 pravitatis
1642 4131 1805 4202 irritantur,
1831 4135 1912 4188 recte

200 4214 328 4285 deserat,
343 4217 428 4288 quod
439 4217 535 4275 iacere
549 4223 667 4292 poterat
680 4221 818 4280 declinat.
837 4225 990 4298 Sequitur:
1082 4219 1220 4278 additur:
1236 4221 1277 4278 Et
1295 4220 1336 4279 ud
1349 4219 1480 4278 nibilum
1496 4221 1613 4278 redacti
1622 4227 1694 4278 sunt
1708 4235 1809 4278 omnes
1824 4225 1912 4277 crtus

236 4305 319 4359 Vens.
332 4308 359 4372 5,
375 4307 401 4359 c.
417 4305 515 4376 Atque
529 4308 646 4364 utinam
660 4317 733 4368 esset
749 4313 851 4369 anima
865 4320 964 4371 vestra
972 4331 1028 4386 prc
1082 4309 1148 4366 met.
1164 4341 1198 4350 —
1212 4309 1292 4367 Sicut
1306 4309 1386 4366 enim
1410 4326 1464 4383 per
1482 4326 1552 4367 ossa
1575 4309 1676 4382 fortes,
1692 4309 1734 4367 sio
1758 4324 1812 4384 per
1827 4313 1911 4366 artus

201 4389 304 4447 aalma
321 4395 407 4448 mec!
427 4394 610 4453 Ocrrsritcrer
621 4401 649 4454 et
661 4413 714 4468 ego
729 4403 1028 4474 concernentium
1078 4389 1192 4454 'infirmi
1203 4398 1316 4472 quique
1330 4397 1479 4470 designari
1495 4398 1600 4458 solent.
1621 4399 1754 4458 ltembra
1768 4413 1841 4470 ergo
1856 4399 1910 4454 Ec·

200 4493 355 4541 stroverem,
367 4489 459 4551 caput
479 4496 576 4540 cneum
600 4500 691 4556 ευμεν
705 4502 765 4544 vos.
782 4489 962 4550 Rcbcrcrem
978 4508 1028 4551 vos
1082 4485 1179 4544 clesiae
1193 4487 1233 4545 cd
1247 4486 1375 4544 nibilum
1386 4487 1573 4560 rediguntur,
1587 4487 1712 4562 quando
1726 4503 1762 4545 ex
1773 4485 1914 4544 imitatio·

201 4581 253 4625 cre
263 4581 338 4640 meo,
349 4573 377 4626 et
389 4584 536 4629 moverem
552 4573 636 4632 lubic
649 4577 738 4648 quusi
746 4591 876 4648 parcens
889 4581 979 4638 colb.
993 4611 1028 4623 -
1081 4591 1119 4634 ne
1133 4592 1298 4650 pravorum
1317 4577 1347 4634 in
1373 4577 1431 4635 hoc
1444 4577 1561 4634 mundo
1575 4577 1782 4644 crescentium,
1798 4575 1911 4634 infirmi

200 4655 370 4731 Aliquando
394 4674 515 4718 necesse
538 4666 586 4720 cst
610 4666 644 4722 nt
667 4665 768 4740 pravis
792 4667 944 4726 mentibus
959 4687 1027 4744 ques
1081 4666 1194 4742 quique
1219 4667 1349 4724 deterius
1380 4666 1590 4726 informentur.
1629 4667 1765 4726 Videntes
1799 4666 1910 4724 etenim

200 4746 335 4806 humana
344 4749 555 4822 praedicatione
566 4755 674 4828 corrigi
687 4761 851 4832 nequeunt,
861 4758 963 4820 divina
974 4760 1028 4820 tla-
1081 4757 1231 4816 malorum
1268 4756 1448 4829 felicitatem,
1479 4771 1560 4832 saepe
1595 4761 1623 4814 et
1659 4756 1700 4814 ab
1734 4756 1801 4830 ipso
1839 4753 1910 4812 fidei

201 4835 278 4935 gella
299 4839 396 4910 optari
418 4839 549 4913 benignu
568 4841 709 4904 debeant.
725 4848 811 4913 Quod
830 4865 899 4906 cum
915 4867 1027 4925 magno
1081 4851 1160 4906 statu
1193 4847 1377 4906 dilabuntur.
1402 4848 1482 4905 Bene
1521 4850 1621 4905 autem
1657 4846 1783 4904 dicitur:
1819 4847 1911 4904 Nunc

200 4921 233 4978 tn
247 4925 358 5022 amoris
372 4927 481 4996 studio,
493 4930 630 4989 videlicet
642 4949 704 4991 non
717 4935 843 4994 errantis
855 4954 955 5013 poena,
972 4943 1026 5000 sed
1080 4942 1190 5006 cutem,
1219 4935 1292 5010 quia
1318 4935 1456 4994 videlicet
1480 4939 1599 5010 tempus
1634 4935 1747 4995 doloris
1771 4933 1909 4992 Ecclesia

200 5015 665 5110 cerrepttoquoeritunetomfio
681 5025 887 5100 potiusquam
900 5029 1025 5088 maledi·
1080 5025 1172 5085 modo
1197 5029 1252 5092 est,
1280 5027 1309 5082 et
1336 5027 1454 5099 tempus
1486 5025 1588 5097 gaudii
1623 5023 1830 5100 postmodum.
1860 5025 1910 5081 Se·

199 5101 257 5156 ctio
282 5106 561 5196 esse'monstrctur.
578 5107 749 5170 Notandum
770 5115 854 5189 quod
877 5133 939 5175 non
964 5120 1023 5178 ait:
1079 5115 1199 5190 quitur:
1671 5146 1672 5150 =

199 5185 281 5242 Esset
307 5199 410 5242 amma
434 5203 503 5290 mea
527 5203 587 5265 pro
612 5197 714 5255 anima
740 5204 849 5274 vestra,
871 5203 933 5274 sed,
965 5205 1026 5263 uc-
1114 5207 1235 5263 Versu.
1249 5205 1289 5262 Et
1298 5219 1381 5276 rupes
1390 5219 1461 5262 mere
1472 5205 1671 5262 testiinonium
1684 5204 1790 5262 diruat
1801 5211 1909 5263 contro

198 5289 268 5331 nam
294 5281 490 5378 esset-uonna
516 5287 627 5354 vestre,
647 5301 702 5356 pro
728 5291 1025 5361 animamarum
1078 5311 1181 5355 me-
1196 5293 1273 5362 Quid
1287 5309 1341 5368 per
1354 5309 1457 5364 rugas,
1471 5293 1528 5350 nisi
1538 5293 1699 5367 duplicitas
1712 5282 1910 5366 designatur?

196 5361 330 5464 protecto
359 5365 417 5423 srbr
445 5367 650 5445 malediceret,
674 5376 697 5433 si
736 5395 768 5435 se
803 5380 861 5438 illis
895 5381 1024 5440 similem
1078 5384 1279 5458 Eugoeitaque
1294 5385 1485 5440 suntsanotra
1500 5381 1638 5440 Ecclesiae
1652 5383 1909 5458 omnesquiinea

195 5448 261 5550 tren
288 5457 414 5554 optaret,
438 5455 496 5516 illis
517 5475 588 5521 vcro
612 5464 737 5524 meliora
763 5469 855 5527 voluit
877 5487 955 5545 quos
984 5472 1024 5529 si·
1078 5471 1236 5548 dupliciter
1247 5471 1360 5542 vivunt,
1375 5471 1428 5544 qui
1439 5471 1531 5528 fidem
1545 5471 1671 5530 vocibus
1685 5471 1827 5544 clamant,
1838 5455 1924 5546 ope-¹

195 5537 228 5595 br
248 5537 314 5640 fieri
339 5543 450 5602 similes
471 5551 619 5622 quesivit.
640 5555 840 5616 consolamur
867 5576 939 5618 vero
958 5545 1025 5636 p'ra-
1078 5561 1162 5619 ribus
1177 5561 1335 5630 denegant.
1352 5561 1410 5617 llas
1429 5565 1529 5618 autem
1550 5576 1642 5633 rugas
1666 5561 1697 5618 in
1722 5561 1822 5619 electis
1845 5561 1908 5618 suis

194 5628 428 5702 V⁰⁸'¹¹¹·flttltll⁰
451 5640 637 5716 θθῐὶῦῧίΰῐῡε,
653 5659 723 5704 cum
747 5649 785 5707 de
809 5651 946 5712 exteriori
960 5667 1042 5728 pern
1080 5650 1209 5712 Ecclesia
1220 5653 1325 5707 ssncta
1338 5664 1400 5711 non
1413 5650 1515 5721 babet,
1530 5651 1604 5724 quia
1617 5649 1752 5710 videlicet
1769 5650 1918 5708 nesciunt
