4120 6154
242 77 293 136 ιιι
747 101 749 110 ι
798 69 827 130 s.
849 64 978 126 onours
995 63 1144 126 iuncus
1164 64 1398 123 nanticensis
1417 67 1440 120 ιι
1636 133 1641 146 ,
1910 67 1961 127 cu

242 215 335 272 guum
348 196 500 256 leviathan
513 192 624 264 ligavit,
639 193 712 266 quta
728 213 743 244 ιι
756 192 787 250 in
801 189 996 252 similitudine
1010 205 1072 248 cer·
1086 191 1111 244 A
1126 204 1248 259 servum
1263 190 1496 260 sempiternum?
1510 219 1545 230 -
1562 187 1723 259 subaudis,
1737 191 1770 246 ut
1792 203 1859 259 ego.
1887 187 1962 248 Anti-

242 285 603 362 nispeeeatltllom.r111,
620 283 658 355 3),
677 305 691 334 ιι
707 278 1075 356 apparuitetonrniaer·
1128 294 1208 350 quus
1222 279 1323 351 itaque
1339 278 1443 345 hostis,
1464 281 1493 333 et
1516 294 1534 334 a
1559 277 1728 336 sinceritate
1751 277 1860 336 diriuae
1883 278 1963 336 inno

241 393 343 436 rerum
356 376 422 448 eius
445 373 681 448 predicamenta
702 369 870 437 damnavit,
896 372 928 426 ut
947 371 1073 442 Aposto-
1129 367 1242 435 centia,
1270 366 1391 424 malitiae
1420 382 1583 422 succensus
1615 365 1689 434 iace,
1723 365 1886 434 discordat,
1912 368 1962 424 sed

238 468 287 526 lue
298 465 355 528 eit:
365 487 380 518 ιι
388 468 421 522 nt
430 463 468 522 de
477 465 601 537 peceato
611 461 767 520 damnavit
777 462 933 534 peccatum
944 457 1072 529 illidet.»
1129 455 1168 512 ab
1180 456 1246 527 ejus
1258 455 1384 527 judicio,
1399 454 1489 511 etiam
1504 454 1707 512 discordando
1722 471 1786 512 non
1799 455 1957 530 discrepat.

241 555 324 614 liade
336 554 413 612 bene
426 567 480 628 per
493 551 673 625 prophetam
687 549 814 606 dicitur:
837 570 851 598 ι
869 550 903 606 nt
926 543 1075 618 desolabit
1128 547 1204 607 Nam
1219 545 1300 601 viros
1311 545 1408 616 justos
1424 559 1543 616 semper
1557 543 1703 602 malevole
1715 544 1824 602 tentari
1838 545 1959 618 appetit,

240 645 385 704 Dominus
405 643 543 713 unguem
557 639 650 698 maris
665 639 782 712 AEgypli
796 639 867 710 (Iso.
881 652 926 705 ιι,
944 635 996 707 ts).
1014 657 1028 686 ιι
1045 633 1074 691 Si
1128 633 1181 690 sed
1203 639 1305 692 tamen
1319 633 1377 690 hoc
1403 633 1530 690 Domino
1557 632 1606 688 vel
1630 633 1861 690 misericorditer
1888 634 1961 700 fieri,

239 738 343 794 antem
357 732 428 790 fune
451 729 528 787 fides
551 729 697 798 signatur,
719 726 868 794 leviathau
882 725 987 794 lingua
1001 722 1073 780 tune
1126 723 1174 780 vel
1186 723 1266 795 juste
1290 721 1441 796 permittit.
1458 724 1526 780 Huc
1546 738 1618 792 ergo
1642 723 1710 796 ipse
1736 724 1909 782 tentationis
1932 725 1962 782 ιι-

240 819 405 890 stringitur,
422 818 504 891 quia,
519 819 642 874 exbusa
664 815 734 872 fidei
753 813 899 872 Trinitatis
925 810 1070 880 doctrina,
1127 813 1224 870 centia
1237 816 1360 886 pactum
1374 816 1508 882 vocatur,
1524 811 1555 868 in
1568 827 1631 884 qua
1652 817 1680 870 ot
1693 812 1877 870 desiderium
1902 817 1963 874 ten·

241 923 377 970 errorum
391 905 624 980 predicamenta
637 903 792 962 siluerunt.
809 903 882 960 Hinc
895 901 976 958 enim
1003 899 1073 956 acri·
1126 902 1230 959 tatoris
1246 903 1353 973 agitur,
1379 905 1408 958 et
1423 905 1524 958 lamen
1547 917 1602 974 per
1616 917 1686 958 eam
1705 901 1782 958 miro
1796 902 1890 958 modo
1913 919 1963 960 rc

240 1001 327 1071 ptum
342 1000 406 1056 est:
434 1017 449 1048 ιι
460 997 502 1052 Tu
522 992 659 1065 dirupisti
681 992 778 1050 fontes
795 996 823 1050 et
842 993 997 1058 torrentes,
1014 991 1069 1048 etc.
1125 989 1226 1046 luntas
1237 990 1309 1062 justi
1323 989 1540 1062 dispensatoris
1551 988 1702 1062 impletur.
1719 993 1752 1046 ln
1768 995 1857 1064 pacto
1877 1007 1962 1051 nam·

241 1087 335 1160 (Paul.
348 1089 458 1155 uxxlrr),
476 1084 528 1156 ts).
546 1083 708 1156 Sequitur:
1080 1107 1089 1118 ·
1125 1095 1184 1152 que
1199 1078 1437 1136 discordantium
1449 1078 1549 1150 jurgia
1571 1078 1630 1135 fine
1643 1078 1814 1136 desiderato
1838 1079 1962 1136 conclu-

276 1179 360 1236 Vrue.
375 1179 419 1232 at.
436 1173 582 1246 Nunqutd
591 1169 684 1243 pones
714 1173 861 1228 circulum
887 1171 920 1230 in
945 1167 1071 1225 mulus
1126 1168 1247 1224 duntur.
1264 1171 1297 1224 Et
1310 1169 1387 1224 bene
1400 1183 1437 1223 ex
1452 1168 1509 1224 hoc
1523 1171 1612 1240 pacto
1626 1183 1731 1224 servus
1751 1169 1847 1242 accipi
1861 1169 1961 1242 perbi-

240 1265 327 1337 uuor
340 1295 377 1318 -μ
392 1263 553 1334 Subaudis,
569 1265 602 1320 ut
614 1277 683 1334 ego.
709 1261 789 1318 Siout
812 1275 866 1333 per
889 1274 978 1316 nares
999 1256 1071 1314 insi-
1126 1257 1222 1327 betur,
1239 1258 1310 1331 quia
1324 1257 1394 1314 inde
1410 1257 1597 1330 obtemperat
1609 1257 1732 1314 nutibus
1745 1272 1885 1330 supernae
1897 1275 1963 1328 gra-

239 1355 307 1423 dle,
322 1355 364 1414 ita
378 1369 433 1428 pat·
447 1351 592 1412 ulredum
607 1351 718 1408 divina
741 1350 859 1410 virtutis
885 1347 1072 1419 omnipoten·
1126 1346 1183 1414 tire,
1194 1347 1274 1402 unde
1285 1350 1401 1403 exercet
1414 1346 1492 1402 iram
1503 1346 1697 1420 nequissimae
1711 1347 1874 1403 voluntatis
1885 1363 1959 1406 suae.

238 1445 281 1504 tia
295 1444 480 1515 denguatur.
497 1441 630 1500 circulus
644 1456 716 1510 ergo
736 1440 762 1496 ei
781 1439 812 1498 in
837 1437 961 1498 naribus
984 1435 1071 1510 poni·
1128 1437 1236 1493 Servus
1251 1452 1322 1508 ergo
1341 1452 1377 1492 cx
1404 1439 1492 1509 paeto
1515 1440 1570 1506 est,
1599 1436 1652 1508 qui
1674 1435 1748 1492 dum
1771 1435 1960 1494 voluntatem

240 1539 299 1604 tur,
314 1533 388 1590 dure
404 1531 611 1590 circumducta
636 1528 829 1602 protectionis
852 1542 990 1602 superna
1016 1524 1106 1594 ior-13
1126 1541 1213 1582 snam
1228 1525 1353 1598 implere
1367 1525 1556 1598 permittitur,
1582 1540 1601 1582 a
1624 1525 1745 1598 superni
1768 1525 1886 1593 consilii
1909 1541 1960 1583 vo·

240 1623 354 1682 midine
368 1623 434 1694 ejus
449 1621 572 1691 sagacia
585 1619 738 1687 retinetur,
753 1634 808 1676 neo
823 1622 927 1676 contra
949 1614 1072 1672 infirmi·
1125 1613 1237 1671 luntete
1252 1613 1371 1685 ligatur.
1385 1615 1446 1669 iloc
1462 1617 1563 1670 autem
1577 1613 1609 1669 in
1623 1613 1690 1670 loco
1705 1629 1723 1670 a
1744 1614 1873 1670 Domino
1898 1629 1959 1672 non

241 1715 317 1776 tates
330 1710 489 1771 hominum
501 1713 618 1768 tuntum
633 1707 956 1781 praestentquantum
971 1703 1071 1776 perdi·
1125 1703 1224 1758 solum
1237 1719 1274 1759 ex
1287 1707 1376 1776 pacto
1388 1717 1502 1774 servus,
1516 1703 1569 1758 sed
1581 1702 1780 1775 sempiternus
1792 1717 1903 1758 servus
1915 1719 1960 1760 ec-

241 1800 331 1860 tiouis
351 1803 531 1870 argumenta
548 1798 672 1856 latenter
693 1795 837 1869 exploret.
863 1798 959 1854 Potest
982 1793 1071 1850 etiam
1125 1793 1241 1865 cipitur.
1258 1795 1359 1864 Neque
1374 1793 1455 1848 enirn
1468 1792 1565 1863 justos
1578 1791 1683 1863 jamin
1694 1791 1831 1848 felicitato
1845 1793 1959 1866 polien-

242 1889 343 1948 oirculi
372 1888 495 1946 nomine
518 1887 626 1944 occulti
650 1885 756 1958 judicii
781 1885 964 1956 adjutorium
992 1881 1071 1940 desi·
1123 1885 1167 1937 tes
1182 1885 1296 1938 tentare
1313 1881 1499 1954 permittitur,
1518 1881 1570 1936 sed
1585 1897 1655 1937 cunr
1681 1897 1736 1936 suo
1760 1897 1887 1954 corpore
1912 1899 1958 1938 re-

242 1977 338 2050 gnari.
354 1977 516 2036 leviathan
530 1976 631 2048 itaque
646 1975 677 2030 in
688 1974 811 2032 naribus
831 1989 849 2030 a
874 1971 999 2030 [lumino
1015 1969 1070 2026 cir-
1123 1969 1227 2043 probis
1242 1970 1352 2026 seilicet
1367 1970 1496 2027 flammis
1510 1969 1664 2026 ultricibus
1679 1969 1820 2038 tradetur,
1846 1971 1959 2044 quibus

146 2078 154 2084 “
239 2062 762 2140 celuspcnitu,quia1uurcrrejus
786 2061 919 2122 notantia
943 2059 973 2116 in
993 2057 1069 2114 insi·
1125 2060 1188 2115 sine
1203 2059 1263 2116 fine
1283 2061 1438 2132 crucietur,
1464 2075 1542 2133 quos
1565 2059 1674 2116 scilicet
1696 2060 1858 2126 cruciatus,
1883 2062 1958 2117 dnm

241 2156 298 2214 diis
310 2155 382 2222 siris,
396 2169 434 2212 ne
446 2157 596 2227 quantum
619 2151 681 2210 vult
695 2151 866 2226 praevaleat,
891 2151 1068 2208 coarctatur.
1120 2149 1192 2221 justi
1207 2150 1404 2222 conspiciunt,
1421 2149 1452 2205 in
1470 2150 1518 2205 bei
1532 2149 1673 2206 laudibus
1688 2155 1835 2205 crescunt.
1854 2150 1957 2221 Igitur,
2036 2183 2037 2212 ι

242 2245 324 2304 llndc
336 2244 399 2314 regi
418 2243 588 2316 Babyloniae
600 2242 729 2300 dicitur:
755 2242 900 2298 «Ponam
924 2238 1069 2296 circulum
1122 2238 1149 2294 si
1164 2238 1287 2294 utilitate
1301 2239 1462 2309 justorum,
1482 2243 1511 2294 et
1524 2239 1572 2294 hic
1587 2239 1720 2306 tentatie,
1748 2243 1776 2294 et
1798 2239 1857 2295 illic
1873 2240 1959 2296 dam.
2036 2271 2037 2314 3

240 2334 271 2392 in
284 2333 410 2392 naribus
422 2333 480 2388 tuis
495 2333 553 2403 (IV
562 2333 633 2402 Περ.
649 2347 709 2402 xix,
723 2331 778 2400 ιι).
797 2351 810 2380 ι
829 2327 985 2401 Sequitur:
1006 2327 1068 2382 Aut
1123 2328 1204 2383 natio
1219 2328 1347 2400 prolicit,
1371 2329 1569 2401 sempiternus
1585 2343 1689 2384 servus
1716 2331 1769 2384 est.
1791 2329 1932 2401 Sequitur
1950 2349 1957 2384 ι

240 2425 366 2482 armilla
380 2419 548 2493 pateretis
567 2421 725 2478 murittum
741 2421 830 2490 ejus?
851 2449 886 2460 -
908 2415 1068 2486 subaudis,
1159 2417 1242 2472 Vnus.
1259 2419 1303 2472 ιι.
1319 2417 1466 2488 Nunqulcl
1481 2417 1589 2473 illudes
1604 2419 1631 2473 ei
1645 2417 1817 2488 praestanti
1831 2419 1958 2484 -Quid
2036 2491 2037 2496 η

241 2516 275 2570 ut
284 2526 352 2581 ego.
367 2513 422 2568 Per
435 2509 585 2568 armillam
597 2508 707 2566 occulti
717 2508 782 2578 ejus
800 2505 905 2578 judicii
917 2520 989 2576 erga
1011 2521 1068 2560 nos
1122 2505 1259 2580 estquod
1276 2505 1467 2562 adversarius
1480 2511 1581 2563 noster
1593 2508 1676 2580 prius
1692 2507 1865 2572 behemoth,
1876 2515 1959 2581 post·

240 2599 384 2674 protentio
397 2599 535 2672 impensa
562 2597 746 2667 designetur.
772 2594 887 2655 Maxilla
908 2595 1009 2667 itaque
1031 2593 1070 2652 le-
1123 2593 1249 2651 modurn
1262 2594 1411 2651 leviathan
1425 2594 1543 2664 dicitur,
1559 2609 1640 2652 nune
1653 2611 1724 2652 vero
1740 2596 1788 2652 ari
1811 2597 1957 2670 perditio-
2036 2651 2037 2676 ,

240 2689 364 2749 stetten
390 2687 567 2761 perforetur,
592 2686 664 2759 quia
687 2684 830 2744 ineffabili
856 2683 1070 2744 misericordia
1122 2685 1169 2741 nis
1184 2701 1245 2741 sure
1265 2684 1433 2741 illusionem
1454 2687 1633 2759 comparat?
1656 2685 1817 2742 behemoth
1841 2688 1958 2760 quippe
2036 2741 2037 2746 ,

240 2775 562 2852 manturianensis
577 2775 693 2848 antiqui
707 2774 802 2832 hostis
828 2773 940 2838 obviat,
967 2776 1000 2830 ut
1020 2772 1071 2828 ali·
1124 2773 1224 2831 bellua
1239 2774 1458 2846 interpretatur,
1483 2789 1551 2848 quar
1577 2775 1752 2850 quadrupes
1777 2777 1957 2850 ostenditur,

239 2867 366 2942 quaudo
386 2883 438 2925 cus
459 2866 561 2930 enam,
586 2882 664 2940 quos
685 2843 750 2937 iarn
775 2864 863 2942 oepit,
889 2863 1014 2931 amittat,
1042 2867 1103 2956 etC
1123 2861 1196 2919 drrm
1212 2865 1288 2920 sicul
1304 2863 1353 2920 bos
1367 2863 1469 2920 tenum
1485 2865 1641 2921 comedere
1656 2865 1838 2938 perhibetur.
1855 2867 1957 2924 Levia·
2036 2867 2037 2874 ’

240 2957 328 3031 quasi
342 2957 382 3014 ab
396 2972 447 3013 ore
466 2956 545 3012 illius
566 2955 687 3027 cadunt,
712 2953 765 3027 qui
788 2957 858 3028 post
881 2957 1068 3026 ‚perpetuatas
1123 2951 1596 3026 tiranveroquiahamocapilur‚
1611 2953 1957 3029 proculdubioserpens

240 3045 347 3118 cvlpae
359 3046 400 3104 ed
412 3045 617 3108 maurentium
631 3043 766 3102 ιοιιοιιιιι.
783 3041 882 3100 Aliter.
898 3047 931 3102 ln
954 3057 1006 3100 ors
1030 3046 1070 3098 te-
1122 3041 1153 3098 in
1169 3043 1256 3116 aquis
1279 3044 1483 3100 innotescitur.
1508 3043 1680 3100 irrationale
1705 3043 1807 3117 utique
1832 3049 1862 3100 et
1883 3061 1957 3118 qua-

239 3134 473 3200 neraisviatheu
485 3133 601 3202 dicitur,
614 3149 677 3192 non
696 3149 774 3206 quos
794 3132 922 3206 perfecte
944 3136 1069 3205 peccato
1122 3130 1234 3204 drupcs
1249 3131 1361 3188 animal
1376 3137 1419 3188 est
1432 3147 1486 3204 pcr
1500 3131 1625 3188 aetionis
1647 3131 1813 3188 immundae
1836 3133 1956 3190 intuita-

240 3223 384 3297 implicat,
399 3224 452 3282 sed
465 3239 543 3296 quos
562 3222 662 3280 adbuc
684 3223 797 3294 peceati
822 3221 1069 3296 persuasionibus
1121 3223 1193 3291 tem,
1206 3219 1299 3277 draco
1311 3237 1365 3294 per
1379 3221 1508 3277 nocendi
1523 3221 1678 3289 malitiam,
1694 3221 1759 3278 avis
1770 3237 1824 3295 per
1840 3221 1956 3292 subtilis

240 3317 343 3383 mutat,
358 3312 411 3370 sed
424 3311 743 3386 mirodispensationis
767 3311 882 3382 ordine,
908 3311 983 3368 dum
1004 3315 1068 3368 ten-
1121 3315 1237 3367 nalurre
1251 3311 1409 3368 levitatem.
1427 3315 1458 3368 ln
1474 3311 1516 3367 eis
1529 3313 1641 3385 quippe
1654 3327 1732 3384 quos
1746 3312 1785 3368 ed
1799 3309 1955 3369 stultitiam

239 3405 351 3470 tantur,
363 3401 577 3472 humiliantur3
598 3402 672 3458 dum
687 3401 891 3468 humiliantur,
915 3401 981 3472 ejus
1004 3417 1068 3457 esse
1120 3399 1376 3468 luxuriarentur,
1390 3403 1559 3472 iumentum
1574 3407 1634 3470 est;
1650 3402 1737 3458 ineis
1753 3407 1855 3459 autem
1878 3419 1955 3476 quos

238 3491 304 3563 jam
314 3491 669 3554 &sinuntllandcndum
679 3491 814 3562 quidem,
826 3490 879 3545 sed
893 3505 954 3546 non
968 3490 1070 3560 deglu-
1122 3492 1160 3546 ad
1172 3490 1302 3547 nocendi
1320 3491 1464 3550 malitiam
1480 3491 1658 3556 inflammat,
1672 3491 1764 3548 draco
1779 3497 1841 3562 est;
1867 3494 1898 3548 in
1913 3494 1954 3549 eis

240 3580 375 3640 tiendum
393 3584 551 3655 acceperat
571 3579 708 3650 Paulum,
728 3579 853 3652 qnando
881 3578 976 3646 illum,
999 3584 1069 3652 post
1121 3585 1221 3637 auteur
1232 3597 1309 3654 quos
1319 3581 1349 3636 in
1361 3585 1439 3638 statu
1450 3583 1597 3656 superbiae
1620 3581 1780 3655 quasialta
1803 3584 1954 3657 sapientes

239 3672 282 3728 tot
295 3669 511 3727 revelationum
526 3668 680 3732 sublimia,
698 3665 830 3723 stimulis
854 3666 952 3724 carnis
976 3668 1069 3738 agita·
1121 3667 1225 3741 elevat,
1238 3669 1302 3726 avis
1315 3675 1367 3727 est.
1384 3671 1440 3728 Sed
1450 3671 1520 3728 huic
1536 3669 1669 3728 videlicet
1683 3671 1772 3744 quasi
1789 3672 1838 3728 avi
1853 3672 1953 3728 Domi-

238 3756 292 3816 bat
303 3758 347 3828 (ll
357 3758 426 3816 Ger.
440 3773 492 3828 xu,
507 3761 544 3826 7).
554 3755 639 3812 Unde
658 3754 784 3811 occulus
797 3753 847 3811 liei
872 3755 1069 3828 dispensatio-
1122 3775 1179 3814 nus
1191 3749 1291 3829 illusit,
1303 3759 1377 3817 dum
1390 3760 1454 3816 siin
1465 3759 1607 3834 passione
1621 3759 1764 3831 unigeniti
1779 3761 1840 3818 lilii
1856 3765 1953 3818 osten-

238 3845 329 3918 uibus
339 3848 482 3918 servieus,
499 3850 619 3904 sanctos
630 3848 673 3901 ad
687 3844 839 3902 interitum
853 3847 1064 3916 tentatvolens,
1120 3845 1163 3902 dit
1175 3863 1297 3903 caruem
1319 3849 1406 3921 quasi
1421 3865 1533 3921 escam,
1547 3847 1600 3906 sed
1621 3847 1765 3922 laqueum
1789 3847 1952 3906 divinitatis

239 3936 293 3996 aed
308 3937 348 3994 ad
362 3951 491 4008 regnum
506 3934 649 3992 tentando
664 3938 763 3992 serrat
775 3933 893 3992 invitus.
911 3935 1065 4009 Sequitur:
1120 3935 1288 3993 abscondit.
1303 3936 1458 4011 Sequitur:
1469 3939 1531 3995 Aut
1547 3939 1653 4010 lipubis
1664 3953 1729 3996 eum
1741 3937 1866 3996 curtilis
1875 3941 1953 3996 ιιιιιι

273 4027 363 4084 Vnae.
377 4031 421 4084 ιι.
436 4025 583 4096 Nonquia
601 4024 817 4095 multiplicabit
838 4025 879 4082 ud
902 4031 930 4082 tc
953 4041 1064 4096 preces,
1119 4058 1154 4066 -
1166 4025 1446 4098 subaudientem.
1459 4031 1491 4084 ln
1503 4028 1594 4084 servis
1607 4029 1661 4084 elsi
1674 4029 1872 4102 despectaest
1884 4044 1951 4085 con·

237 4121 290 4174 aut
300 4116 439 4186 loquetur·
453 4113 507 4170 titt
517 4113 643 4170 mollio?
663 4143 699 4154 -
714 4112 875 4180 subaudis,
891 4118 925 4170 ut
937 4113 1020 4170 mihi.
1036 4114 1065 4170 Si
1119 4113 1577 4187 ditio,ririlitasviget,inaucillis
1588 4121 1689 4174 autem
1700 4133 1769 4173 eum
1781 4115 1951 4174 condib'oue

236 4202 317 4260 enim
334 4203 372 4262 ad
387 4217 548 4276 personam
564 4201 624 4258 Filii
640 4201 690 4258 liei
704 4201 770 4258 baec
781 4201 873 4260 rurba
888 4202 1062 4276 referantur,
1117 4204 1230 4276 pariter
1242 4221 1331 4260 sexus
1345 4205 1403 4261 ait:
1419 4205 1539 4262 Ancillis
1555 4221 1626 4278 ergo
1648 4205 1710 4262 suls
1730 4203 1881 4262 leviathan
1896 4205 1949 4261 hu·

236 4291 392 4350 incarnata
407 4291 534 4348 Domino
546 4290 572 4348 ei
584 4291 689 4348 mollio
712 4289 902 4363 loquebatur,
928 4305 998 4348 oum
1021 4291 1065 4348 di·
1116 4295 1166 4365 jus
1177 4293 1381 4351 fortitudinem
1397 4295 1541 4352 Dominus
1556 4295 1666 4366 ligavit,
1687 4295 1769 4369 quia,
1795 4299 1949 4352 attesmte

235 4383 317 4438 seret
330 4397 337 4436 ι
355 4401 370 4434 ιι
386 4381 452 4437 Soio
464 4381 536 4453 quia
550 4380 591 4436 sis
604 4383 728 4438 Sanctus
742 4379 792 4436 Dei
807 4381 912 4452 (Marc.
935 4398 954 4446 ι,
980 4384 1036 4455 ιι).
1049 4405 1063 4434 ιι
1119 4383 1223 4454 Purdo,
1238 4405 1252 4433 ιι
1267 4385 1389 4441 infirma
1399 4385 1506 4440 mundi
1517 4383 1604 4456 elegit
1619 4387 1706 4454 Deus,
1728 4389 1760 4441 nt
1786 4383 1950 4441 contundat

235 4473 339 4528 Preces
353 4467 541 4543 multiplicat,
558 4485 628 4526 oum
642 4485 695 4542 per
708 4468 841 4539 legiones
855 4470 984 4528 diceretr
1011 4493 1025 4523 ιι
1036 4472 1063 4530 Si
1118 4473 1206 4530 fortia
1220 4475 1246 4546 (I
1255 4473 1323 4536 Cor.
1340 4491 1359 4542 ι,
1375 4475 1430 4548 ιι).
1444 4497 1458 4525 ιι
1475 4475 1557 4532 Unde
1568 4473 1709 4533 Salomon
1724 4473 1784 4532 ait:
1802 4497 1816 4524 ιι
1830 4475 1951 4548 Sapien-

235 4557 318 4631 ejicis,
332 4573 397 4626 nos,
412 4559 497 4616 mitte
510 4574 566 4616 nos
579 4558 610 4616 in
626 4573 746 4629 gregem
766 4573 927 4632 porcorum
943 4562 1062 4626 tilcttlt.
1117 4561 1386 4620 tiaaedificavitsibi
1396 4561 1946 4637 demumstsciditcolumnasseptem,

235 4663 295 4718 riri,
310 4647 365 4721 al).
381 4669 395 4700 ιι
412 4647 556 4714 Quamvis
570 4646 694 4718 intelligi
707 4648 806 4720 aptius
818 4651 917 4720 potest
939 4648 1010 4722 quia
1025 4649 1065 4708 ad
1117 4650 1285 4708 immolavit
1294 4651 1567 4720 victimas,miscuit
1574 4653 1689 4724 vinum,
1701 4653 1859 4726 proposuit
1869 4669 1949 4710 men-

235 4739 329 4804 llsum
343 4753 446 4810 preces
464 4735 652 4810 multiplicat,
676 4753 747 4794 cunr
769 4737 800 4794 in
821 4737 935 4810 judicio
958 4739 1063 4813 iniqui,
1118 4741 1290 4810 summisit
1298 4741 1422 4799 ancillae
1434 4758 1506 4802 suaa
1519 4743 1749 4802 utvooarentad
1758 4759 1861 4802 arcem
1872 4748 1902 4800 et
1912 4740 1947 4799 ed

232 4825 288 4899 qui
301 4831 370 4882 sunt
383 4841 492 4899 corpus
512 4827 586 4898 ejus,
604 4825 662 4884 sibi
683 4827 767 4900 parci
790 4827 999 4902 deprecantur,
1020 4831 1065 4887 di·
1118 4829 1231 4886 moenie
1245 4829 1370 4888 civitatis
1384 4832 1486 4898 (Pina.
1511 4847 1551 4900 rx,
1570 4837 1595 4902 l,
1615 4831 1685 4906 tt.»
1707 4831 1848 4890 infirmos
1869 4831 1946 4890 enim

234 4919 334 4976 centes
350 4931 357 4970 :
375 4937 388 4968 ιι
400 4915 535 4986 Domine,
556 4915 691 4987 bomine,
708 4916 790 4989 aperi
803 4917 892 4974 nobis
916 4918 998 4989 (Luc.
1022 4937 1066 5000 ιιι,
1118 4919 1328 4990 predicatores
1337 4920 1453 4987 mundo
1463 4920 1607 4990 exhibuit,
1618 4927 1647 4978 et
1659 4925 1795 4994 potentes
1809 4935 1943 4996 quosque

232 5006 318 5066 aar.»
334 5001 452 5069 Quibus
473 5001 691 5074 respondetur:
714 5003 817 5062 Nescio
838 5020 893 5061 vos
919 5006 1064 5078 tillidi.»
1118 5007 1170 5079 qni
1184 5008 1250 5080 ejus
1264 5025 1374 5084 corpus
1383 5009 1503 5066 fuerrint
1513 5011 1570 5070 sub
1581 5011 1700 5068 terroris
1718 5011 1767 5068 stri
1780 5011 1883 5072 vincla
1905 5027 1942 5068 re·

231 5091 328 5156 llullia
338 5091 430 5152 etiarn
440 5107 494 5165 per
503 5090 641 5150 membre
653 5107 710 5150 sua
732 5097 803 5150 tunc
823 5093 973 5166 loquetur,
994 5111 1063 5154 curn
1118 5097 1245 5166 strinxit,
1257 5103 1286 5155 et
1298 5099 1330 5154 in
1341 5099 1501 5172 semetipso
1514 5099 1666 5158 leviathan
1678 5100 1733 5158 iste
1746 5099 1866 5160 metilia
1878 5100 1942 5172 liga·

230 5180 360 5242 dixerint
374 5197 408 5236 ιιι
423 5180 558 5250 bomine,
573 5180 709 5254 Domine,
722 5197 824 5240 nonne
834 5182 865 5239 in
876 5184 1000 5241 numius
1010 5189 1062 5243 tuo
1115 5187 1173 5256 tur,
1187 5201 1258 5244 cum
1271 5185 1398 5245 infirmis
1419 5187 1663 5262 predicantibus,
1678 5189 1810 5248 rubeta
1834 5189 1941 5248 lumine

229 5269 502 5344 prophetavimus?
517 5293 531 5323 ι
548 5273 603 5328 etc.
621 5271 741 5345 (Metel.
758 5289 810 5340 vu,
829 5273 888 5344 ιι.)
912 5273 971 5331 Sed
988 5289 1061 5332 mor
1115 5273 1309 5334 clarescentes
1320 5281 1424 5334 conus
1438 5277 1602 5336 electorum
1611 5283 1727 5336 mentes
1737 5278 1885 5352 antiquus
1898 5279 1942 5336 bc

231 5357 362 5420 autbeut.
377 5381 392 5408 ιι
407 5357 573 5430 Nescioqui
593 5359 664 5416 estis
677 5361 777 5430 (illu,
793 5365 850 5426 ιι).
865 5379 880 5414 ι
896 5362 1034 5433 Sequitur
1050 5381 1057 5420 ε
1113 5365 1164 5422 stis
1185 5370 1406 5440 nonqusutum
1426 5367 1498 5434 vuit,
1512 5369 1616 5428 sarim
1629 5367 1818 5444 permittitur.
1836 5369 1896 5429 Sed
1908 5381 1940 5424 ne

267 5447 351 5504 vaae.
379 5451 426 5507 ιι.
452 5447 599 5519 Nuuquid
623 5448 713 5517 feriet
739 5453 835 5506 tecum
853 5455 1007 5518 partums
1023 5485 1058 5495 -
1113 5455 1171 5511 sub
1193 5456 1375 5515 infidelitatis
1398 5458 1567 5530 captivitate
1590 5463 1716 5518 cunctos
1738 5475 1817 5534 quoe
1832 5457 1941 5534 appetit

232 5531 580 5605 ·-ubaudrs,utcrecrm.
597 5533 756 5608 seqattw
783 5537 823 5594 lit
843 5538 970 5610 cmm
991 5555 1057 5600 cerm
1109 5547 1139 5602 te
1160 5547 1242 5616 nest,
1255 5545 1559 5618 rignieetrirtatibus
1573 5551 1754 5608 comentur.
1764 5549 1924 5622 Sequitur:
