4160 6162
132 177 180 232 15³
371 135 383 162 ⁵
471 209 477 214 .
551 169 699 226 serrone
719 161 903 226 uocaurun
922 158 951 214 s.
971 156 1074 212 case.
1094 161 1130 218 ru
1149 165 1222 228 roc.
1244 203 1278 212 -
1299 175 1366 230 na
1388 177 1419 232 v.
1782 181 1834 238 ru

126 301 178 375 pili
195 301 296 358 carnis
304 299 526 366 inhorruerunt,
541 295 615 369 quia
628 297 697 352 ante
709 281 949 366 compunctionis
967 283 991 336 tl
1047 287 1128 345 Vens.
1144 295 1185 347 f8.
1200 295 1277 354 Eece
1292 301 1345 369 qai
1355 301 1489 358 comunt
1502 302 1530 359 ei
1541 317 1601 360 nou
1620 309 1689 362 snut
1702 305 1832 364 stabiles.

126 391 188 447 rim
205 388 403 461 cogitationes
420 385 579 461 superfluis
591 384 719 456 fugiunt,
734 384 766 438 ut
780 379 822 436 nil
836 377 952 434 fluxum
1009 405 1043 414 -—
1059 377 1168 436 Natura
1188 382 1301 458 quippe
1328 387 1463 456 angelica
1499 389 1553 446 etsi
1581 389 1834 466 contemplatione

125 479 231 546 libeat,
245 480 321 552 qnia
335 477 469 535 afflatam
484 479 618 534 menum
634 473 725 548 etiam
740 473 844 528 contra
859 481 953 526 seme·
1008 465 1129 524 buemri
1142 469 1317 530 inhaerendo
1331 474 1362 532 in
1378 478 1457 534 statu
1467 493 1523 534 suo
1532 478 1757 538 immutabiliter
1766 497 1833 556 per-

126 569 241 642 tipsam
265 565 440 625 visitationis
467 565 579 622 intimae
607 561 749 620 severitas
774 557 952 616 inflammat.
1008 561 1119 629 manet,
1132 575 1168 616 eo
1181 559 1248 635 ipso
1258 565 1835 646 tamenquofacturaest,insemetipsa

127 655 274 730 sequitur
289 673 296 711 :
1008 645 1245 708 vicissitudinem
1263 653 1470 712 mutabilitatis
1485 655 1586 712 babet.
1601 659 1720 716 .lfntari
1733 665 1835 718 autem

165 747 251 802 vers.
269 749 312 802 fc.
327 743 413 802 Stetit
428 743 545 816 quidem
567 744 655 813 cujus
684 755 743 796 uon
758 735 954 810 agnomebnm
1008 750 1044 792 ex
1057 735 1116 794 alio
1139 739 1179 796 ad
1201 740 1282 798 abud
1303 742 1345 800 ire
1360 747 1416 812 est,
1431 745 1504 802 etin
1519 745 1683 820 semetipsa
1695 749 1835 806 stabilem

126 833 256 890 uultum.
271 864 307 874 -
322 831 444 888 Vultum
473 847 504 888 se
533 830 643 887 vidisse
665 826 850 900 incognitum
865 823 956 880 becre-
1007 840 1069 882 non
1083 842 1159 884 csse.
1182 829 1251 888 Sola
1266 835 1366 889 eutem
1389 837 1498 891 natura
1523 833 1835 909 incomprehensibilis

125 922 175 979 tici
202 920 358 994 simulent,
374 925 407 978 ut
421 934 485 978 esse
512 937 543 978 se
568 919 594 977 el
614 918 760 990 cogentes,
775 914 829 989 qui
843 911 883 970 ab
901 911 955 968 hu·
1007 914 1101 972 nescit
1115 919 1238 988 moveri,
1252 935 1321 994 quoe
1336 921 1376 978 ab
1389 937 1425 979 co
1450 923 1536 996 quod
1551 939 1670 998 semper
1682 923 1765 982 idem
1779 929 1833 994 est,

125 1027 221 1070 mana
236 1015 338 1070 mente
354 1010 496 1083 cognosci
522 1026 584 1068 non
606 1008 696 1078 valet,
711 1003 880 1064 osnndant.
903 1004 954 1057 Tr·
1007 1004 1101 1062 nescit
1114 1006 1276 1066 immutari.
1294 1012 1374 1068 flanc
1388 1015 1488 1069 autem
1511 1012 1542 1070 in
1557 1011 1671 1084 angelis
1684 1012 1835 1070 mutabili·

125 1117 197 1158 rsus.
225 1099 355 1168 Quidam
384 1115 519 1174 namque
546 1113 608 1156 nou
634 1096 772 1164 dicimus,
788 1091 845 1150 nisi
866 1090 904 1147 de
918 1104 954 1146 eo
1007 1094 1334 1171 tatemdicit,quamvis
1343 1098 1545 1158 immutabiles
1554 1101 1613 1159 sint
1623 1117 1677 1176 per
1687 1101 1835 1176 hocquod

126 1189 230 1263 utique
244 1204 337 1263 quern
350 1188 519 1262 exprimere
535 1191 587 1246 aut
596 1186 750 1254 nolumus,
766 1186 818 1240 aut
831 1195 893 1238 non
905 1193 953 1234 vo·
1007 1183 1033 1241 ei
1047 1183 1099 1258 qui
1110 1201 1229 1259 sempor
1241 1186 1382 1260 idemest,
1394 1189 1667 1262 uinculisligantur.
1678 1191 1832 1264 Sequitur:

124 1278 239 1336 fumus.
263 1277 322 1334 Sed
340 1293 403 1351 qua
419 1281 520 1334 mente
534 1276 592 1334 boc
614 1275 682 1332 loco
696 1268 951 1342 dicitmqnidnm,
1007 1276 1086 1332 utin
1107 1277 1298 1348 ceperamus
1323 1281 1434 1350 reperit
1457 1281 1776 1351 pravarum-1100
1796 1281 1835 1338 dg

125 1367 285 1442 exponitur
297 1381 368 1424 cum
397 1365 535 1440 protinus
560 1363 742 1421 subinfertur
755 1378 762 1416 ε
775 1360 870 1430 anns
892 1372 953 1414 non
1007 1363 1152 1436 apostatis
1167 1364 1319 1438 spiritibus
1330 1366 1465 1424 infertur.
1484 1369 1551 1428 ltlre
1565 1372 1666 1426 autem
1681 1371 1759 1426 Deus
1769 1384 1836 1426 om·

129 1455 340 1529 cognoscebam
367 1457 494 1514 uultum.
511 1457 584 1513 Cum
600 1453 680 1510 enim
696 1450 817 1508 animus
836 1450 953 1522 postpo-
1008 1449 1145 1525 nipotens
1156 1456 1297 1511 naturam
1314 1471 1504 1512 summorum
1529 1457 1688 1530 spirituum
1709 1457 1835 1526 bonam,

125 1561 202 1602 nens
213 1543 316 1602 omnia
326 1543 490 1614 imaginem
501 1557 611 1610 rerum,
626 1541 855 1614 phantasmata,
868 1533 954 1592 subs·
1008 1540 1061 1597 sed
1075 1541 1252 1598 mutabilem
1264 1542 1409 1610 condidit,
1421 1549 1452 1601 ut
1465 1549 1495 1601 et
1508 1545 1561 1618 qui
1573 1561 1695 1603 manere
1710 1546 1833 1614 nollent,

127 1637 436 1707 tantiamquescmper
451 1636 485 1690 ut
498 1636 543 1688 est
551 1631 634 1688 idem
647 1633 692 1686 est
711 1632 742 1686 et
754 1626 867 1699 ubique
881 1639 954 1697 prtit-
968 1633 989 1688 B
1008 1634 1136 1699 ruerent,
1152 1635 1180 1688 et
1192 1632 1244 1705 qui
1256 1633 1286 1688 iu
1308 1633 1479 1690 conditione
1493 1634 1694 1707 persisterent,
1708 1639 1791 1692 tanto
1804 1635 1836 1692 in

127 1739 197 1781 sens
211 1729 266 1795 ost,
279 1723 399 1796 count,
415 1721 661 1797 conspicuusne.
677 1721 774 1787 uuam
784 1716 809 1773 si
823 1715 953 1774 necdum
1007 1720 1414 1794 eufamdignius,qucntoex
1424 1722 1834 1796 acrimoniarusequuur:

125 1811 199 1888 quid
214 1812 252 1868 sit
265 1811 475 1888 apprehendit,
492 1809 614 1884 agnovit
627 1813 705 1867 certe
733 1804 808 1881 quid
829 1820 890 1862 non
905 1803 952 1860 sit·
1042 1811 1127 1866 vnis.
1145 1814 1188 1866 ft.
1200 1811 1318 1879 Quaen
1331 1813 1427 1882 magis
1440 1813 1494 1883 qai
1513 1811 1651 1870 tecnam
1673 1812 1775 1868 dmum
1790 1811 1836 1868 fn-

127 1903 205 1964 Bftne
225 1905 327 1959 autem
354 1901 469 1959 dicium
493 1904 539 1958 esi
567 1899 687 1956 :Slelt'i.
715 1895 819 1954 Omnis
842 1893 954 1967 quippe
1009 1905 1127 1956 feas.-
1142 1902 1248 1958 Luleas
1262 1900 1375 1973 quippe
1389 1900 1498 1957 domos
1516 1900 1699 1968 habitamus,
1726 1899 1778 1973 qui
1803 1899 1835 1956 in

126 1994 274 2062 creatura,
287 1989 361 2063 quie
376 2005 413 2046 ex
435 1987 529 2046 nihilo
540 1987 619 2044 fecta
643 1995 697 2050 est,
710 1989 804 2057 siper
819 1980 956 2052 semetip-
1009 2003 1135 2062 corpora
1145 1992 1262 2046 terrena
1275 1989 1476 2061 subsistimus,
1504 1993 1536 2046 ut
1555 1989 1664 2048 Paulus
1675 1989 1734 2047 ait:
1750 2011 1764 2040 c
1780 1989 1835 2046 lla·

127 2093 196 2134 sam
211 2077 252 2135 ad
265 2076 394 2134 nihilum
410 2075 513 2133 issildil·
523 2077 605 2132 Sitit
621 2089 693 2144 0¹8⁰
706 2067 955 2128 ⁸⁰lluscl⁰tt10ti⁸
1009 2076 1116 2134 bemm
1129 2077 1302 2135 thesaurum
1313 2077 1405 2135 istum
1414 2079 1445 2134 in
1464 2079 1544 2136 vasis
1556 2079 1697 2136 fictilibus
1712 2078 1756 2150 (Il
1764 2078 1833 2136 Cor.

126 2171 356 2240 est,perquem
385 2167 495 2221 cuncta
523 2165 730 2220 transeuntem
752 2160 958 2228 transmutet
1010 2181 1050 2234 w,
1065 2171 1104 2234 7).
1122 2187 1136 2216 u
1157 2168 1191 2222 st
1216 2182 1337 2223 rursum
1353 2185 1360 2222 :
1375 2189 1389 2216 a
1407 2167 1523 2225 seimus
1541 2167 1613 2240 quia
1640 2167 1664 2224 si
1687 2168 1835 2228 fenestris

124 2255 158 2310 in
174 2269 236 2328 quo
251 2253 353 2326 aliquo
363 2252 467 2326 aliqua
483 2267 521 2309 ne
538 2255 693 2308 transeant
710 2249 884 2306 retinentur,
910 2249 957 2304 Se·
1009 2256 1120 2312 domus
1134 2257 1238 2312 nostra
1251 2254 1441 2326 dissolvatur,
1458 2276 1472 2308 ι
1489 2262 1518 2314 et
1532 2257 1649 2330 reliqua
1663 2259 1710 2328 (ff
1723 2259 1792 2314 Cor.
1806 2269 1834 2323 v,

130 2341 369 2415 quiturzfmcgo
384 2355 487 2399 eornm
501 2341 596 2398 oculis
611 2340 691 2396 mers.
706 2369 741 2380 -
755 2338 839 2410 Saepe
864 2336 956 2392 bere·
1009 2347 1047 2416 5),
1065 2345 1222 2419 Sequitur:
1240 2345 1455 2413 Quirmmum
1472 2345 1580 2404 uacent
1591 2346 1834 2415 fundamentum,
1892 2331 1902 2338 ”

126 2431 173 2488 tici
191 2433 286 2488 ileum
302 2428 716 2502 sibiimaginaliterllngunt,
731 2441 824 2501 quom
849 2425 956 2482 intueri
1008 2432 1449 2491 -Tflrrenumfundamentum
1464 2437 1509 2490 esf
1519 2433 1686 2492 substantia
1696 2433 1835 2504 carnalis,

127 2519 299 2594 spiritaliter
312 2523 478 2592 nequeunt,
499 2517 626 2591 dumus
646 2533 753 2574 vocem
770 2515 860 2589 quasi
873 2529 954 2572 aure
1008 2527 1040 2580 ut
1052 2522 1207 2580 Psalmista
1223 2523 1264 2580 art
1281 2540 1288 2578 :
1303 2541 1318 2576 ‹
1334 2525 1397 2580 uon
1421 2527 1466 2580 est
1485 2523 1717 2580 cornetanos
1732 2537 1835 2579 meum

127 2607 200 2664 levis
210 2607 315 2666 indite
331 2623 362 2666 ⁵0
377 2606 545 2680 perhibent,
556 2607 609 2680 ‘1¹¹1
623 2605 662 2663 &d
678 2609 794 2662 secreta
807 2603 886 2660 illini
906 2619 954 2660 t³0·
1008 2627 1026 2668 a
1041 2615 1068 2668 te
1082 2610 1166 2684 quod
1181 2609 1275 2668 fecisti
1288 2609 1319 2666 in
1344 2609 1470 2682 occulto,
1485 2614 1514 2667 et
1539 2608 1706 2668 substantia
1721 2625 1789 2668 mee
1803 2609 1834 2666 in

129 2695 478 2770 gnoscendaquasiesse
494 2711 526 2752 se
535 2693 744 2752 familiariores
757 2692 870 2750 catenis
884 2707 954 2762 gau·
1007 2699 1196 2756 inferior-ihus
1210 2703 1294 2756 ferre
1308 2699 1404 2765 (Paul,
1420 2715 1553 2771 cauum,
1571 2705 1623 2769 15),
1645 2721 1654 2751 r
1672 2698 1834 2773 sequitur:

127 2787 211 2844 deni.
233 2790 297 2843 Non
321 2786 401 2843 enim
416 2801 453 2843 ea
478 2785 588 2843 docent
601 2801 669 2859 quae
683 2783 802 2858 publice
821 2787 899 2839 neus
913 2781 955 2838 lo·
1009 2788 1228 2846 consumentur
1241 2791 1351 2848 velata
1366 2789 1457 2846 fitted.
1473 2819 1508 2830 -
1517 2789 1607 2846 Tinea
1621 2789 1751 2846 derecte
1764 2802 1836 2846 nas-

127 2875 241 2949 quitur,
258 2874 384 2949 sedquoe
394 2889 501 2932 eorum
515 2874 581 2932 auri
595 2873 683 2948 quasi
693 2871 819 2930 latenter
829 2870 953 2944 aspirat.
1009 2877 1094 2948 citur,
1110 2881 1138 2932 ef
1149 2877 1290 2933 eamdem
1316 2881 1430 2934 vestem
1442 2877 1480 2932 de
1496 2891 1558 2950 qua
1574 2877 1678 2942 oritur,
1710 2877 1835 2934 oriendo

127 2967 259 3022 llrsrrca.
288 2964 391 3034 lmago
416 2963 512 3021 Patris
527 2961 615 3019 Filius
629 2965 683 3029 est,
699 2961 775 3018 sicut
787 2963 902 3034 lloyses
917 2959 955 3016 de
974 2981 994 3037 g
1009 2966 1182 3039 corrumpit.
1198 2965 1289 3029 Quasi
1302 2965 1443 3037 quadam
1456 2981 1526 3022 vero
1539 2965 1630 3022 vestis
1640 2965 1749 3022 animae
1764 2979 1836 3022 caro

127 3053 309 3111 formatione
321 3052 454 3110 hominis
469 3051 530 3112 nit:
547 3073 562 3104 c
574 3051 620 3108 Ad
634 3051 799 3122 imaginem
816 3065 902 3106 suurn
916 3048 955 3105 fe·
1009 3058 1062 3110 est.
1079 3056 1121 3109 Ex
1135 3069 1196 3126 qua
1210 3051 1353 3109 nimirum
1367 3051 1496 3109 carnalis
1509 3053 1631 3108 cnudo
1657 3052 1738 3107 veleri
1757 3052 1837 3108 tinea

127 3143 168 3200 cit
200 3142 285 3200 illum
313 3142 390 3215 (fleu
415 3159 435 3216 r,
446 3142 503 3214 27).
518 3165 532 3193 n
549 3143 583 3198 Et
597 3139 766 3214 Apostolus.
784 3163 797 3188 c
815 3139 956 3206 Quicum
1009 3140 1151 3206 nascitur,
1164 3156 1200 3196 ac
1219 3156 1273 3213 per
1297 3139 1376 3196 hanc
1403 3139 1443 3195 ad
1458 3138 1608 3194 interitum
1624 3138 1755 3196 lacerata
1768 3152 1837 3210 per·

127 3231 166 3287 sit
175 3231 308 3304 spendor
320 3230 422 3302 glorie
436 3233 465 3286 et
474 3228 575 3301 figura
587 3226 760 3285 substantiae
771 3227 836 3299 ejus
851 3227 953 3294 (Hebe.
1009 3229 1098 3286 veuit.
1114 3234 1155 3286 Ac
1168 3229 1193 3286 si
1206 3228 1325 3286 dicatur
1341 3245 1348 3283 :
1366 3228 1395 3286 Si
1421 3227 1462 3284 illi
1486 3227 1606 3302 spiritus
1630 3225 1836 3284 immutabiles

128 3335 150 3388 r,
162 3321 201 3392 3),
216 3342 230 3370 u
244 3321 320 3376 Cum
333 3333 405 3390 ergo
420 3317 569 3376 eternitas
585 3316 724 3384 cernitur,
738 3319 828 3389 prout
834 3313 956 3372 infirmi·
1009 3333 1074 3374 esse
1088 3321 1251 3390 nequeunt,
1265 3317 1318 3390 qui
1341 3315 1423 3374 nulla
1438 3315 1537 3374 carnis
1553 3315 1723 3372 infirmitate
1738 3314 1837 3388 depri-

127 3408 197 3466 tstis
225 3413 335 3465 nostra
361 3406 545 3480 possibilitas
574 3405 714 3472 admittit,
754 3404 859 3474 imago
891 3405 956 3476 ejus
1011 3413 1219 3480 muntur,qua
1243 3407 1407 3464 temeritate
1423 3423 1455 3464 se
1477 3405 1614 3463 homines
1628 3405 1658 3462 lu
1672 3405 1838 3478 bonisper·

128 3497 240 3556 mentis
262 3501 372 3554 nosbse
399 3495 495 3554 oculis
512 3495 683 3554 antefertur.
705 3494 782 3562 Quia
798 3509 870 3551 vero
886 3509 955 3550 cum
1010 3499 1312 3554 manereconstauter
1326 3495 1476 3553 aestiment
1488 3496 1502 3552 ‘l
1516 3498 1771 3567 Possuntquoque
1783 3509 1839 3568 par

128 3587 160 3644 in
175 3589 262 3646 Patre
279 3586 475 3651 inlsndimus.
507 3587 588 3643 hunc
612 3589 760 3659 qnantum
784 3583 956 3657 accepimns
1010 3587 1134 3658 angelos
1143 3585 1382 3644 sauctidostores
1391 3584 1566 3656 intelligunt
1579 3577 1653 3642 illud
1665 3583 1836 3657 propheta:

128 3693 279 3751 persuum
294 3677 470 3749 imaginem,
485 3675 517 3732 id
531 3680 576 3734 est
589 3691 643 3748 per
665 3673 783 3744 Filium,
807 3672 955 3742 videmus,
1011 3695 1025 3728 e
1043 3675 1132 3731 Labie
1147 3673 1309 3731 sacerdotis
1323 3673 1496 3730 custodiunt
1508 3671 1674 3740 scientiam,
1689 3675 1718 3728 et
1739 3670 1837 3743 legem

128 3772 163 3824 ut
180 3767 243 3840 ipse
262 3765 407 3824 [lominus
434 3765 498 3823 eit:
518 3768 640 3822 «Nemo
667 3763 747 3820 veuit
769 3764 808 3820 ad
838 3764 956 3819 Patrem
1010 3765 1164 3838 requirunt
1179 3779 1278 3820 exore
1294 3763 1369 3834 ejus,
1385 3762 1457 3835 quia
1481 3761 1607 3832 urrgelus
1624 3759 1740 3818 Domini
1756 3775 1839 3818 exer·

127 3855 185 3911 nisi
200 3871 253 3929 per
263 3871 311 3911 me
326 3856 425 3926 (Jocn.
440 3869 496 3918 xrs,
512 3855 549 3925 tl.
564 3851 712 3926 Sequitur.
722 3853 762 3907 Et
774 3867 872 3908 nocua
885 3865 957 3920 cuc·
1011 3853 1123 3910 rituum
1151 3858 1195 3908 est
1220 3854 1304 3924 (Μηὶ.
1322 3869 1351 3918 ιι,
1368 3853 1405 3920 τ).
1424 3875 1436 3900 ι»
1455 3851 1509 3916 oui
1538 3865 1604 3906 esse
1627 3849 1750 3906 omnino
1773 3845 1837 3902 siue

127 3946 156 3999 si
181 3959 267 4002 curre
296 3943 368 4000 leues
395 3941 508 3998 andini.
523 3971 558 3982 —
573 3940 651 4006 Ouid
678 3939 758 3996 enim
777 3955 831 4012 per
850 3955 957 3996 vocem
1011 3941 1098 4014 culpa
1113 3945 1275 4014 nequeunt.
1292 3956 1361 3996 curn
1382 3938 1537 4012 pressantis
1553 3937 1619 3993 vitm
1632 3937 1686 3993 iter
1698 3935 1847 4006 gradium*

127 4049 211 4090 aures
224 4031 308 4099 levis,
323 4029 381 4086 nisi
395 4028 526 4098 cognitio
540 4028 668 4100 Spiritus
698 4027 821 4084 sancti?
850 4027 957 4093 uuida
1012 4036 1070 4095 tur,
1083 4028 1268 4102 quantalibet
1279 4029 1384 4084 virtute
1399 4025 1542 4095 fulgeant,
1557 4025 1630 4097 quia
1642 4040 1747 4081 eorum
1759 4039 1840 4092 gres·

126 4123 214 4177 Patre
230 4116 410 4192 procedens,
427 4119 457 4174 et
469 4116 508 4172 de
520 4131 556 4172 eo
570 4115 654 4188 quod
667 4119 711 4171 est
726 4113 786 4170 Filii
795 4114 957 4186 accipiens,
1012 4135 1066 4174 sus
1079 4117 1220 4186 mumius,
1236 4120 1289 4172 aut
1301 4115 1364 4171 luto
1379 4113 1470 4170 illiciti
1484 4112 1593 4185 operis,
1616 4115 1668 4167 aut
1691 4110 1839 4184 pulvereae

126 4214 239 4267 nostris
267 4206 394 4264 tenuiter
419 4204 532 4263 notitiis
557 4202 740 4261 summitati-s
779 4201 956 4260 infunditur.
1013 4203 1209 4277 cogitationis.
1228 4206 1339 4260 Domus
1352 4202 1450 4259 luteas
1464 4200 1610 4270 habitant,
1624 4198 1675 4272 qui
1690 4198 1728 4255 de
1744 4197 1839 4254 illese·

129 4298 205 4366 Quia
218 4297 308 4370 igitur
318 4296 456 4354 bumana
469 4309 568 4365 mens,
583 4292 772 4367 quantalibet
792 4292 898 4348 virtute
914 4297 954 4348 ts·
975 4327 997 4382 n
1012 4295 1103 4352 broce
1118 4294 1175 4350 hac
1190 4293 1248 4349 vita
1263 4291 1362 4348 carnis
1376 4291 1535 4348 exaudiant.
1548 4291 1628 4346 Hanc
1648 4287 1758 4345 Paulus
1770 4287 1838 4344 des-

129 4387 265 4455 tenderit,
295 4386 346 4442 vix
360 4384 398 4442 de
419 4384 532 4444 intimis
546 4387 680 4440 extrema
699 4381 861 4454 cognoscit,
876 4388 955 4438 recte
1011 4388 1133 4459 perierat
1146 4382 1282 4438 habitare
1308 4380 1411 4438 dicens
1428 4397 1434 4436 :
1451 4381 1586 4436 «Nostra
1605 4375 1792 4436 conversatio
1806 4376 1838 4433 in

128 4491 210 4533 nunc
224 4475 333 4534 dicitnr
348 4492 355 4532 :
370 4475 408 4531 Et
421 4489 520 4532 socen
538 4475 627 4545 caesi
640 4473 711 4530 fecie
724 4472 838 4530 cidini.
854 4503 889 4512 --
904 4475 955 4528 Se·
1010 4471 1092 4530 erulis
1106 4475 1150 4526 est
1162 4470 1255 4538 (Phil.
1270 4485 1310 4536 ru,
1324 4468 1379 4540 20).
1396 4467 1481 4536 »Oui
1494 4466 1715 4522 enimseruiunt
1728 4466 1764 4534 ei,
1776 4479 1837 4521 nou

129 4566 231 4640 quitur
247 4582 254 4621 :
533 4630 535 4634 .
1009 4567 1080 4618 cunt
1094 4559 1214 4617 stabiles
1229 4558 1300 4631 quie
1319 4573 1389 4614 cum
1403 4571 1489 4613 mens
1504 4555 1543 4612 ad
1554 4554 1615 4612 alta
1628 4553 1731 4612 nititur
1738 4552 1838 4610 carnis

166 4655 252 4712 Vsus.
268 4660 311 4711 17.
328 4653 475 4726 Nunquid
487 4654 574 4710 bomo
590 4651 646 4708 Dei
659 4654 883 4721 comparatione
897 4653 957 4718 fus·
1012 4668 1071 4706 sua
1087 4649 1265 4720 cogitatione
1277 4645 1448 4720 dissipatur.
1467 4643 1726 4714 macnengen
1747 4656 1840 4710 ange·

130 4744 296 4813 tificcbitur
309 4746 324 4798 ?
337 4773 372 4784 -
398 4744 536 4798 flumana
561 4739 676 4811 justitia
703 4739 811 4796 divinae
837 4739 956 4810 justitiae
1010 4739 1046 4795 lis
1067 4737 1220 4810 reperitur,
1249 4735 1324 4791 dum
1352 4734 1434 4807 ipsos
1463 4748 1586 4805 qnoque
1613 4731 1665 4804 qui
1685 4730 1839 4786 verinum

130 4838 308 4908 comparata
329 4830 474 4904 injustitia
488 4833 543 4886 est.
560 4827 636 4896 Quia
651 4833 680 4884 et
691 4827 815 4884 lucerna
829 4827 859 4882 iu
875 4831 957 4884 tenc·
1010 4825 1159 4893 nuntiant,
1170 4838 1391 4894 nonnunquam
1400 4819 1552 4894 subreptio
1567 4818 1632 4877 vitre
1646 4816 1761 4874 fallacis
1773 4831 1839 4887 gra·

128 4921 191 4978 bris
210 4921 324 4992 fulgere
337 4919 480 4987 cernitur,
495 4918 551 4975 sed
566 4917 597 4974 in
613 4916 686 4974 solis
700 4917 786 4974 radio
801 4916 900 4989 posita
914 4921 957 4973 te-
1011 4920 1071 4972 vat.
1088 4919 1127 4969 ac
1140 4913 1164 4968 si
1178 4913 1279 4968 dicat:
1300 4911 1329 4968 Si
1340 4909 1425 4968 electi
1446 4908 1552 4965 mundi
1567 4907 1659 4979 hujus
1683 4905 1839 4980 iniquitate

129 5009 282 5068 uebratur.
299 5011 378 5066 Bene
392 5011 494 5066 autem
508 5005 646 5064 subditur
662 5022 668 5061 :
682 5005 744 5062 Aut
758 5006 885 5062 Factore
905 5021 958 5062 suo
1012 5003 1166 5070 feriuntur,
1180 4999 1291 5072 quibus
1306 4997 1413 5056 ictibus
1428 5000 1625 5072 penetrantur
1636 4994 1782 5070 reprobi?
1796 4994 1840 5052 'fi-

125 5101 237 5169 pnrior
249 5099 307 5156 etit
318 5099 365 5156 uir
377 5100 435 5164 ?··.
447 5095 605 5154 fluriorern
622 5098 725 5152 autem
736 5110 767 5150 se
783 5093 956 5150 dilectori
1011 5108 1069 5150 nea
1083 5091 1195 5165 quippe
1207 5089 1355 5144 damnum
1369 5091 1399 5143 et
1413 5103 1473 5143 nou
1487 5085 1619 5143 solutum
1634 5085 1713 5143 facit.
1728 5087 1771 5141 lta
1786 5083 1839 5140 ini-

130 5203 186 5244 suo
199 5187 337 5256 aestimat,
353 5185 378 5243 si
392 5189 496 5244 contra
510 5183 665 5257 flagellum
679 5182 832 5257 querelam
860 5187 956 5257 perat,
1011 5197 1142 5256 quornm
1156 5175 1534 5250 mentcs‚quiadamnasua
1546 5175 1735 5232 considerare
1747 5170 1841 5239 negli-

128 5271 957 5351 euruquesibiprcculdubiopostponit,cujusjndiciurn
1012 5275 1095 5342 gunt,
1105 5267 1303 5337 integritatem
1314 5265 1400 5339 quasi
1411 5265 1576 5322 nescientes
1593 5263 1731 5336 perdunt.
1749 5255 1839 5313 Amit-

128 5367 166 5423 de
181 5383 237 5423 sira
250 5365 410 5424 afflictione
425 5363 588 5434 redarguit.
605 5363 660 5429 Qui
675 5361 756 5419 enirn
772 5361 845 5416 mire
859 5360 957 5416 bomi-
1012 5363 1077 5416 tunt
1101 5372 1233 5429 namque
1261 5371 1280 5411 a
1308 5353 1397 5411 corde
1423 5353 1636 5410 innocentiam,
1652 5347 1691 5402 ab
1703 5360 1754 5400 ore
1766 5343 1841 5400 reri-

128 5472 201 5512 nem
216 5471 254 5512 ex
266 5453 361 5512 nihilo
376 5451 445 5509 fecit
455 5450 568 5508 factum
580 5451 670 5525 impie
682 5466 745 5508 non
758 5448 958 5520 aflligitona·
1012 5452 1113 5514 tatem,
1137 5463 1156 5502 a
1182 5459 1272 5500 carne
1301 5441 1524 5506 continentiam,
1551 5443 1579 5494 et
1605 5451 1658 5506 por
1683 5449 1839 5490 accessum

128 5549 254 5619 propter
267 5543 346 5601 male
360 5545 511 5599 serectum
523 5543 618 5613 putat,
626 5539 678 5613 qui
685 5539 822 5614 regulam
830 5553 957 5595 summae
1012 5535 1154 5610 temporis
1164 5537 1282 5591 aetatem
1301 5532 1376 5588 vitae.
1393 5529 1449 5588 Sed
1462 5529 1526 5584 haec
1541 5537 1735 5596 nequaquam
1755 5537 1840 5579 cona·

129 5633 316 5696 rectitudinis
330 5632 458 5705 ignorat.
475 5629 613 5704 Sequitur
629 5646 635 5686 ε
1012 5625 1134 5702 piciunt.
1153 5621 1308 5696 Sequitur:
