4104 6162
112 171 164 239 'sss
451 233 455 242 .
631 189 875 248 coiiirioiimi
896 185 986 246 iieiu
1004 171 1102 246 ritas.
1123 219 1157 231 -
1176 189 1241 246 iia.
1262 193 1295 248 ii.
1762 175 1817 252 eie

108 306 194 380 qnod
206 305 241 365 dt
254 307 330 370 hora
343 315 557 390 conceptionis.
575 313 603 371 Si
615 329 687 385 ergo
699 317 782 372 tanta
794 317 839 370 est
848 311 937 388 culpa
953 317 978 369 A
990 313 1055 369 Joel
1068 313 1140 370 dicit
1153 329 1160 369 i
1184 318 1216 371 tii
1231 329 1268 372 eo
1279 315 1379 372 cordis
1398 315 1502 373 cciilos
1516 315 1581 373 liaeo
1593 315 1699 373 eadem
1720 313 1814 372 libido

110 395 142 450 in
154 395 306 469 conjugali
318 402 491 476 concubitu,
505 410 538 461 ut
551 400 650 461 inians
664 401 719 478 pro
734 399 783 460 illa
802 397 866 460 sola
879 413 936 478 ριι-
990 413 1154 472 encaeniis,
1179 393 1220 460 ita
1243 418 1366 460 sensum
1392 396 1458 476 ejus
1483 399 1620 471 inebriat,
1640 403 1673 462 nt
1693 401 1817 479 propter·

109 479 167 540 nlri
181 481 299 553 debead:
314 497 429 564 quante
443 485 473 549 in
489 498 592 567 stupro
604 497 648 550 cst
663 493 708 550 vel
722 493 752 549 in
763 493 936 568 pollutione,
991 491 1222 563 ignominiosam
1237 491 1370 566 eorporis
1381 497 1497 565 partein
1507 493 1669 566 pretiosam
1681 493 1815 552 animam

38 635 40 643 ,
109 578 179 646 quta
192 574 230 632 ad
246 568 342 636 solam
357 569 512 640 libidinem
526 574 706 658 explendam
719 571 938 657 patraturiil'a·
990 582 1021 638 in
1036 581 1158 638 serviles
1172 569 1332 638 blanditias
1357 579 1487 652 inclinet,
1503 580 1532 638 at
1554 581 1584 639 iii
1604 583 1742 656 praesenti
1757 585 1815 640 tur:

108 662 166 720 rito
178 663 268 735 igitur
281 672 461 741 protestatur
474 671 644 747 Apostolus,
659 672 732 748 quia
744 672 938 730 fornicatores
990 687 1061 746 pem
1085 669 1252 736 infamiam,
1277 669 1308 727 iii
1334 663 1434 727 futuro
1462 665 1563 727 anteiri
1589 668 1815 729 damnationem

110 757 138 810 et
150 753 302 814 adulteros
313 758 462 831 judicabit
475 765 563 821 ilaus.
580 765 683 838 liquat
696 767 774 821 certe
788 763 871 838 quod
884 763 938 820 mi·
990 763 1167 834 perpetuam
1181 759 1323 816 deliberet
1332 757 1571 828 incurrsrc,dum
1581 758 1688 818 insano
1699 751 1813 834 pruritu

108 857 199 899 nores
212 859 313 904 causis
327 865 381 923 pei·
394 850 524 909 minores
536 853 652 925 judicas
671 852 786 910 soleant
797 852 937 925 judicari,
990 847 1037 905 vel
1051 851 1163 922 puncto
1173 847 1315 922 temporis
1329 848 1480 906 abutatur.
1494 851 1594 922 Neque
1604 847 1685 904 enim
1695 847 1815 906 inevita-

110 932 163 990 sad
178 949 248 992 cuin
259 935 381 1011 aliquod
395 939 453 998 tale
467 943 621 1014 negotium
635 943 777 1017 obrepsit,
788 943 871 1016 qnod
884 958 938 1016 per
990 937 1041 995 bili
1062 937 1240 995 necessitate
1258 937 1412 995 hominem
1427 937 1611 1009 constringit,
1624 941 1658 994 ut
1672 935 1731 994 alia
1743 937 1816 994 vitia

109 1035 143 1079 ee
156 1021 326 1083 nullatanus
340 1028 480 1104 expedire
494 1030 623 1105 valcant,
636 1029 717 1090 idad
728 1031 871 1108 principis
886 1048 939 1090 nc·
990 1018 1313 1102 plerumquc'iaciunt,
1338 1025 1413 1084 sicut
1437 1027 1542 1084 lames-
1568 1023 1654 1090 Quod
1674 1023 1816 1085 Salomon

109 1104 205 1169 titiam
226 1114 366 1174 reiciunt.
383 1114 418 1176 itt
440 1117 530 1192 igitur
544 1125 676 1195 quantus
701 1118 812 1179 sitista
838 1126 938 1179 reatus
991 1115 1120 1175 ostendit
1133 1116 1235 1174 dicens
1248 1133 1255 1173 :
1270 1113 1338 1175 Noc
1353 1117 1480 1189 praedis
1494 1114 1586 1187 ciilpa
1600 1122 1652 1184 est,
1668 1131 1735 1174 cum
1750 1115 1815 1188 qnia

108 1207 335 1275 monstraretur,
349 1196 388 1264 ad
404 1201 497 1266 soline
522 1211 571 1268 llei
595 1202 743 1284 judiciuin
757 1211 857 1270 teicrii
871 1225 937 1286 per·
988 1199 1138 1279 furatur:
1148 1208 1277 1278 seratur·
1290 1207 1368 1265 enim
1377 1212 1410 1263 :it
1424 1207 1600 1264 esurientem
1615 1205 1738 1276 implent
1752 1193 1817 1261 aab

107 1288 237 1349 bibetdr.
253 1284 314 1352 Sub
329 1285 386 1354 boc
401 1301 493 1356 sensit
508 1293 552 1357 aei
565 1287 790 1372 intelligendum
804 1301 894 1360 etiam
906 1287 938 1359 ii·
990 1311 1080 1365 mam,
1089 1297 1221 1354 attamen
1234 1287 1333 1353 reddit
1346 1291 1516 1367 septuplum
1531 1295 1632 1366 (Pron.
1644 1297 1682 1367 vt,
1694 1289 1748 1368 80).
1760 1279 1817 1360 Oui

107 1377 172 1450 ted,
187 1375 269 1454 quod
283 1383 363 1442 idam
378 1387 538 1460 Apostolus
549 1389 606 1446 ait:
621 1390 792 1448 Nibilmibi
801 1393 937 1448 consciae
990 1392 1092 1444 autem
1116 1385 1232 1442 adulter
1250 1391 1303 1454 est,
1325 1385 1430 1459 perdet
1443 1384 1578 1442 animam
1599 1399 1697 1454 suam,
1712 1389 1741 1440 at
1761 1395 1816 1456 op-

106 1483 183 1540 sam,
197 1469 250 1527 sed
263 1485 323 1530 non
335 1473 367 1530 tit
383 1474 632 1546 bocjtsatificctas
646 1493 710 1535 sum
726 1479 755 1551 (Ι
761 1479 830 1537 Cor:
846 1495 885 1548 iv,
896 1483 934 1548 l).
990 1475 1146 1550 probrium
1161 1473 1239 1530 illius
1254 1489 1315 1530 non
1329 1473 1484 1530 delebitur.
1495 1473 1642 1539 Quoniam
1655 1471 1722 1528 talis
1737 1469 1817 1544 quis·

108 1559 183 1614 Nam
196 1575 250 1616 cur
264 1575 295 1617 se
311 1561 475 1634 justificare
485 1581 547 1623 noii
567 1566 687 1639 audeat,
702 1568 842 1643 quamvis
863 1567 936 1625 nibil
990 1581 1049 1639 que
1061 1567 1183 1638 propter
1195 1563 1289 1619 solam
1303 1561 1476 1635 superbiam
1490 1566 1603 1636 peccat.
1619 1559 1759 1617 Nonnulli
1768 1573 1817 1616 va-

107 1645 180 1702 mali
202 1654 271 1722 post
295 1649 445 1725 baptisma
459 1654 516 1711 sibi
539 1655 679 1712 conscius
701 1655 747 1727 sit,
763 1657 972 1720 manifestata
990 1671 1024 1712 ro
1038 1653 1179 1728 quaedem
1201 1651 1418 1722 benefaciunt,
1434 1656 1467 1709 ut
1487 1651 1518 1708 iu
1538 1651 1595 1708 hoc
1609 1650 1678 1706 vitio
1691 1649 1816 1723 impune

107 1733 255 1793 subdens:
268 1739 427 1806 Ouicutem
433 1743 555 1813 judicat
565 1759 611 1802 me
618 1745 762 1802 Dominus
772 1745 937 1819 esttliid.),·
989 1746 1168 1803 volutentur.
1178 1743 1292 1810 Quibus
1302 1743 1332 1799 iii
1343 1741 1540 1816 sequentibus
1552 1738 1815 1808 Salomonobviat,

106 1837 143 1880 ac
157 1825 181 1881 si
195 1824 323 1886 dicarat:
342 1831 407 1888 Non
420 1833 556 1906 equalis,
570 1833 623 1890 sad
636 1827 722 1906 cujus
734 1835 785 1891 irae
799 1835 936 1894 resistere
989 1829 1092 1892 dicens
1117 1827 1155 1891 de
1178 1832 1240 1889 nelo
1268 1829 1334 1889 tici:
1363 1831 1430 1888 Non
1451 1827 1616 1904 acquiescet
1637 1829 1815 1899 cujusquam

107 1917 197 1969 nemo
212 1909 318 1988 potest.
335 1919 425 1975 Porio
440 1919 479 1976 ad
496 1921 703 1979 enormitatem
720 1923 792 1980 tanti
806 1923 869 1980 vitii
883 1923 936 1980 dc·
987 1925 1135 1995 precibus,
1151 1938 1205 1980 nec
1218 1921 1357 1992 suscipiet
1371 1936 1427 1991 pro
1441 1911 1642 1989 redemptione
1653 1913 1733 1974 dona
1745 1909 1815 1985 nla-

106 2003 348 2073 monstrandam,
359 2005 441 2062 idem
455 2005 519 2081 ipse
533 2009 693 2081 Apostolus
707 2009 825 2068 subdit:
844 2012 936 2068 Omne
989 2013 1068 2069 mma
1081 2013 1183 2084 (Pron.
1196 2027 1238 2078 vi,
1253 2011 1308 2081 35).
1325 2009 1398 2065 liiiio
1412 2009 1444 2065 in
1457 2008 1531 2065 lob:
1546 2008 1615 2064 Non
1630 2006 1733 2064 credat
1747 2003 1816 2074 fru-

101 2095 263 2160 peccatum
281 2091 478 2166 quodcunque
495 2096 602 2166 fecerit
615 2098 711 2168 bomo,
727 2103 815 2156 aetra
828 2115 936 2170 eorpus
989 2108 1055 2158 stro
1065 2115 1168 2158 errore
1181 2100 1329 2170 deeeptus,
1345 2098 1425 2170 quod
1438 2099 1541 2170 atiquo
1559 2097 1656 2167 pretio
1670 2095 1817 2152 redimen-

104 2181 169 2248 est,·
182 2179 346 2250 quintilem
358 2183 543 2252 fornicatur,
558 2185 590 2241 in
606 2201 713 2256 corpus
733 2201 819 2243 sunm
830 2191 936 2257 peceat
989 2193 1046 2248 dns
1057 2193 1095 2248 sit
1112 2189 1187 2261 (lob.
1197 2205 1245 2256 xv,
1262 2192 1317 2256 at).
1335 2187 1455 2254 Quoties
1469 2190 1538 2259 post
1551 2175 1672 2258 culpam
1691 2183 1818 2240 eleemo-

106 2265 137 2334 (1
148 2265 216 2322 Cor.
232 2282 272 2336 vi,
290 2269 345 2341 ι8).
361 2271 418 2326 coi·
430 2287 563 2346 namque
576 2277 723 2345 noenum,
742 2274 780 2331 dc
801 2291 863 2348 quo
879 2277 936 2332 llo·
990 2296 1100 2353 synam
1115 2277 1284 2345 tribuimus,
1295 2275 1383 2350 quasi
1396 2291 1452 2349 pro
1466 2273 1573 2331 eadem
1587 2271 1677 2346 culpa
1687 2271 1817 2346 prelium

104 2353 207 2410 minus
228 2361 353 2428 peccata
377 2359 456 2416 exire
480 2360 626 2434 perhibet,
641 2361 719 2420 intra
747 2379 857 2437 corpus
880 2367 934 2422 ast.
989 2369 1109 2432 demus,
1122 2367 1208 2439 juxta
1222 2364 1314 2421 illud:
1335 2364 1420 2421 Sicut
1434 2377 1515 2436 aquo
1529 2361 1692 2432 enstinpuit
1706 2362 1816 2434 ionem

107 2441 167 2499 iloc
181 2457 253 2514 argo
273 2459 335 2502 non
350 2445 390 2504 ob
404 2448 462 2505 hoc
477 2449 548 2507 dicit
568 2451 740 2524 Apostolus,
755 2457 788 2510 ut
800 2452 864 2510 sola
878 2451 937 2510 lor·
988 2459 1032 2515 ita
1059 2457 1243 2524 eleemosyna
1267 2453 1432 2524 exstinpcit
1453 2457 1610 2522 peccatum
1638 2449 1744 2528 (Eccli.
1774 2463 1816 2522 iii,

105 2531 215 2589 nicetio
230 2531 307 2592 intra
330 2551 440 2609 corpus
462 2535 518 2606 sit;
544 2537 598 2595 sed
623 2543 656 2596 ut
677 2540 848 2598 ostenderet
862 2541 935 2615 quia
988 2548 1044 2619 33),
1068 2543 1151 2602 Unde
1179 2543 1281 2600 Daniel
1299 2541 1339 2598 ad
1364 2541 1659 2598 Nabuchodonosor:
1675 2540 1815 2606 Peccata,

105 2626 254 2692 qnantum
269 2623 389 2694 gravior
402 2630 448 2682 est
470 2626 535 2683 eliis
557 2627 698 2702 peccatis,
714 2633 830 2687 tantum
845 2629 936 2689 distat
988 2634 1093 2708 inquit,
1111 2639 1164 2689 tac
1186 2632 1379 2702 elecmosynis
1402 2629 1513 2688 redime
1537 2629 1624 2702 (Dan.
1651 2643 1692 2696 iv,
1713 2627 1769 2699 nt).
1785 2627 1818 2684 Et

106 2709 231 2767 morbus
254 2711 377 2770 interior
401 2713 441 2771 ab
457 2715 609 2773 ulceribus
631 2733 699 2790 quoe
725 2717 756 2774 in
772 2723 838 2776 cute
853 2725 933 2777 sunt.
989 2724 1121 2780 domnus
1135 2720 1274 2778 Nartinus
1285 2719 1422 2794 perhibet
1430 2717 1556 2792 antiqua
1568 2717 1676 2775 delicta
1686 2713 1817 2773 melioris

106 2799 210 2857 Nonne
224 2807 253 2858 et
263 2801 321 2859 hoc
334 2805 412 2860 Deus
426 2805 645 2880 approbatqut
658 2807 861 2865 tortitudinem
874 2808 936 2867 dia·
989 2812 1056 2868 vitae
1070 2807 1297 2866 conversatione
1313 2808 1445 2882 purgari.
1462 2805 1519 2865 Sed
1532 2805 1607 2863 sicut
1621 2807 1652 2862 in
1666 2805 1743 2862 libro
1756 2819 1817 2860 xxii

104 2885 169 2945 boli
180 2888 211 2946 iii
230 2891 287 2948 hoc
301 2891 373 2949 vitio
395 2897 532 2951 constare
544 2895 695 2968 perbibuit
709 2895 823 2968 dicens,
839 2901 872 2954 ut
885 2913 936 2954 su·
989 2899 1143 2958 Moralium
1155 2897 1340 2970 disputatur:
1355 2897 1407 2970 qui
1418 2897 1458 2954 ita
1469 2896 1694 2968 eleemosynam
1704 2892 1817 2964 tribuit,

104 2975 277 3051 pradictum
291 2985 338 3038 est
360 2981 400 3038 ad
421 2981 544 3040 beatum
558 2983 636 3041 lob:
653 2985 811 3042 Fortitudo
826 2987 889 3057 ejus
904 2989 971 3073 iiic
990 2993 1022 3046 ut
1048 2987 1169 3062 culpam
1195 3001 1257 3041 non
1281 2984 1421 3048 dimittat,
1446 2983 1581 3041 animam
1602 2997 1665 3040 non
1688 2979 1817 3050 redimit,

105 3065 216 3124 tumbis
241 3071 305 3142 ejus
329 3071 404 3143 (lob.
427 3089 475 3143 iii,
490 3073 553 3146 lli:
575 3073 646 3130 hinc
671 3074 761 3131 etiam
785 3077 936 3149 estquod
990 3094 1084 3153 quam
1098 3075 1202 3133 avitiis
1212 3089 1275 3131 non
1289 3074 1461 3147 compescit.

102 3155 266 3228 praedictus
287 3159 449 3234 Apostolus
465 3165 569 3218 contra
590 3167 696 3220 catera
716 3163 840 3236 quidem
867 3165 937 3222 vitia
1026 3169 1114 3224 xxvi.
1140 3165 1201 3222 Hoc
1229 3163 1277 3221 ille
1298 3163 1422 3220 eremita
1443 3179 1498 3220 suo
1521 3161 1599 3218 iacto
1622 3157 1741 3234 probat,
1765 3156 1819 3230 qui

101 3259 242 3320 pugnare
255 3263 311 3305 noi
324 3249 355 3306 iii
367 3250 506 3307 cominus
517 3249 613 3323 jubal,
626 3251 854 3310 fornicationem
864 3269 936 3311 vero
990 3273 1060 3314 cuni
1074 3253 1176 3312 multis
1190 3252 1349 3310 virtutibus
1363 3267 1434 3308 cum
1443 3248 1612 3326 quomdam
1621 3247 1749 3304 filiosuo
1761 3245 1820 3304 col·

101 3331 371 3406 supercidentem
386 3339 529 3396 nimirum
544 3340 689 3412 suadens,
701 3345 734 3397 ut
747 3341 772 3398 si
781 3341 850 3414 quis
861 3357 937 3415 pras
989 3345 1057 3416 lega
1071 3342 1258 3411 deseruisset,
1274 3343 1339 3398 haec
1352 3340 1394 3397 illi
1406 3355 1461 3414 per
1474 3337 1630 3396 diabolum
1646 3336 1755 3408 injecta
1767 3349 1818 3390 co·

100 3419 193 3480 lialor
206 3423 354 3499 frequenti
368 3427 502 3484 bostium
517 3429 728 3499 congressione
747 3429 934 3500 victoriosus,
990 3434 1093 3506 gitatio
1108 3437 1163 3502 est,
1185 3435 1219 3488 ut
1231 3431 1476 3505 quandocunque
1496 3427 1620 3486 libidine
1641 3424 1818 3492 titillaretm,

102 3511 130 3566 si
144 3517 295 3570 armatum
311 3513 400 3572 talem
414 3515 734 3592 incurrataliquando,
749 3519 797 3574 cui
809 3533 935 3589 congra-
990 3523 1149 3580 sicsemcn
1164 3519 1284 3577 detritu
1303 3517 1438 3590 genitalis
1453 3515 1581 3575 membri
1596 3527 1715 3586 egerere
1729 3511 1819 3569 deba·

101 3599 134 3656 di
155 3599 325 3660 nullatenus
347 3603 463 3662 audens
477 3605 517 3663 ab
531 3620 567 3663 eo
590 3621 644 3680 per
663 3605 767 3678 lugam
789 3607 933 3665 declinat:
989 3617 1043 3682 ret,
1057 3615 1205 3684 tanquam
1218 3607 1331 3678 ilegme
1344 3607 1383 3664 de
1395 3607 1520 3664 naribus
1535 3603 1701 3680 projiceret.
1713 3599 1768 3666 Qut
1777 3597 1818 3656 ob

101 3690 145 3748 ita
159 3689 284 3764 quilibet
295 3691 479 3750 Christianus
493 3694 584 3752 etiam
609 3695 635 3752 si
655 3695 714 3754 alia
728 3696 800 3753 vitia
813 3711 936 3770 supera·
989 3701 1021 3758 id
1035 3704 1063 3758 et
1077 3698 1269 3756 daemonibus
1292 3695 1423 3752 moriens
1449 3695 1567 3752 vidente
1592 3691 1673 3750 socio
1692 3689 1819 3748 traditus

101 3777 189 3846 verit,
207 3777 247 3835 ab
258 3779 468 3838 occasionibus
482 3786 584 3840 tamen
598 3783 731 3840 libidinis
742 3784 832 3856 longe
846 3801 878 3841 se
892 3784 935 3842 la·
989 3793 1042 3851 est,
1065 3803 1135 3844 cuni
1149 3785 1274 3860 quidem
1295 3785 1391 3841 isdem
1407 3785 1506 3840 socius
1524 3787 1642 3840 reatuin
1656 3781 1721 3852 ejus
1735 3777 1819 3848 igno-

102 3867 173 3934 cict,
189 3881 226 3924 aa
239 3868 263 3924 si
275 3868 402 3928 minimo
416 3870 510 3944 digito
522 3872 630 3944 ligetur
644 3877 723 3930 totus
738 3874 883 3931 tradatur.
990 3892 1072 3946 rans,
1084 3874 1137 3930 sed
1153 3873 1292 3929 exercitia
1306 3871 1450 3928 virtulum
1465 3869 1610 3937 recolens,
1622 3881 1699 3942 pene
1714 3866 1819 3939 despe-

140 3954 220 4012 llltV.
240 3955 520 4017 Haeciortissimum
545 3962 670 4018 Samson
696 3961 760 4018 sola
774 3961 854 4030 vicit,
870 3963 934 4019 baec
989 3961 1200 4020 ravitdicens:
1225 3959 1331 4032 Oquis
1352 3957 1460 4031 poterit
1482 3955 1583 4012 salvus
1606 3949 1819 4024 assequendo

102 4043 327 4103 sanctissimum
362 4048 455 4105 David
486 4065 548 4106 non
580 4049 729 4124 proeteriit,
756 4049 937 4123 sapientissi·
989 4051 1044 4108 ista
1056 4048 1159 4124 periitl
1175 4047 1227 4102 cut
1243 4061 1315 4102 mox
1331 4043 1457 4116 angelus
1479 4047 1581 4100 astans
1599 4040 1689 4097 dixit:
1708 4041 1748 4094 Ne
1760 4041 1821 4093 tur·

101 4150 191 4192 mum
215 4133 407 4195 Salomonem
427 4138 547 4212 penitus
571 4138 737 4204 sullocavit‚
754 4155 834 4206 cuni,
860 4139 936 4198 siout
989 4137 1079 4205 beris,
1094 4137 1147 4193 istc
1166 4135 1246 4192 enim
1268 4133 1337 4191 licat
1360 4132 1455 4190 multa
1479 4130 1588 4197 lecerit,
1604 4133 1706 4186 tamen
1719 4139 1773 4198 per
1788 4121 1819 4178 il·

103 4223 252 4297 scriptum
272 4229 325 4297 est,
341 4231 519 4300 potestatem
542 4228 588 4284 sui
612 4227 745 4302 corporis
767 4243 828 4284 non
843 4227 935 4285 habe·
990 4227 1044 4284 lud
1065 4225 1181 4292 vitium,
1197 4223 1279 4297 quod
1296 4221 1458 4296 Apostolus
1480 4223 1570 4276 vocat
1583 4212 1817 4278 immunditiam,

101 4317 158 4370 ret.
176 4315 243 4370 ttoec
262 4319 360 4371 Arnon
382 4313 479 4372 filium
494 4317 588 4375 David
600 4317 631 4373 in
647 4332 782 4374 sororem
797 4317 934 4390 praecipi·
949 4365 974 4424 D
992 4319 1100 4374 cuncta
1114 4313 1244 4370 ioedavit.
1265 4312 1305 4368 Dc
1320 4327 1381 4384 quo
1396 4309 1437 4367 ait
1450 4309 1618 4383 propbeta:
1634 4305 1743 4362 Menae
1756 4315 1817 4358 ues-

103 4399 189 4458 tavit.
207 4401 278 4468 Quis
293 4417 365 4475 erge
377 4404 442 4476 jani
455 4403 493 4462 de
509 4405 649 4463 virtutum
663 4405 841 4463 charismate
865 4421 935 4463 con·
992 4411 1047 4461 tre
1059 4403 1207 4473 sanquine
1217 4401 1315 4471 plena
1327 4405 1398 4455 sunt
1412 4397 1483 4470 (Iso.
1494 4413 1514 4466 i,
1524 4399 1568 4461 ti)
1585 4393 1613 4452 Si
1625 4391 1747 4468 quidei..
1761 4387 1819 4488 tale

103 4490 204 4548 fidat?
227 4492 256 4549 Si
270 4491 335 4550 liaeo
347 4492 464 4568 lapides
487 4494 646 4569 relinquat,
661 4495 699 4552 de
721 4494 838 4569 stipulis
861 4495 936 4569 quid
991 4491 1105 4565 aliquid
1120 4493 1224 4546 nostro
1238 4492 1372 4561 tempore
1391 4485 1523 4557 contigit,
1535 4483 1665 4556 quodne
1678 4480 1724 4537 sui
1738 4493 1820 4576 novi·

103 4580 180 4638 fieti
207 4581 279 4647 Quae
305 4581 416 4639 idcirco
448 4583 643 4657 periculosior
667 4588 720 4652 ast,
749 4583 822 4657 quia
850 4583 936 4641 citius
993 4585 1050 4640 late
1076 4580 1205 4646 vilescet,
1228 4576 1482 4635 considerandum
1505 4579 1560 4645 ast,
1582 4572 1655 4646 qnia
1679 4569 1726 4627 ille
1750 4567 1821 4623 lacit

103 4675 223 4726 mentes
245 4677 378 4740 enervat,
393 4674 538 4746 quoniam
565 4674 663 4746 magis
685 4673 821 4730 delectat.
844 4672 935 4730 idcir·
990 4669 1157 4728 novissima
1170 4667 1223 4742 qni
1237 4667 1306 4724 lacit
1321 4665 1455 4737 antiqua.
1471 4666 1505 4720 Et
1518 4665 1608 4736 poeta
1620 4659 1710 4716 dicit:

104 4775 142 4816 co
167 4765 267 4816 aulem
297 4766 359 4818 tam
382 4761 511 4819 districte
537 4763 671 4837 punitur,
687 4764 759 4837 qiiia
783 4763 868 4820 facile
883 4763 936 4820 do·
1045 4760 1159 4814 Rursus
1174 4757 1209 4811 ab
1224 4754 1354 4826 antiquis
1370 4753 1484 4807 veniunt
1501 4748 1644 4804 mii-acala
1657 4747 1763 4801 censis.

104 4848 184 4905 mari
210 4851 325 4922 potest:
361 4851 444 4924 qnod
477 4851 611 4908 videlicet
642 4867 679 4908 ex
712 4852 770 4909 hoc
795 4855 935 4925 apparet,
992 4847 1121 4916 Quidam
1135 4847 1235 4920 itaque
1248 4842 1469 4918 presbyteras)
1480 4840 1603 4912 inpage
1616 4833 1818 4936 Abricantinq,

104 4937 180 5011 quia
193 4937 499 5011 quantolibetardore
521 4941 660 4998 moechus
674 4941 814 5012 insaniat,
829 4940 869 4998 cb
884 4940 936 4997 ali-
991 4935 1219 5011 nepostoannis
1234 4930 1386 5008 prepositi
1405 4930 1463 5003 (88)
1477 4929 1514 4987 de
1533 4931 1636 4986 monte
1658 4930 1752 4983 sancti
1774 4925 1822 4981 lli·

104 5043 170 5100 quo
195 5031 297 5085 tamen
323 5027 404 5085 visus
429 5045 502 5086 mox
529 5045 560 5087 se
587 5029 726 5097 refrenat,
753 5030 805 5104 qni
833 5029 936 5104 utique
991 5025 1115 5092 chaelis,
1130 5024 1168 5080 de
1183 5020 1365 5080 continentia
1387 5019 1608 5092 desperaverat.
1625 5015 1675 5073 iiic
1693 5029 1747 5088 pcr
1768 5029 1820 5069 iio

104 5115 282 5174 vallantem
291 5117 488 5175 reverentiam
502 5117 611 5176 divinis
625 5117 779 5176 obtutibus
792 5123 937 5192 praestare
991 5131 1060 5174 vem
1075 5114 1154 5171 vices
1167 5113 1296 5168 Romam
1311 5109 1394 5178 adiit,
1409 5125 1428 5166 a
1442 5108 1531 5165 beato
1545 5105 1655 5164 scilicet
1667 5107 1750 5162 Petro
1766 5101 1821 5202 im:

104 5203 264 5264 debuerat.
279 5205 337 5264 Sed
360 5205 478 5264 insania
491 5207 629 5279 vincitur,
644 5211 674 5266 ct
692 5205 890 5280 Hieronymus
904 5207 935 5264 iii
991 5205 1158 5279 punitatem
1181 5200 1309 5265 sceleris,
1322 5199 1411 5273 quasi
1425 5203 1547 5273 propter
1562 5197 1748 5268 frequentem
1762 5191 1820 5247 loci

142 5363 937 5449 (cqtnpcqontiia'canimoeiegoiiusmicantissi-
991 5367 1084 5422 mcm's
1106 5361 1346 5444 cognominatur,
1367 5363 1471 5441 estque
1498 5351 1754 5436 peregrationibus
1779 5349 1820 5408 ab

105 5437 264 5494 canticum
279 5437 352 5496 dixit
365 5437 417 5495 lib.
433 5455 464 5494 ii.
478 5437 606 5496 Niracul.
623 5441 649 5495 S.
668 5437 790 5505 Martini,
807 5452 874 5509 cap.
890 5439 935 5507 36,
992 5437 1116 5510 antiquo
1143 5433 1276 5491 celebris.
1293 5433 1460 5512 Cbrcnicon
1477 5429 1505 5484 S.
1519 5429 1641 5480 Victoris
1660 5423 1699 5480 ad
1711 5439 1818 5505 muros

105 5507 233 5634 quidam
247 5507 524 5577 Atitnecntecsem,
540 5509 589 5566 alii
612 5526 683 5567 vero
698 5509 934 5576 Artortcensem,
992 5508 1082 5564 Paris.
1096 5525 1102 5563 :
1130 5529 1144 5556 «i
1157 5509 1187 5562 tii
1202 5502 1368 5586 Septembri
1387 5517 1438 5556 rei
1463 5499 1644 5576 Francorum
1668 5493 1819 5578 Pbibppus

135 5578 935 5648 rboretnmimatArbiincensem.Gallicailernncltcs.
992 5594 1084 5636 cansa
1098 5576 1344 5652 peregrinationis
1363 5575 1496 5628 montem
1521 5567 1549 5623 S·
1566 5565 1713 5623 llichaelis
1725 5581 1754 5622 iii
1770 5579 1822 5640 pe-

142 5649 204 5722 (88)
215 5651 259 5709 Dc
271 5651 408 5710 mooted.
419 5651 584 5711 arataeis.
596 5651 652 5719 Qui
661 5650 937 5723 vulgompeiicuto
992 5649 1086 5707 riculo
1100 5648 1192 5706 maris
1205 5644 1367 5706 visitavit.»

965 5801 970 5832 l

582 5861 654 5924 ἢ
