4160 6162
246 183 299 239 m
764 177 792 231 S.
809 173 938 232 ODONIS
953 167 1105 230 neutris
1120 169 1381 228 ctuttttussusta
1396 170 1428 228 ll.
1757 189 1764 196 ·
1900 172 1965 228 220

248 307 337 365 etiam
350 303 530 373 Redemptor
538 304 639 356 noster
651 299 770 367 exstitit,
791 298 843 371 qui
872 312 928 370 pro
956 294 1070 350 nedem
1089 296 1112 350 A
1127 293 1217 352 illusit
1229 295 1313 366 (Luc.
1331 311 1411 364 xxru,
1425 300 1497 358 tlt.»
1515 296 1586 360 Quae
1599 293 1630 349 in
1643 295 1898 366 temperepnrata,
1919 292 1962 348 de

237 396 350 471 vptione
363 395 467 448 nostre
481 389 512 445 in
527 405 614 446 oruoe
632 389 765 449 moriens
789 385 954 443 tenebrosis
965 383 1074 440 nostris
1129 399 1190 456 quo
1204 384 1350 456 seriptum
1364 387 1408 439 est
1424 402 1430 438 :
1446 405 1459 432 κ
1477 386 1551 440 Cum
1575 396 1719 454 accepero
1735 383 1867 454 tempus,
1899 395 1963 451 ego

248 481 399 542 mentibus
414 479 513 536 luoem
527 493 582 551 per
600 477 717 548 lignum
731 477 817 532 ludit.
835 475 908 532 ilino
932 473 1075 545 seriptum
1127 473 1257 544 jusiitias
1276 473 1419 545 judicabo
1435 474 1496 540 (Pe.
1523 489 1613 544 nxxrv,
1642 476 1680 538 3).
1694 493 1707 522 »ι
1731 473 1861 544 Lampas
1883 485 1962 541 ergo

248 575 292 628 est
306 588 312 626 r
326 591 340 619 ιι
357 573 425 626 Erat
439 569 490 624 lux
504 584 574 625 vere
587 583 655 641 quar
670 565 818 624 illuminat
833 580 954 621 omnem
983 561 1077 618 homi·
1129 579 1197 634 quae
1212 579 1292 619 nune
1307 562 1516 645 contemnitur,
1532 561 1571 617 ud
1591 564 1736 618 statutum
1758 563 1879 633 tempus
1887 575 1962 626 ren-

248 675 330 724 nem,
345 680 360 710 r
375 657 530 732 etreliqua
543 660 642 726 (Joan.
659 657 732 728 nt).
762 657 856 722 Quem
878 657 980 710 tamen
994 651 1075 724 apud
1130 655 1196 708 tura
1212 655 1408 724 preparetur,
1425 650 1569 724 quiaipse
1584 654 1709 723 peraeta
1731 649 1823 708 indie
1853 650 1962 706 ultima

248 748 444 820 eogitetiones
465 747 589 803 divitum
616 749 823 818 oontemptum
844 741 918 800 vidit
943 745 1076 810 evange·
1128 740 1253 811 iudicat,
1278 739 1331 812 qui
1358 755 1439 796 nune
1465 739 1653 812 peooantium
1668 739 1833 796 derisiones
1845 743 1959 814 portat.

248 838 326 908 lisia,
342 853 412 893 oum
427 836 537 892 dieeret
553 855 559 892 :
575 858 590 885 a
604 835 637 896 ln
654 834 776 908 propria
788 832 876 900 venit,
892 835 921 887 et
935 830 981 886 sui
1007 845 1076 886 eum
1131 829 1202 885 lline
1212 828 1359 901 Propheta
1370 829 1410 886 ait
1426 848 1432 884 :
1450 851 1464 878 «
1480 828 1580 899 Tacui,
1596 843 1714 900 semper
1732 825 1810 897 silui,
1839 827 1959 899 patiens

249 943 310 984 non
321 931 497 999 reoeperunt
511 925 611 996 (Jooo.
625 941 646 997 1,
663 925 743 996 til.»
760 927 919 979 Etrursum
936 939 942 977 :
959 941 973 970 o
989 923 1076 992 Spre-
1130 917 1184 986 fui,
1204 917 1280 974 siout
1292 917 1461 990 parturiens
1472 917 1589 990 loquer.
1602 917 1697 988 (Prot.
1714 932 1780 988 run,
1798 917 1853 987 te).
1870 937 1885 966 s

249 1009 415 1072 vitantem
445 1013 529 1070 illurn
559 1013 689 1070 tlerodes
703 1029 772 1068 oum
801 1009 931 1067 exereitu
954 1025 1019 1076 suo,
1049 1013 1077 1064 et

840 1319 1008 1412 LlBER
1055 1311 1379 1409 euraudus,

475 1672 649 1746 SEQUITUR
670 1673 783 1730 CAPUT
801 1671 857 1726 llll.
1092 1665 1132 1720 B«
1146 1661 1243 1718 Pisoes
1259 1661 1352 1718 maris
1367 1662 1421 1736 qui
1445 1677 1499 1734 per
1525 1659 1683 1716 ambulant
1712 1658 1833 1716 semitas
1860 1659 1957 1715 meris

288 1763 372 1824 Vates.
389 1764 416 1821 e.
435 1762 602 1822 abundant
617 1762 815 1823 tatemtaeute
838 1758 1025 1830 prodentur,
1050 1760 1076 1812 et
1135 1751 1230 1820 (Prot.
1248 1767 1309 1821 rur,
1324 1752 1380 1823 9).»
1397 1751 1451 1817 Qui
1466 1751 1496 1806 in
1510 1749 1629 1820 magnis
1654 1747 1959 1822 reruminquisitioni·

191 1863 195 1870 '
252 1853 397 1917 audacter
418 1858 583 1932 provocant
605 1854 709 1918 Deum,
739 1883 773 1890 -
798 1849 872 1920 Quia
900 1848 1078 1928 plerumque
1133 1839 1191 1894 bus
1206 1840 1295 1911 quasi
1310 1841 1341 1896 in
1357 1839 1466 1896 abditis
1479 1837 1621 1894 fluetibus
1636 1837 1737 1894 latent.
1760 1835 1835 1904 Quid
1858 1840 1962 1893 autem

252 1939 325 2006 maii
340 1957 377 2005 eo
390 1941 487 2014 magis
500 1946 603 2006 eontra
617 1944 710 1998 Deum
735 1938 922 2020 superbiunt,
951 1951 1011 2012 quo
1040 1933 1079 1990 ab
1134 1933 1242 1984 cuneta
1256 1929 1320 1986 hmo
1333 1929 1475 2002 inquisita
1487 1929 1624 1996 doceant,
1639 1925 1774 1998 adjungit
1787 1925 1889 1981 dicens
1905 1943 1911 1980 ε

253 2029 318 2108 eius
330 2028 504 2100 largitateet
518 2035 621 2096 oontm
640 2029 780 2094 meritum
808 2027 938 2085 ditantur
956 2028 1005 2081 :et
1028 2021 1079 2095 qui
1171 2019 1253 2074 vrrs.
1266 2022 1292 2075 9.
1308 2019 1378 2086 Quis
1400 2019 1521 2090 ipnorut
1544 2017 1622 2090 quod
1649 2017 1749 2072 omnia
1768 2015 1827 2072 erc
1852 2029 1964 2070 monete

253 2118 421 2200 perorari,
435 2117 525 2178 honis
541 2117 580 2176 ad
592 2117 717 2182 meliora
733 2117 912 2184 debuerunt,
927 2112 1015 2170 donis
1029 2126 1080 2184 pe·
1135 2107 1256 2162 Domini
1265 2107 1370 2177 feeerit
1386 2109 1400 2163 ⁶?
1414 2109 1503 2161 -Ao
1519 2106 1543 2162 si
1558 2109 1659 2180 aperte
1675 2104 1755 2161 dieat
1768 2121 1775 2159 ι
1790 2103 1857 2160 Sine
1870 2117 1963 2160 sensu

251 2207 334 2286 iores
353 2208 440 2270 fiunt,
457 2209 513 2264 Sed
524 2208 751 2280 intelligendum
767 2210 811 2270 est
823 2205 921 2276 nobis,
951 2218 1079 2278 quomo·
1136 2197 1290 2265 tardiores,
1305 2213 1357 2253 seu
1374 2195 1515 2254 sublimia
1531 2194 1681 2270 sapientes
1696 2195 1759 2256 sine
1775 2191 1898 2250 terrenis
1912 2207 1962 2248 ue-

253 2295 293 2360 do
308 2296 466 2376 praedones
485 2297 683 2378 appellentur,
695 2297 769 2362 dum
779 2295 916 2372 protinus
927 2291 1077 2354 addatur:
1135 2285 1216 2340 tibus
1229 2284 1356 2348 deditos,
1374 2301 1427 2341 seu
1441 2285 1533 2360 hujus
1548 2283 1655 2340 mundi
1678 2285 1842 2356 occupatos
1869 2279 1964 2357 inqui-

255 2383 330 2452 Cum
345 2385 532 2462 ipsedecteu
544 2386 644 2445 oruata
656 2386 686 2440 tu
707 2383 843 2448 manitus
869 2395 980 2436 eorum.
999 2383 1036 2415 ’-
1052 2373 1081 2428 Si
1137 2373 1293 2429 sitionibus
1305 2375 1450 2446 requiras,
1465 2373 1816 2430 eunotahaeoereatorem
1826 2369 1963 2426 omnium

254 2472 334 2538 enim
350 2473 507 2546 praedones
522 2478 599 2530 sunt.
616 2472 757 2532 violenter
770 2469 966 2530 abstulerunt.
982 2469 1014 2522 Et
1028 2465 1082 2520 du·
1137 2461 1428 2531 [ternistratores
1445 2463 1483 2518 de
1511 2465 1655 2535 potestate
1685 2461 1751 2534 ejus
1778 2457 1964 2516 concorditer

253 2559 340 2624 mum
353 2549 416 2624 non
430 2563 483 2633 est,
500 2559 572 2632 quia
592 2559 791 2616 violentorum
819 2573 882 2617 non
910 2555 946 2614 sit
962 2553 1082 2624 adjutor
1138 2553 1277 2620 sentiunt,
1291 2553 1432 2625 quamvis
1448 2553 1626 2608 subernon
1648 2549 1835 2608 concorditer
1849 2547 1962 2604 vivant.

255 2648 342 2712 ilaus.
359 2646 518 2714 Quomodo
531 2647 622 2726 igitur
636 2645 701 2727 ipse
713 2645 776 2718 dat,
789 2644 872 2718 quod
884 2643 915 2700 hi
927 2641 980 2716 qui
1007 2657 1080 2719 pree·
1138 2639 1222 2704 Quod
1234 2643 1335 2697 tamen
1348 2641 1472 2712 intelligi
1497 2641 1586 2698 etiam
1603 2642 1691 2720 juxta
1713 2638 1809 2696 solam
1834 2637 1964 2714 speeiem

254 2733 350 2800 dones
366 2740 436 2801 sunt
448 2737 584 2818 nequiter
605 2735 738 2796 tollunt?
769 2735 825 2795 Sed
851 2732 1006 2792 solendum
1026 2734 1080 2797 est,
1136 2725 1238 2782 littoreo
1246 2727 1353 2784 utiliter
1363 2729 1553 2802 potest,quia
1562 2728 1661 2786 omnis
1670 2731 1806 2800 respecta
1816 2729 1964 2791 areauna,

254 2822 326 2904 quia
339 2823 421 2882 aliud
433 2827 478 2883 eat
491 2824 575 2906 quod
589 2825 780 2902 omnipotens
793 2824 871 2881 Deus
887 2817 1083 2880 misericordi·
1136 2817 1223 2888 quasi
1238 2817 1290 2874 dat
1304 2834 1409 2874 vocem
1420 2819 1614 2876 attestationis
1623 2817 1752 2898 proprie
1762 2817 1862 2899 ipsam
1870 2829 1965 2886 quam

255 2913 298 2966 ter
313 2910 424 2981 tribuit,
441 2912 524 2970 aliud
544 2914 627 2996 quod
649 2914 741 2976 iratus
769 2912 881 2973 hahere
903 2911 980 2968 sinit.
1006 2911 1081 2966 Nam
1136 2906 1369 2981 habetspeeiem
1384 2911 1564 2983 suem,quia
1576 2909 1649 2968 dum
1662 2908 1773 2964 nostris
1788 2905 1882 2963 oeulis
1893 2921 1965 2963 suas

254 2999 339 3082 quod
352 3015 490 3076 perverse
503 3001 663 3083 predones.
690 3002 813 3078 faciunt,
835 3001 892 3068 hoo
921 2998 1081 3074 dispositor
1101 3013 1123 3070 ο
1137 2997 1445 3070 speeiestngeruntse
1457 3017 1475 3056 a
1485 2999 1651 3073 semetipsis
1660 3013 1721 3054 non
1731 3014 1795 3054 esse
1808 2999 1963 3053 testantur.

255 3088 666 3162 equissimusfieri,nonnjsi
678 3091 757 3163 juste
786 3089 937 3164 permittit,
964 3093 995 3144 ui
1016 3093 1045 3142 et
1055 3087 1080 3142 is
1137 3089 1177 3142 Eo
1192 3086 1258 3160 ipso
1273 3088 1351 3143 enim
1368 3089 1450 3162 quod
1466 3093 1602 3146 ereatura
1622 3091 1700 3156 sunt,
1729 3103 1782 3164 per
1809 3089 1966 3141 ostensam

254 3176 307 3258 qui
317 3193 422 3260 rapere
435 3179 550 3252 sinitur,
565 3183 694 3244 cecatus
710 3184 809 3239 mente
823 3177 945 3252 eulpam
960 3178 1079 3244 augeat,
1137 3177 1267 3248 speciem
1295 3177 1424 3233 Creatori
1446 3194 1501 3234 suo
1529 3177 1618 3251 quasi
1637 3193 1743 3234 vocem
1769 3172 1966 3232 confessionis

255 3267 284 3320 et
296 3264 322 3320 is
335 3265 388 3340 qui
402 3266 542 3346 rapinam
556 3267 678 3348 patitur,
693 3266 758 3344 jam
771 3265 802 3320 in
816 3263 953 3334 ejusdem
968 3262 1081 3334 rapine
1136 3265 1275 3320 reddunt.
1294 3265 1432 3342 (iniquia
1447 3267 1550 3324 omnia
1574 3266 1717 3333 condidit,
1734 3264 1861 3339 qualiter
1874 3261 1966 3318 etiem

255 3353 381 3418 damno,
397 3370 452 3434 pro
468 3355 527 3412 alia
539 3371 633 3428 quam
647 3359 716 3412 ente
730 3353 910 3429 perpetravit
923 3351 1011 3424 eulpa
1039 3351 1051 3406 i
1068 3381 1081 3390 -
1137 3353 1267 3410 debeant
1281 3355 1483 3412 administrari
1498 3355 1639 3430 disponit.
1655 3356 1803 3431 Sequitur.

256 3441 358 3510 natur.
376 3443 463 3516 Quod
479 3447 579 3508 tamen
593 3443 716 3514 intelligi
732 3443 770 3502 de
784 3442 875 3500 rebus
888 3457 1010 3524 quoque
1025 3441 1082 3512 spi·
1172 3446 1256 3500 Vnus.
1271 3445 1312 3500 10.
1330 3446 1365 3500 In
1381 3449 1467 3516 rejice
1478 3461 1570 3502 manu
1584 3447 1686 3504 animo
1708 3445 1803 3500 omnis
1829 3425 1967 3518 uiuentis,

252 3532 392 3598 sitatibus
403 3537 514 3614 potest.
528 3537 603 3595 Nam
618 3533 796 3608 plerumque
816 3531 953 3588 nonnulli
973 3529 1082 3588 doetri—
1137 3538 1165 3588 et
1177 3534 1299 3602 spiritus
1310 3536 1456 3590 uniuersa·
1469 3537 1569 3592 curnis
1582 3535 1709 3592 hominis
1723 3539 1776 3590 eet.
1791 3533 1889 3587 -Per
1904 3545 1968 3586 ma·

255 3636 303 3688 11ae
318 3621 399 3688 dona
414 3623 590 3704 percipiunt,
607 3623 661 3680 sed
672 3639 709 3680 ex
735 3621 873 3694 ejusdem
901 3620 988 3684 donis
1007 3619 1083 3676 intu·
1137 3637 1195 3676 nus
1209 3622 1322 3695 quippe
1337 3627 1471 3696 potestas
1483 3624 1669 3699 exprimitur.
1686 3623 1795 3681 Anima
1804 3619 1893 3692 igitur
1902 3635 1968 3675 om-

215 3729 225 3746 ⁴
255 3715 403 3784 mearunt,
419 3715 448 3772 et
458 3712 565 3784 magui
579 3728 642 3786 pree
656 3712 770 3770 oaeteris
785 3711 876 3770 videri
897 3710 1010 3766 volunt.
1036 3711 1084 3764 At·
1137 3707 1184 3764 nis
1200 3708 1333 3778 viventis,
1350 3715 1377 3767 et
1392 3711 1513 3786 spiritus
1528 3713 1675 3768 universa
1702 3710 1800 3768 earnis
1822 3706 1966 3778 hominis,

255 3813 315 3870 que
330 3798 565 3880 omnipotentem
580 3803 674 3858 Deum
698 3815 863 3884 provocare
882 3803 937 3868 est,
966 3797 1084 3870 deeius
1138 3799 1169 3854 in
1182 3799 1246 3869 ejus
1261 3804 1406 3872 potestate
1417 3805 1471 3872 est,
1488 3818 1581 3875 aquo
1596 3805 1687 3859 est-at
1705 3801 1770 3875 ipse
1798 3796 1966 3873 provideat,

257 3885 345 3952 tionis
356 3887 432 3954 inter
445 3889 599 3970 proximos
618 3889 784 3963 superbire.
814 3890 868 3952 Qui
890 3889 980 3948 etiam
1006 3903 1083 3966 pree·
1138 3888 1265 3961 qualiter
1280 3889 1315 3945 sit
1327 3890 1379 3962 qui
1394 3895 1515 3962 prestat
1528 3907 1605 3959 esse,
1617 3892 1700 3966 quod
1711 3906 1771 3948 non
1786 3888 1850 3945 tuit.
1869 3889 1967 3943 Potest

256 3973 352 4040 dores
365 3992 426 4038 non
438 3977 588 4038 immerito
603 3984 758 4047 vocantur,
774 3979 852 4064 quie
865 3979 939 4036 dum
954 3976 1083 4052 loquun-
1138 3993 1209 4033 vero
1222 3993 1275 4050 per
1287 3979 1423 4036 animam
1433 3981 1532 4038 omnis
1547 3981 1672 4040 viventis
1685 3981 1891 4055 jumentorum
1908 3977 1968 4031 rita

256 4068 305 4132 tur
318 4081 387 4139 quoe
399 4083 461 4127 non
476 4066 600 4140 sedunt,
616 4067 649 4126 in
663 4086 722 4129 usu
736 4069 894 4129 locutionis
910 4084 972 4124 sure
991 4065 1084 4122 verba
1139 4065 1259 4136 signari.
1272 4067 1466 4141 Omnipotens
1479 4073 1579 4126 eutem
1596 4073 1672 4126 Deus
1684 4070 1890 4140 iumentorum
1904 4064 1968 4120 ani-

253 4149 405 4226 justorum
417 4154 534 4214 tollunt.
550 4157 689 4230 Sequitur
705 4175 712 4212 ε
1139 4171 1221 4212 mam
1237 4157 1276 4212 ad
1288 4173 1449 4230 corporeos
1466 4174 1573 4216 sensus
1585 4160 1726 4234 viviticat,
1746 4155 1905 4216 hominum
1917 4169 1968 4208 ve·

293 4243 375 4298 Vsus.
390 4249 416 4310 7,
429 4248 454 4300 8·
468 4247 619 4310 Nimirum
633 4249 787 4320 iuterroqa
793 4251 932 4318 jumenta
954 4251 981 4301 et
1001 4245 1083 4300 doee—
1138 4259 1172 4299 ro
1187 4244 1334 4316 spiritum,
1350 4261 1445 4320 usque
1460 4245 1500 4305 ad
1511 4246 1695 4320 spiritualem
1710 4245 1891 4302 intellectum
1904 4246 1968 4298 ten-

258 4328 332 4387 dunt
345 4335 382 4394 te,
397 4333 533 4393 volatitia
546 4336 614 4392 eoeti
628 4340 655 4390 et
668 4335 846 4392 iudicabunt
868 4335 922 4390 liti
933 4349 944 4390 .·
965 4335 1084 4406 toquere
1098 4366 1122 4421 D
1140 4332 1190 4388 dit.
1208 4337 1238 4388 tn
1250 4334 1314 4404 ejus
1325 4350 1397 4404 ergo
1409 4349 1503 4391 manu
1516 4341 1560 4391 est
1575 4335 1677 4392 anima
1705 4335 1804 4399 omnis
1828 4331 1967 4398 virentis,

258 4423 357 4494 tero,
374 4425 401 4484 et
415 4422 602 4490 respondebit
617 4423 679 4490 tibi,
692 4429 720 4479 et
730 4423 900 4480 narrabunt
914 4423 1007 4492 pisces
1019 4438 1083 4477 mu·
1118 4489 1120 4495 Ι
1140 4419 1296 4492 etspirrtus
1309 4421 1457 4478 universe
1471 4425 1568 4480 earnis
1584 4423 1725 4494 hominis,
1741 4422 1859 4479 dumet
1875 4420 1906 4476 in
1917 4418 1968 4476 illo

257 4507 300 4570 rit
324 4539 359 4548 -
385 4509 462 4586 Quid
487 4526 540 4592 per
564 4511 704 4582 jumenta
715 4511 773 4570 uisi
788 4527 897 4571 seusus
912 4511 1084 4587 pigriores?
1139 4509 1197 4565 hoo
1212 4515 1332 4582 praestat
1347 4511 1469 4584 animus,
1486 4515 1518 4568 ut
1532 4512 1658 4569 vivificet
1671 4527 1803 4582 earnem,
1815 4513 1842 4566 et
1858 4509 1888 4566 in
1910 4509 1968 4564 isto

259 4595 335 4672 Quid
348 4612 401 4678 per
416 4597 482 4657 eoeli
497 4597 637 4671 volatilia,
652 4600 709 4659 nisi
734 4616 855 4660 summa
879 4605 969 4674 atque
993 4598 1083 4654 subli-
1139 4599 1196 4656 hoo
1211 4599 1339 4658 vivificat
1352 4601 1495 4665 animam,
1513 4607 1545 4659 ut
1564 4603 1603 4660 ad
1618 4600 1841 4669 intelligendam
1862 4614 1967 4673 perre-

258 4686 481 4770 miasapieptes
496 4689 658 4772 intelligere
680 4691 855 4749 dehemus?
881 4692 919 4748 De
940 4689 1084 4762 jumentis
1139 4689 1202 4746 niat
1212 4691 1415 4761 eternitatem.
1437 4693 1469 4746 ln
1485 4695 1681 4748 saeroautem
1700 4688 1820 4761 eloquio
1845 4690 1967 4764 spiritus

258 4789 402 4858 namque,
416 4776 449 4837 id
463 4782 517 4853 est,
533 4795 623 4843 sensu
640 4779 822 4862 pigrioribus
848 4778 992 4854 seriptum
1018 4783 1083 4834 est:
1139 4778 1270 4835 hominis
1283 4780 1447 4854 aliquando
1462 4795 1516 4854 pro
1536 4779 1638 4836 anima
1664 4778 1796 4852 ponitur,
1820 4777 1965 4838 utillud:

260 4886 273 4920 e
285 4863 493 4930 adnotatus
505 4868 716 4931 inhabitabunt
726 4869 757 4934 in
767 4885 802 4926 ea
812 4869 905 4942 (Psoi.
918 4867 1084 4940 rivialti»
1140 4889 1154 4918 «
1177 4867 1319 4926 inclinato
1346 4870 1441 4941 eapite
1470 4869 1568 4926 emisit
1594 4869 1730 4944 spiritum
1760 4867 1859 4941 (Joaa.
1884 4884 1966 4936 xvrn,

259 4955 295 5013 Et
306 4955 378 5033 quia
388 4955 529 5018 sublimia
541 4958 689 5032 sapientes
705 4958 844 5018 inveniris
859 4957 1086 5016 nostriRedem-
1140 4955 1194 5024 30),
1210 4978 1223 5004 a
1243 4955 1407 5028 aliquando
1428 4973 1483 5030 pro
1498 4955 1605 5014 affeetu
1617 4945 1756 5030 spiritali,
1773 4957 1848 5012 siout
1872 4957 1968 5030 serip-

259 5043 354 5116 ptoris
366 5044 496 5114 evolant,
513 5046 737 5120 scriptumest:
755 5069 768 5097 «
783 5051 824 5106 lta
838 5051 871 5104 ut
884 5047 1020 5104 volueres
1030 5061 1086 5102 eoa·
1139 5046 1204 5098 tum
1220 5047 1264 5097 est
1280 5060 1286 5097 :
1302 5063 1315 5091 e
1333 5043 1389 5109 Qui
1403 5045 1472 5102 tacit
1486 5045 1609 5118 angelos
1624 5062 1696 5102 suos
1720 5045 1841 5119 spiritus
1861 5045 1967 5114 (Hebe.

259 5131 425 5204 livoniam,
441 5137 469 5190 et
481 5133 617 5196 habitent
629 5135 659 5191 in
674 5135 765 5192 ramis
788 5136 853 5208 ejus
878 5135 997 5204 (Multi.
1026 5150 1083 5205 xm,
1141 5145 1160 5198 1,
1177 5135 1213 5202 7).
1227 5151 1242 5180 »
1258 5129 1319 5187 Hor
1335 5135 1437 5188 autem
1451 5132 1518 5196 loeo
1533 5133 1559 5189 si
1586 5135 1690 5192 anima
1716 5135 1814 5192 omnis
1841 5132 1969 5190 viventis

260 5223 336 5290 32).u
349 5219 427 5288 Quid
441 5237 511 5282 vero
526 5238 579 5302 per
589 5224 773 5292 terramnisi
785 5229 901 5282 terrena
913 5222 1085 5296 sapientes?
1139 5223 1205 5290 ipsa
1218 5218 1274 5276 vita
1290 5221 1422 5294 eorporis
1436 5221 1581 5296 signatur,
1594 5223 1715 5298 spiritus
1729 5223 1877 5280 universae
1905 5237 1970 5278 oar-

261 5311 344 5375 Unde
358 5315 387 5376 et
401 5311 500 5385 primo
514 5311 630 5375 homini
645 5314 775 5376 eoelestia
798 5314 945 5372 deserenti
972 5313 1085 5369 dietum
1140 5308 1186 5364 nis
1199 5309 1340 5380 hominis,
1354 5295 1477 5367 effeetus
1500 5311 1699 5384 intelligentie
1721 5311 1860 5388 spiritalis
1871 5311 1969 5384 expri-

262 5406 326 5466 est:
343 5425 358 5452 «
371 5405 459 5464 Terra
469 5419 511 5468 es,
525 5405 554 5462 et
562 5402 593 5458 in
608 5408 718 5464 terram
736 5404 793 5462 ibis
821 5407 905 5476 (Gen.
930 5419 974 5468 nr,
1003 5406 1057 5471 19).
1070 5425 1085 5452 »
1140 5401 1239 5456 mitur.
1258 5400 1413 5474 sequitur:

262 5488 339 5559 Quid
353 5505 407 5572 per
419 5491 517 5569 pisces
536 5493 628 5554 maris
643 5493 701 5552 nisi
715 5494 850 5552 curiosos
869 5493 959 5564 hujus
986 5491 1086 5548 saeouli
1176 5493 1314 5548 versit.
1331 5492 1436 5550 Nonne
1451 5495 1533 5550 auria
1549 5495 1639 5552 verbo
1653 5495 1811 5568 dejudicet,
1826 5499 1855 5552 et
1862 5495 1968 5568 fauces

261 5579 408 5645 debemus
433 5584 595 5668 acciperet
626 5584 801 5666 dequibus
837 5583 995 5645 psalmista
1020 5583 1083 5646 ait:
1141 5584 1329 5650 comedentes,
1344 5597 1478 5656 saporem
1492 5585 1507 5644 t
1520 5589 1641 5660 —Pene
1653 5584 1770 5644 nullum
1780 5584 1859 5654 latet,
1883 5583 1968 5660 quod.
