4156 6182
272 124 320 182 :tt
803 115 832 170 S.
846 111 973 169 DDONlS
987 109 1135 166 leuatis
1151 109 1402 172 CLUNIAOENSIS
1418 116 1441 169 ll
1929 114 1992 167 tiz

269 253 416 331 Sequitur.
432 251 729 323 assereremus.
745 244 885 304 Nonnulli
900 259 1033 317 namque
1050 237 1131 300 ital
1148 252 1219 293 vero
1233 236 1362 306 filiabus,
1379 236 1539 294 multitudo
1554 235 1690 306 signatur
1705 233 1887 292 auditorum.
1904 237 1989 301 Quae

269 349 340 402 sunt
352 339 511 415 simplices,
526 342 561 396 ut
578 341 693 395 rectum
716 334 789 408 quid
804 333 841 389 sit
868 332 1014 404 ignorent.
1037 329 1094 387 Sed
1148 324 1173 382 si
1185 329 1214 382 et
1227 342 1282 400 per
1292 325 1505 400 perfectionem
1524 323 1623 397 operis
1637 338 1832 397 nequequam
1843 323 1910 380 forti
1922 323 1991 380 vir-

268 451 304 492 eo
319 449 395 490 verre
415 427 613 503 simplicitatis
636 424 838 482 innocentiam
859 423 1010 490 deserunt,
1033 437 1094 494 quo
1148 417 1209 471 tute
1236 422 1427 489 permanent,
1451 414 1544 470 tidem
1571 417 1673 470 tamen
1699 411 1846 470 trinitatis
1874 413 1990 484 cogni-

267 523 306 579 ad
317 521 457 577 virtutem
471 514 655 575 rectitudinis
679 528 740 570 non
756 515 928 581 assurgunt.
951 509 1006 576 Qui
1021 509 1094 565 dum
1148 507 1211 560 tam
1225 509 1395 562 constanter
1409 507 1519 561 tenent.
1548 505 1674 559 Possunt
1687 502 1778 559 etiam
1798 519 1852 577 per
1872 505 1935 560 tres
1951 504 1990 560 li-

266 611 344 669 cauti
357 625 422 667 esse
435 625 490 682 per
503 604 711 664 rectitudinem
730 602 877 668 nesciunt,
898 615 1095 673 nequaquam
1147 593 1203 650 lias
1222 599 1281 652 tres
1289 595 1409 652 ordines
1418 592 1553 650 fidelium
1560 592 1720 663 designari,
1732 595 1889 649 Pastorum
1898 593 1990 649 vide-

264 701 439 758 innoccntes
461 697 617 771 persistere
639 710 692 767 per
712 690 933 764 simplicitatem
956 691 1093 762 possunt.
1148 684 1225 753 licet,
1241 683 1455 742 continentium
1471 687 1561 756 atque
1583 682 1823 753 conjugatorum.
1854 682 1942 740 Unde
1959 687 1990 739 ct

266 791 339 848 ilinc
354 793 398 845 est
411 787 495 861 quod
507 785 618 842 Paulus
632 781 794 856 discipulos
810 780 953 836 admonet
965 778 1068 834 dicens
1086 795 1092 832 :
1149 773 1280 830 Ezechiel
1302 774 1449 847 propheta
1463 777 1521 828 tres
1536 771 1677 828 liberatos
1705 769 1787 827 viros
1805 771 1927 828 audisse
1955 789 1988 828 se

200 891 205 894 ·
267 901 282 930 «
296 878 369 935 Volo
384 894 440 934 vos
454 875 603 949 sapientes
613 888 678 930 esse
689 871 719 928 in
730 871 822 941 bono,
834 867 984 942 simplices
993 870 1095 924 autem
1149 861 1263 918 asserit.
1295 865 1354 918 Noe
1379 860 1499 926 scilicet,
1525 859 1687 929 Danielem,
1713 863 1741 914 et
1764 858 1832 916 iob.
1860 861 1987 934 Septem
2075 875 2076 904 t

266 969 297 1025 in
313 966 394 1024 malo
411 965 502 1038 (Rom.
515 981 570 1029 xri,
589 962 642 1033 le),
659 983 673 1012 »
690 960 764 1016 Hinc
778 959 888 1014 Veritas
902 957 944 1014 ait
959 975 966 1012 :
983 979 998 1007 »
1011 959 1095 1012 listo-
1147 950 1260 1025 quippe
1278 950 1368 1008 etiam
1381 949 1469 1007 nobis
1488 949 1540 1006 tilii
1555 952 1730 1016 nascuntur,
1746 964 1816 1005 cum
1830 965 1885 1022 per
1905 965 1985 1007 con-

266 1061 295 1114 te
310 1046 472 1130 prudentes
486 1052 563 1108 sicut
576 1053 738 1123 serpentes,
753 1053 781 1104 et
796 1045 947 1119 simplices
963 1045 1038 1102 sicut
1048 1060 1094 1100 co·
1149 1039 1317 1113 ceptionem
1332 1039 1420 1096 bone
1435 1038 1617 1112 operationis
1633 1037 1730 1094 sancti
1757 1037 1896 1111 Spiritus,
1916 1055 1987 1113 sep-

266 1146 377 1204 lombse
389 1143 510 1212 (Mattb.
525 1159 551 1208 x,
571 1139 623 1212 le).
642 1161 655 1190 n
671 1139 728 1195 Sed
739 1137 885 1210 quoniam
899 1135 930 1190 in
947 1133 1095 1192 rectitudi-
1149 1133 1208 1184 tem
1223 1129 1253 1184 in
1269 1128 1356 1184 nobis
1366 1127 1487 1184 virtutes
1498 1127 1644 1183 oriuntur.
1662 1129 1700 1182 De
1711 1126 1986 1201 quibuspropheta

267 1251 305 1292 ne
316 1233 439 1305 iustitia,
454 1229 484 1286 in
496 1228 683 1301 simplicitate
699 1230 800 1284 autem
821 1223 1023 1282 mansuetudo
1043 1223 1095 1279 de·
1149 1217 1240 1273 dicit:
1258 1240 1271 1267 ιι
1297 1217 1470 1290 Requiescet
1491 1231 1581 1289 super
1604 1231 1673 1272 eum
1703 1215 1828 1289 Spiritus
1852 1217 1984 1278 Domini.

267 1324 412 1394 signatur,
426 1320 599 1375 incarnatus
624 1315 768 1373 Dominus
789 1313 1009 1386 simplicitatem
1025 1328 1096 1368 cum
1152 1305 1275 1379 Spiritus
1288 1305 1440 1379 sapientire
1464 1308 1493 1361 et
1513 1304 1688 1373 intellectus,
1704 1327 1718 1355 »
1735 1304 1894 1380 etreliqua
1908 1307 1984 1378 (isa.

265 1408 440 1468 rectitudine
464 1406 568 1477 bault,
583 1405 655 1478 quia
669 1419 725 1460 nee
747 1403 778 1459 in
793 1401 1024 1458 mansuetudine
1040 1400 1097 1456 dis·
1150 1413 1187 1464 xi,
1211 1400 1250 1465 2).
1276 1399 1444 1453 Nascuntur
1458 1399 1487 1451 et
1498 1399 1556 1451 tres
1576 1411 1703 1452 sorores.
1732 1395 1808 1462 Quia
1832 1395 1984 1470 quidquid

266 1499 433 1557 trictionem
446 1495 579 1568 justitiae,
594 1509 649 1550 nec
660 1507 779 1549 rursum
797 1492 826 1547 in
842 1489 1022 1547 districtione
1036 1490 1098 1561 jus·
1150 1484 1233 1540 virile
1245 1484 1276 1540 hi
1292 1483 1433 1541 virtutum
1449 1499 1555 1540 sensus
1567 1483 1691 1552 iaciunt,
1707 1483 1788 1552 fidei,
1804 1485 1868 1558 spei
1885 1485 1984 1542 chari-

265 1589 335 1646 titiee
356 1587 494 1643 virtutem
516 1581 757 1640 mansuetudinis
771 1579 880 1637 amisit.
902 1579 985 1637 Unde
1002 1578 1028 1635 ei
1042 1593 1097 1652 per
1111 1584 1132 1637 Β
1151 1573 1262 1647 tatique
1277 1573 1474 1645 conjungunt.
1486 1575 1587 1645 Neque
1597 1572 1677 1629 enim
1688 1573 1729 1630 ad
1739 1573 1858 1630 donarii
1869 1573 1984 1648 periec-

266 1677 447 1750 Prophetam
469 1671 578 1729 dieitur
593 1689 599 1726 :
612 1693 626 1722 κ
651 1669 783 1740 intende,
805 1685 949 1743 prospere
968 1667 1097 1742 procede
1150 1662 1261 1720 tionem
1276 1667 1390 1736 septem
1405 1661 1456 1718 iiiii
1469 1661 1655 1736 perveniunt,
1671 1661 1729 1718 nisi
1744 1664 1776 1718 in
1797 1663 1869 1732 fide,
1885 1680 1939 1737 spe
1954 1667 1986 1722 et
2075 1659 2076 1668 ’

267 1771 296 1824 et
307 1779 412 1836 regne.
430 1761 558 1818 Dilexisti
568 1759 716 1832 justitiam
727 1759 787 1831 (Pe.
802 1775 874 1830 xciv,
891 1763 918 1829 5,
934 1758 972 1832 8).
995 1781 1010 1808 »
1026 1759 1096 1815 iro·
1151 1752 1293 1810 charitate
1308 1750 1395 1808 tuerit
1405 1766 1495 1808 omne
1506 1751 1589 1824 quod
1604 1755 1707 1822 agunt.
1725 1751 1887 1825 Sequitur:

267 1855 334 1928 pice
348 1866 481 1924 namque
495 1848 633 1923 quisquis
654 1852 797 1906 aeternam
818 1847 947 1921 patriam
974 1846 1096 1919 appetit,
1187 1841 1274 1897 Vens.
1287 1845 1313 1897 3.
1343 1842 1381 1896 Et
1404 1842 1464 1912 suit
1489 1841 1628 1911 possessis
1653 1843 1728 1912 ejus,
1750 1850 1860 1912 septem
1883 1844 1985 1900 mittio

269 1941 396 2016 simplex
410 1939 515 2014 procul
530 1937 624 1995 dubio
645 1942 674 1994 et
696 1941 794 1994 rectus
808 1936 888 1994 vivit.
913 1935 1044 2009 Simplex
1057 1935 1098 1991 vi·
1152 1931 1261 1996 ovium,
1276 1936 1304 1986 et
1320 1931 1380 1986 tria
1402 1931 1512 2020 mittio¹
1525 1931 1717 1997 camelorum,
1733 1931 1895 2002 quingenta
1907 1949 1984 2003 quo·

268 2032 375 2089 delicet
388 2032 600 2102 operaremus
623 2026 692 2082 tide.
719 2025 776 2082 Sed
797 2025 933 2098 quisquis
959 2024 990 2080 in
1010 2024 1099 2098 bonis
1152 2020 1295 2089 quejuga
1320 2018 1417 2085 boum,
1442 2023 1470 2074 et
1489 2019 1659 2090 quingentae
1686 2019 1788 2088 asine,
1804 2034 1838 2076 ec
1859 2021 1985 2090 sortitio

270 2139 336 2194 quae
350 2118 421 2189 agit,
437 2133 500 2175 non
513 2115 739 2173 retributionem
750 2115 883 2184 interius,
899 2114 952 2171 sed
964 2113 1099 2171 levorem
1152 2104 1250 2163 mulla
1262 2107 1361 2162 nimis.
1377 2137 1412 2146 -
1427 2106 1543 2162 Scimus
1553 2106 1626 2178 quia
1636 2106 1676 2162 ad
1688 2107 1836 2178 majorem
1847 2107 1984 2168 dolorem
2075 2135 2076 2156 .

269 2207 399 2266 exterius
420 2205 536 2279 quoerit,
553 2203 680 2277 simplex
695 2207 821 2259 nonest.
836 2202 919 2259 Unde
933 2219 1100 2277 perquem·
1153 2199 1284 2252 mentem
1300 2199 1492 2252 commovent
1506 2195 1621 2252 damna
1632 2197 1758 2268 majora.
1778 2200 1813 2254 Ut
1827 2197 1916 2269 igitur
1934 2215 1983 2256 os·
2075 2213 2076 2256 ὲ

269 2296 341 2353 dam
365 2293 531 2366 sapientem
556 2291 667 2348 dicitur
679 2307 685 2346 :
696 2294 718 2340 ¹«
732 2293 780 2346 vae
803 2290 952 2362 peccatori
978 2295 1099 2362 terram,
1153 2284 1424 2358 tendaturquantee
1439 2285 1554 2341 virtutis
1569 2285 1686 2354 exstitit,
1700 2287 1830 2344 multum
1837 2287 1927 2345 fuisse
1936 2289 1983 2346 di-

268 2382 446 2456 ingredienti
459 2381 580 2438 duabus
589 2379 645 2436 viis
659 2380 764 2454 (Ereti.
786 2380 886 2452 ιι,14).
914 2401 929 2431 r
951 2381 1098 2454 Sequitur.
1154 2373 1229 2430 citur
1242 2373 1326 2447 quod
1341 2374 1451 2446 pariter
1463 2373 1573 2431 amisit.
1602 2378 1761 2448 Nunquam
1784 2377 1898 2452 quippe
1919 2378 1984 2436 sine

271 2477 386 2530 Timens
401 2473 537 2527 Deumet
550 2470 689 2526 recedens
704 2469 827 2524 amoto.
844 2500 878 2508 -
891 2470 985 2524 Deum
999 2468 1100 2524 timere
1154 2461 1257 2520 dolore
1272 2461 1424 2530 amittitur,
1441 2462 1496 2518 nisi
1510 2463 1593 2536 quod
1610 2463 1789 2521 sineamore
1802 2466 1983 2538 possidetur.
2075 2495 2076 2524 t

271 2566 326 2630 est,
339 2557 423 2615 nulla
435 2573 504 2630 quea
519 2555 658 2612 iacienda
672 2559 742 2611 sunt
754 2555 836 2611 bone
846 2554 1004 2628 praeterire.
1018 2555 1100 2612 Unde
1155 2549 1231 2617 Quid
1242 2550 1322 2607 enim
1330 2555 1466 2624 mystyce
1481 2552 1511 2607 in
1523 2555 1637 2625 septem
1647 2553 1779 2610 millibus
1794 2555 1910 2624 ovibus,
1927 2556 1986 2613 nisi
2075 2587 2076 2608 t

271 2665 325 2724 per
341 2647 535 2705 Salomonem
549 2644 657 2701 dicitur
673 2661 680 2700 :
698 2666 712 2694 ιι
728 2643 783 2710 Qui
801 2646 895 2700 Deum
919 2645 1012 2714 timet,
1028 2644 1102 2701 nihil
1155 2638 1294 2695 Hebraeos
1309 2655 1327 2695 a
1340 2639 1461 2712 pascuis
1485 2639 1560 2710 legis
1575 2640 1748 2698 innocenter
1763 2642 1803 2699 ad
1821 2643 1913 2701 tidem
1934 2661 1985 2702 re-

271 2736 399 2808 negligit
409 2735 520 2812 (Docte.
546 2749 597 2804 vn,
615 2735 668 2804 to).
687 2753 701 2783 »
718 2733 775 2789 sed
801 2733 874 2806 quin
898 2733 1037 2790 nonnulli
1059 2734 1102 2790 sin
1155 2728 1279 2791 uiantes,
1297 2727 1496 2800 accipimus?
1514 2728 1590 2795 Quid
1606 2731 1723 2787 veroin
1741 2731 1838 2790 tribus
1851 2733 1985 2793 miUibus

270 2828 354 2900 lione
368 2824 492 2889 iaciunt,
520 2827 554 2879 ut
567 2827 669 2879 tamen
684 2837 703 2878 a
726 2821 911 2895 quibusdam
929 2822 1018 2880 malis
1040 2839 1101 2880 non
1156 2817 1353 2889 camelorum,
1369 2817 1425 2874 nisi
1436 2817 1476 2874 ad
1489 2817 1709 2892 plenitudinem
1721 2820 1791 2878 tidei
1806 2823 1928 2880 veniens
1943 2827 1987 2880 to-

271 2916 423 2982 recedant‚
439 2913 517 2970 bene
542 2913 706 2986 postq1iam
733 2913 847 2968 Timere
875 2913 968 2968 Deum
984 2912 1100 2981 dicitur,
1117 2938 1138 2990 Ο
1156 2910 1186 2964 ts
1200 2906 1354 2977 gentilium
1376 2906 1534 2977 vitiositas,
1557 2913 1667 2964 onusta
1691 2909 1842 2968 idolorum
1856 2911 1987 2970 cultibus

270 3005 409 3078 recedens
421 3006 544 3076 quoque
559 3002 746 3068 amatolesse
761 3000 944 3072 perhibetur.
954 3001 1102 3076 Scriptum
1156 2995 1331 3067 designatur
1356 2997 1370 3052 ‘t
1397 2999 1495 3054 Potest
1517 3011 1650 3071 nemque
1675 3015 1729 3074 per
1756 3001 1888 3058 camelos
1913 3003 1988 3076 quia

271 3095 385 3169 qnippe
399 3095 444 3149 nst
462 3106 474 3148 :
486 3112 500 3140 «
525 3089 646 3146 Declina
667 3088 782 3146 amalo
805 3093 835 3146 et
848 3089 895 3147 iac
910 3089 1025 3148 bonum
1041 3091 1101 3163 (Pe.
1157 3100 1318 3141 commune
1329 3088 1398 3140 sunt
1408 3084 1533 3155 animal,
1547 3085 1805 3145 Samaritanorum
1814 3087 1876 3146 rite
1886 3090 1989 3162 signa-

269 3201 365 3251 xxxrr,
380 3181 437 3254 27).
454 3203 469 3231 »
484 3183 519 3236 Et
531 3179 683 3246 lacobus:
699 3201 713 3228 «
729 3178 915 3252 Quicunque,
931 3179 1037 3253 inquit,
1058 3184 1103 3236 to.
1156 3174 1191 3231 ri.
1208 3173 1263 3241 Qui
1273 3173 1360 3247 quasi
1375 3174 1538 3243 ruminant,
1554 3179 1587 3232 ut
1602 3177 1746 3246 camelus,
1759 3177 1830 3251 quia
1848 3195 1885 3236 ex
1899 3185 1989 3253 parte
2075 3243 2076 3262 χ

270 3277 334 3331 tam
348 3271 445 3341 legem
457 3267 627 3336 servaverit,
642 3266 775 3324 offendat
794 3271 896 3324 autem
911 3266 942 3323 in
956 3284 1028 3337 uno,
1045 3269 1103 3326 lac·
1157 3263 1250 3320 verba
1262 3262 1337 3334 legis
1353 3263 1508 3336 recipiunt,
1526 3268 1555 3321 et
1568 3266 1656 3338 quasi
1679 3267 1825 3338 ungulam
1844 3283 1907 3326 non
1928 3269 1990 3328 fin·
2075 3263 2076 3266 '

271 3366 320 3420 tus
334 3362 378 3416 est
391 3357 528 3414 omnium
543 3371 611 3414 reus
622 3358 695 3424 (tae.
714 3371 744 3424 n,
762 3357 816 3428 16).
834 3375 848 3408 r
870 3355 927 3412 Sed
947 3356 1025 3414 bene
1046 3357 1103 3414 hoc
1157 3351 1233 3408 dunt
1247 3355 1280 3408 ut
1290 3352 1433 3422 camelus,
1443 3353 1516 3426 quia
1529 3369 1598 3410 eam
1613 3371 1668 3429 pro
1680 3361 1764 3429 parte
1778 3362 1987 3419 contemnunt.

271 3465 308 3506 ex
320 3444 526 3520 redemptoris
540 3444 636 3501 nostri
658 3459 730 3501 voce
748 3443 866 3500 dicitur.
894 3447 983 3502 Juxta
996 3443 1103 3503 hume·
1158 3441 1214 3508 Qui
1224 3441 1313 3498 etiam
1328 3457 1417 3512 greve
1428 3457 1505 3498 onus
1517 3446 1647 3516 portant,
1661 3445 1733 3518 quia
1750 3445 1813 3514 sine
1825 3463 1878 3522 spe
1889 3464 1989 3506 resur

270 3537 372 3594 nitatis
383 3534 465 3592 enim
478 3536 619 3590 naturam
638 3534 732 3590 Deum
748 3531 855 3598 timuit,
869 3531 942 3605 quia
955 3537 988 3590 ut
1003 3549 1105 3607 super·
1157 3529 1296 3586 rectionis
1314 3529 1465 3588 laborant.
1485 3531 1624 3606 Ssdquia
1641 3533 1814 3592 incarnatus
1828 3537 1986 3595 Dominus.

270 3626 345 3682 bum
356 3622 508 3681 hominem
517 3621 684 3691 redimeret,
694 3624 826 3678 mentem
835 3636 889 3693 pro
898 3620 948 3678 illo
957 3621 1103 3679 humilem
1158 3624 1186 3675 et
1200 3618 1392 3675 Hebraeorum
1404 3621 1552 3694 populum
1572 3626 1601 3679 et
1616 3624 1873 3683 Samaritanorum
1893 3645 1987 3702 quos-

272 3712 409 3786 sumpsit.
421 3711 568 3784 Scriptum
580 3725 714 3784 nemque
724 3710 761 3767 de
768 3709 819 3766 illo
829 3713 887 3767 est:
900 3731 915 3760 α
924 3713 958 3766 Et
978 3710 1105 3784 replebit
1158 3707 1230 3764 dam
1245 3706 1284 3764 ad
1295 3707 1388 3769 fidem
1407 3709 1556 3782 perduxit,
1578 3715 1693 3785 septem
1712 3713 1808 3772 millia
1828 3714 1941 3786 ovium,
1957 3721 1988 3774 et

271 3820 343 3861 eum
357 3801 477 3876 spiritus
493 3800 608 3858 timoris
627 3799 748 3857 Domini
763 3800 847 3872 (lsai.
861 3815 903 3872 xi,
915 3801 952 3872 3).
970 3822 985 3852 »
998 3803 1103 3858 lieces-
1158 3797 1213 3854 tria
1223 3795 1318 3853 millia
1327 3797 1513 3856 camelorum
1527 3801 1672 3872 possedit.
1686 3807 1718 3859 ln
1734 3805 1886 3880 Scriptura
1899 3823 1988 3865 saera

273 3892 311 3949 sit
323 3895 425 3948 autem
437 3889 556 3957 amalo,
568 3903 630 3946 non
645 3887 729 3962 quod
743 3887 880 3946 iaciendo
902 3887 1034 3960 contigit,
1051 3889 1104 3946 sed
1158 3885 1265 3943 cameli
1279 3885 1402 3944 nomine
1417 3887 1582 3962 aliquando
1592 3889 1657 3964 ipse
1668 3895 1745 3950 Deus
1759 3895 1944 3969 exprimitur,
1954 3901 1989 3954 ut

271 3981 355 4056 quod
369 3979 551 4038 inveniendo
562 3977 745 4052 reprobavit.
763 3979 871 4035 Sancta
885 3977 976 4035 etiam
997 3978 1104 4036 electo-
1156 3972 1252 4031 illud:
1271 3995 1286 4025 «
1302 3974 1462 4048 liquantes
1473 3976 1611 4050 culicem,
1622 3983 1651 4038 et
1658 3981 1809 4040 camelum
1816 3983 1985 4055 glutientes.

270 4088 337 4128 rum
354 4069 493 4140 Ecclesia,
510 4067 707 4142 simplicitatis
722 4083 782 4124 sure
805 4070 834 4126 et
845 4066 1029 4125 rectitudinis
1039 4067 1102 4126 vias
1157 4064 1278 4136 (narrt.
1292 4081 1372 4135 xnus,
1386 4066 1441 4139 24).
1455 4089 1469 4118 »
1480 4066 1650 4142 Aliquando
1663 4073 1763 4130 autem
1774 4072 1906 4147 populus
1917 4090 1987 4146 gen.

270 4161 407 4219 etimore
418 4159 551 4216 inchoat.
566 4157 619 4214 Cui
632 4161 702 4214 tunc
719 4159 765 4214 est
783 4155 918 4214 funditus
934 4157 1044 4214 amalo
1059 4173 1103 4214 re·
1157 4153 1226 4211 tilis.
1252 4154 1337 4211 Unde
1356 4158 1384 4212 et
1402 4156 1537 4215 Rebecca
1559 4157 1598 4214 ad
1621 4160 1704 4218 isaac
1725 4161 1859 4234 veniens,
1879 4166 1988 4237 typum

269 4249 385 4318 cedere,
401 4263 471 4304 cum
483 4261 634 4304 examore
649 4243 701 4300 Dei
712 4245 833 4317 eoeperit
852 4245 918 4316 jam
933 4246 1012 4302 nolle
1035 4261 1103 4319 pec-
1158 4243 1294 4299 Ecclesioe
1318 4243 1491 4316 proelerens,
1511 4246 1603 4303 dorso
1624 4247 1731 4306 cameli
1749 4250 1915 4310 deductim.
1932 4255 1989 4310 ido·

270 4351 347 4393 care.
365 4335 421 4400 Oui
441 4349 513 4391 vero
536 4333 643 4390 timore
658 4333 741 4388 bona
757 4333 828 4403 agit,
845 4349 864 4389 a
887 4333 968 4389 malo
982 4335 1101 4407 penitus
1157 4347 1283 4387 nlnrrer.
1301 4333 1376 4388 Oves
1392 4332 1482 4389 etiam
1502 4349 1558 4390 nos
1571 4335 1771 4412 possidemus,
1788 4357 1859 4400 cum
1878 4341 1990 4414 eogita-

268 4438 331 4480 non
338 4421 468 4491 recessit,
477 4419 549 4493 quia
563 4436 599 4478 eo
611 4420 790 4493 ipsopeccat
799 4433 994 4494 quopeecare
1003 4421 1101 4494 vellet,
1156 4419 1252 4476 tiones
1266 4419 1406 4476 innoxias
1419 4421 1620 4494 possidemus.
1643 4429 1778 4487 camelos
1793 4431 1906 4506 quippe
1919 4447 1989 4506 pos-

269 4511 293 4569 si
304 4509 453 4582 multte[si
469 4507 608 4582 multum]
619 4523 744 4582 peceare
768 4508 925 4584 potuisset.
943 4509 1100 4583 Sequitur:
1156 4507 1301 4581 sidemus,
1315 4507 1435 4582 siquod
1449 4509 1545 4568 altum
1559 4514 1704 4586 sapimus,
1728 4517 1879 4578 humiliter
1895 4520 1989 4594 depo·

303 4599 391 4656 Vens.
407 4603 434 4655 2.
450 4597 580 4670 Natique
591 4597 703 4656 suntet
715 4601 824 4666 septem
837 4597 896 4653 atti
903 4603 932 4655 et
941 4605 1000 4654 tres
1018 4599 1100 4668 fitia.
1155 4598 1266 4662 nimus,
1290 4614 1360 4654 cum
1385 4598 1579 4671 cogitetiones
1602 4607 1720 4662 nostres
1746 4605 1786 4664 ad
1804 4606 1988 4667 infirmitatis

267 4723 302 4734 -
318 4693 401 4764 Saepe
420 4688 460 4748 ad
472 4687 629 4747 avaritiam
642 4703 693 4746 cor
708 4688 841 4763 perenis
867 4686 951 4744 ducit
965 4687 1100 4746 fecundi·
1155 4687 1293 4746 fraterna
1305 4688 1550 4762 compassionem
1568 4690 1726 4750 flectimus.
1753 4693 1840 4759 Quod
1860 4697 1989 4766 quidem

266 4785 313 4837 tas
326 4778 427 4852 prolis.
445 4780 480 4836 Ut
505 4791 576 4848 ergo
602 4776 683 4834 beati
701 4775 756 4833 iob
771 4791 866 4850 quam
893 4781 997 4833 sancte
1014 4793 1101 4834 mens
1155 4777 1218 4834 sine
1246 4777 1414 4849 cognitione
1438 4777 1508 4836 fidei
1535 4781 1681 4840 'ininitatis
1710 4797 1798 4853 agere
1821 4798 1884 4840 non
1907 4788 1988 4845 vale·

268 4865 363 4936 tuerit,
383 4866 557 4924 ostendatar
575 4869 604 4922 et
616 4866 715 4937 justus
727 4863 844 4936 dicitur,
861 4869 890 4922 et
912 4864 1015 4923 multe
1033 4879 1101 4939 pro·
1154 4883 1234 4924 mus.
1264 4869 1391 4924 Possunt
1422 4873 1524 4927 autem
1551 4887 1605 4944 per
1633 4871 1774 4943 camelos,
1798 4876 1986 4934 terrenarum

265 4955 301 5012 lis
314 4957 398 5027 pater
412 4953 503 5012 tuisse
517 4955 699 5028 perhibetur.
716 4955 848 5012 llrsrrcs.
865 4955 942 5022 Quid
961 4955 992 5014 iu
1007 4959 1101 5030 septe-
1154 4973 1255 5014 rerum
1267 4955 1356 5014 bone
1375 4957 1616 5033 dispensationes
1641 4961 1776 5034 intelligi.
1803 4963 1879 5030 Quia
1896 4964 1987 5036 igitur

264 5044 360 5112 nario,
373 5043 431 5100 nisi
446 5059 569 5100 summa
582 5043 773 5116 perfectionis
786 5043 933 5119 accipitur
947 5047 1100 5119 inrepte-
1154 5061 1215 5103 non
1239 5063 1270 5104 se
1293 5046 1411 5120 penitus
1441 5049 1544 5108 anima
1577 5051 1617 5110 ab
1644 5053 1728 5110 omni
1755 5057 1871 5112 terreno
1895 5071 1986 5128 opere

264 5132 350 5190 nario
365 5131 478 5206 quippe
494 5147 633 5201 numero,
655 5133 686 5190 in
713 5133 934 5192 duodenarium
956 5134 1098 5205 surgitur.
1153 5135 1307 5208 disjungit,
1336 5137 1484 5208 ungulam
1511 5156 1573 5197 nou
1599 5141 1696 5212 findit,
1726 5143 1779 5200 sed
1808 5147 1909 5202 tamen
1933 5160 1984 5200 ru-

262 5223 292 5280 Si
300 5223 381 5280 eninr
392 5226 523 5296 quatuor
532 5237 586 5294 per
599 5222 663 5293 tria,
677 5223 724 5280 rel
740 5223 795 5280 tria
808 5239 862 5296 per
886 5229 1017 5296 quatuor
1043 5223 1099 5280 du·
1153 5224 1259 5296 minat,
1283 5225 1356 5298 quia
1371 5226 1447 5282 bene
1460 5227 1667 5302 dispensando
1683 5232 1861 5306 temporalia
1883 5231 1984 5288 coeles·

263 5317 378 5384 cantur,
392 5315 508 5386 septem
518 5310 549 5366 in
563 5310 725 5368 duodecim
738 5315 864 5369 vertunt.
881 5315 914 5368 in
929 5316 1044 5387 septem
1055 5329 1098 5370 er·
1153 5315 1193 5372 tia
1215 5319 1323 5389 sperat.
1350 5317 1431 5382 Quas
1452 5316 1526 5374 dum
1541 5335 1597 5378 nos
1611 5319 1743 5380 trinitati
1757 5321 1983 5390 committimus,

262 5413 302 5469 go
316 5400 381 5457 tiliis
393 5401 469 5457 ordo
482 5399 724 5473 predicantium.
739 5400 822 5456 Unde
844 5401 940 5457 sancti
955 5401 1095 5474 apostoli,
1153 5401 1285 5458 camelos
1298 5404 1500 5476 possidemus.
1516 5409 1670 5481 Sequitur:
1689 5411 1985 5482 Quinqentaqooque

261 5487 314 5560 qui
329 5487 503 5546 Trinitatem
526 5488 556 5544 in
571 5491 702 5560 quatuor
711 5487 849 5562 partibus
869 5487 975 5544 mundi
988 5489 1097 5562 predi·
1147 5493 1228 5562 jupo
1243 5493 1339 5565 dorem,
1367 5495 1535 5570 etreliqua.
1550 5504 1626 5557 —ln
1642 5501 1794 5574 Scriptura
1821 5505 1922 5558 autem
1938 5515 1985 5557 sa-

262 5591 329 5634 care
346 5576 549 5648 mittebantur,
575 5577 737 5636 duodecim
760 5581 830 5635 sunt
843 5576 938 5634 electi.
955 5577 987 5635 ln
1001 5577 1095 5636 tribus
1153 5597 1204 5638 cra
1215 5581 1308 5639 boum
1318 5585 1450 5651 nomine,
1462 5587 1711 5664 aliquandobene
1723 5590 1913 5664 operantium
1923 5591 1985 5648 vita
