4104 6162
94 188 143 242 scs
335 241 338 248 ,
502 143 653 244 senous
667 183 849 244 xouxuux
863 181 892 240 s.
909 177 1061 242 ccccxx
1076 183 1149 243 tos.
1163 186 1277 244 -ua
1293 188 1389 242 xxxv.

931 309 956 364 A
975 311 1029 364 ctae
1045 310 1158 366 suntin
1172 309 1269 378 vobis,
1283 309 1356 364 olim
1370 309 1401 364 in
1416 307 1510 366 cilicio
1533 311 1563 364 et
1586 306 1685 363 cincre
1707 303 1801 378 poeni·

400 307 514 365 CAPUT
532 311 608 366 lllll.

127 415 215 470 Vens.
235 418 259 484 t,
279 417 307 468 2.
327 413 476 484 Scioouia
490 417 591 482 omnic
602 416 919 487 potes-Contraoe-

92 502 186 560 cultas
197 515 269 557 sero
280 499 517 558 machinationes
528 503 606 560 illius
618 503 782 575 subiunxit,
795 507 823 560 et
831 502 919 558 nullo

92 599 121 649 te
136 593 209 648 tutet
224 591 416 662 cogitatio—
428 591 509 648 Unde
524 597 552 649 et
566 609 635 649 mox
654 593 761 650 eadem
776 591 803 648 ei
817 605 920 664 expro

91 681 168 746 brat,
185 679 288 736 dicens
304 697 311 735 :

90 877 241 934 scientia?
263 908 297 917 —
311 875 431 949 Absque
447 877 569 934 scientia
583 878 663 934 enim
678 878 828 935 leviathan
844 877 921 934 celat

91 963 262 1030 consilium,
277 964 329 1038 qui
351 965 490 1036 quamvis
517 971 620 1024 contra
641 965 843 1022 infirmitatem
864 980 919 1020 no-

91 1057 185 1110 stram
201 1052 302 1109 multis
317 1052 474 1110 fraudibus
488 1054 658 1125 occultetur,
683 1055 858 1128 protectoris
875 1058 919 1110 ta-

90 1157 161 1197 men
190 1141 283 1197 nostri
307 1145 411 1197 sancta
435 1141 523 1198 nobis
551 1143 744 1217 inspiratione
763 1142 918 1214 detegitur.

91 1231 231 1302 Sequitur
257 1250 264 1287 :
292 1231 361 1287 Ideo
385 1231 560 1302 insipienter
585 1235 700 1289 locutus
719 1249 794 1302 sirm,
811 1237 920 1304 atqcue

90 1320 309 1376 ultramodum
324 1321 500 1378 excederent
515 1323 668 1379 scientiam
684 1337 788 1379 mecm.
805 1355 839 1364 -
853 1321 919 1376 Om-

89 1409 136 1464 nis
151 1409 286 1465 humana
302 1409 459 1483 sapientia,
480 1410 666 1482 quantolibet
691 1410 829 1466 acumine
853 1409 919 1483 pol-

88 1497 158 1565 leat,
177 1497 285 1554 divinae
301 1497 455 1571 sapienties
469 1503 653 1572 comparata,
675 1499 845 1572 insipientia
864 1503 917 1554 cst.

90 1588 197 1643 Beatus
211 1586 312 1661 itaque
326 1587 381 1644 tob
394 1603 430 1644 ea
440 1605 507 1662 quae
515 1589 641 1655 dixerat,
650 1589 799 1662 sapienter
808 1588 918 1644 dixisse

87 1691 120 1731 se
149 1675 290 1744 crederet,
318 1677 341 1732 si
365 1677 458 1734 verba
480 1677 640 1751 superioris
676 1677 828 1750 sapientiae
856 1663 956 1733 nonB

87 1763 228 1836 audiret,
269 1765 299 1821 in
325 1765 412 1837 cujus
445 1767 618 1840 operatione
648 1767 770 1823 stultum
798 1771 843 1822 est
865 1781 917 1822 no-

86 1857 185 1910 strum
213 1871 303 1912 omne
330 1855 414 1928 quod
444 1857 531 1928 sapit.
570 1855 642 1912 llinc
670 1855 822 1912 ahraham
849 1856 916 1912 ait:

86 1963 102 1992 c
126 1945 246 2016 Loquar
271 1942 311 2000 ad
339 1943 500 2000 [lominum
521 1959 634 2012 meum,
657 1961 726 2000 curn
746 1945 802 2000 sim
821 1944 919 2016 pulvis

84 2031 172 2102 (Gen.
197 2047 283 2097 xvru,
308 2031 364 2102 27).
390 2055 404 2082 ε
427 2032 501 2088 Hinc
525 2035 649 2106 Moyses,
675 2033 758 2088 omni
773 2033 919 2106 sapientia

81 2119 297 2192 AEgyptiorum
312 2119 485 2188 instructus,
511 2121 552 2177 ait
568 2139 575 2176 :
593 2143 607 2171 «
624 2121 766 2188 Obsecro,
784 2122 918 2190 Domine,

81 2223 152 2264 non
166 2223 234 2263 sum
249 2206 402 2280 eloquens,
419 2207 459 2265 ab
473 2207 536 2264 heri
550 2207 629 2264 enim
645 2213 673 2264 et
684 2209 899 2264 nudiustertius
911 2229 918 2278 ;

82 2311 124 2352 ex
138 2309 202 2367 quo
215 2295 333 2352 locutus
347 2311 379 2352 es
393 2296 432 2352 ad
447 2313 568 2354 servum
583 2301 669 2352 tuum
682 2297 877 2370 impeditioris
892 2301 921 2353 et

83 2383 228 2441 tardioris
255 2383 365 2455 lingue
385 2401 441 2457 ego
463 2402 531 2442 sum
556 2385 664 2458 (Ecod.
690 2403 729 2454 xv,
752 2386 841 2458 lot.»
869 2387 918 2443 Se-

83 2473 215 2547 quitur:

1748 179 1811 236 500.

974 398 1095 454 entiam
1111 399 1242 470 egissent
1256 400 1340 469 (Luc.
1356 414 1385 462 x,
1403 402 1457 460 tt).
1475 419 1490 448 n
1514 396 1652 470 Sequitur
1668 411 1675 448 ι

1008 487 1091 544 Vens.
1106 495 1132 543 7.
1148 489 1188 544 Et
1202 488 1281 544 dicit
1295 488 1440 542 Dominus
1455 487 1495 542 ad
1517 484 1648 555 Ettphcn
1676 482 1800 538 Thema-

972 576 1063 632 nitem
1080 593 1087 631 ε
1103 577 1205 634 Iratus
1230 582 1272 634 est
1293 577 1384 647 furor·
1406 589 1488 630 mens
1516 575 1548 628 in
1575 578 1603 630 ιε
1626 572 1704 629 etin
1725 570 1800 626 dnos

972 665 1082 721 arnicas
1097 671 1171 734 tuos,
1186 670 1241 722 etc.
1255 697 1291 706 -
1310 665 1460 726 Quantum
1476 661 1600 734 quidem
1612 659 1650 718 ad
1666 660 1802 716 bumana

127 785 218 844 vm,
236 790 262 844 3,
286 786 344 854 Qus
359 793 401 844 ρει
415 789 469 845 ,350
480 790 533 861 qm·
546 790 621 846 cm,
639 791 795 846 commum
810 788 921 859 absque
969 751 1083 851 iudicia
1097 753 1210 822 attinet,
1224 755 1254 812 in
1267 753 1367 810 verbis
1382 751 1444 808 suis
1460 749 1549 806 amici
1576 751 1605 804 B.
1630 747 1686 804 lob
1704 745 1800 804 mirlta

972 840 1022 896 illo
1036 842 1145 898 rectius
1159 842 1269 898 dixisse
1282 841 1481 898 crederentur.
1495 835 1552 894 Sed
1567 835 1693 905 Veritas,
1708 834 1800 890 aliem

972 942 1008 982 ex
1022 929 1138 986 occidte
1152 931 1287 1001 regulam
1301 927 1529 1002 proterensait:
1541 926 1609 984 Non
1625 924 1693 980 estis
1708 923 1802 978 locuti

972 1030 1073 1074 eorum
1088 1034 1134 1076 me
1148 1027 1272 1086 rectum,
1294 1021 1370 1075 sicut
1382 1033 1484 1075 secus
1498 1031 1579 1072 meus
1598 1013 1663 1069 Jolr.
1692 1009 1800 1067 Coram

972 1121 1027 1176 rne,
1041 1106 1091 1174 ait,
1105 1107 1135 1163 id
1148 1112 1192 1164 εει
1203 1107 1294 1174 intus,
1311 1107 1364 1162 ubi
1389 1122 1469 1178 saepe
1492 1102 1657 1160 multorum
1680 1099 1740 1155 sita
1761 1093 1801 1152 di·

973 1194 1086 1266 splicet,
1100 1212 1167 1269 quae
1180 1197 1270 1254 eham
1284 1196 1356 1252 loris
1369 1193 1543 1252 hominibus
1558 1191 1664 1265 placet.
1677 1186 1760 1246 Unde
1773 1189 1803 1242 et

972 1282 1010 1338 dc
1038 1284 1136 1340 electis
1164 1285 1278 1342 dictum
1302 1289 1369 1341 est:
1389 1305 1399 1336 ι
1417 1285 1508 1340 Erant
1531 1279 1623 1338 ambo
1644 1277 1718 1350 iusti
1732 1279 1801 1334 aute

973 1373 1066 1428 Deum
1080 1373 1164 1443 (Luc.
1180 1391 1199 1440 x,
1216 1375 1253 1446 6).
1269 1393 1282 1422 ι
1298 1373 1372 1428 llinc
1387 1370 1544 1428 Psalmista
1558 1371 1662 1428 exorat
1675 1366 1799 1422 dicens:

972 1480 986 1508 ι(
1003 1459 1098 1530 Dirige
1111 1460 1141 1516 in
1155 1466 1317 1532 conspectu
1332 1465 1384 1517 tuo
1396 1460 1476 1514 viam
1491 1453 1800 1528 meamlPsut.1.u).n

972 1547 1181 1604 Etnotandum
1196 1547 1279 1621 quod
1293 1563 1355 1604 uon
1370 1546 1477 1602 dicitur
1492 1545 1567 1601 sicut
1578 1543 1645 1612 lob,
1659 1541 1713 1598 sed
1727 1541 1803 1598 sicut

970 1651 1074 1694 seruus
1088 1653 1168 1694 mens
1183 1637 1250 1700 dot,
1265 1637 1332 1693 licet
1346 1637 1377 1692 in
1392 1634 1538 1708 positione
1553 1632 1713 1700 servitutis,
1726 1629 1801 1685 dum

972 1741 1041 1782 cnm
1057 1725 1145 1798 quasi
1164 1725 1221 1782 sub
1240 1725 1373 1798 quadam
1398 1721 1602 1798 peculiaritate
1617 1733 1801 1776 commemo-

971 1819 1026 1882 rat,
1043 1820 1150 1872 cuneta
1164 1831 1233 1888 quse
1245 1813 1275 1870 in
1294 1813 1467 1872 defensione
1496 1827 1552 1868 sua
1579 1809 1705 1876 dixerat,
1729 1803 1802 1878 quia

971 1919 1033 1960 non
1048 1903 1218 1960 contumaci
1230 1903 1382 1977 superbia,
1393 1901 1447 1958 sed
1460 1899 1567 1958 humili
1581 1897 1704 1954 veritate
1716 1893 1799 1964 dixit,

972 1991 1112 2048 ostendit.
1130 1992 1187 2050 Sed
1200 1992 1328 2065 quidest
1340 1989 1489 2064 hocquod
1507 1991 1536 2047 B.
1549 1987 1606 2044 lob
1621 1991 1649 2042 et
1660 1982 1802 2041 laudetur

971 2081 1060 2146 hosti,
1075 2087 1102 2136 et
1116 2080 1146 2136 in
1161 2081 1259 2156 scipso
1272 2079 1507 2154 reprehenditur,
1529 2080 1558 2133 et
1580 2081 1681 2132 umen
1695 2071 1800 2130 amicis

973 2169 1143 2237 anteiertur,
1160 2170 1216 2224 nisi
1231 2170 1313 2242 quod
1327 2173 1448 2224 sanctus
1460 2167 1505 2222 vir
1528 2169 1652 2222 cunctos
1680 2161 1801 2218 merito-

972 2274 1040 2315 rum
1052 2274 1177 2315 suorum
1191 2259 1297 2314 uirtute
1311 2255 1501 2322 transcendit,
1518 2253 1572 2310 sed
1586 2268 1622 2309 eo
1636 2253 1704 2324 ipso
1717 2249 1802 2324 quod

972 2347 1066 2404 homo
1081 2345 1144 2418 fuit,
1161 2346 1290 2417 anteltei
1306 2345 1393 2402 oculo
1404 2359 1485 2400 sessa
1497 2343 1559 2398 sine
1570 2339 1802 2414 reprehensione

972 2451 1034 2491 non
1049 2436 1170 2508 potuit?
1187 2438 1215 2492 lt.
1232 2435 1320 2504 igitur
1332 2434 1387 2490 Job
1401 2447 1457 2506 pro
1470 2431 1559 2504 culpa
1580 2445 1611 2486 se
1633 2427 1758 2485 credidit
1774 2429 1803 2482 et

349 2581 355 2594 ,
634 2583 639 2593 ,
972 2539 1033 2580 non
1048 2523 1211 2596 prognatia
1224 2523 1388 2594 liagellari;
1418 2522 1495 2578 etin
1520 2535 1556 2576 eo
1571 2515 1803 2592 reprehenditur

125 2579 249 2637 Vm'4‘
270 2581 353 2638 Am
381 2587 472 2652 ΜΨ)
487 2581 606 2654 l⁰⁹¹⁴⁰rt
627 2583 817 2654 'mmm'
839 2588 875 2646 ιε’
892 2588 919 2638 ⁶²
972 2611 1054 2686 quod
1084 2612 1246 2668 intentione
1275 2611 1458 2682 flagellatum
1490 2609 1581 2666 luisse
1609 2606 1674 2686 aliq
1704 2601 1801 2676 suspi-

85 2669 340 2742 ''⁶⁸1’0ndemihi·
370 2702 405 2712 “
430 2671 539 2727 ᾸΠῶΓθ
563 2671 614 2728 9θί
629 2677 672 2728 θῦῑ
687 2671 743 2727 ⁵¹¹¹)
759 2671 918 2744 ⁵⁰m⁶⁰P⁵⁰
972 2704 1066 2765 catur,
1084 2705 1111 2756 et
1126 2705 1226 2756 umen
1242 2700 1346 2757 amieis
1359 2697 1564 2755 resistentibus
1580 2689 1803 2765 interniJ'udicii

87 2757 246 2828 surgentia
256 2763 359 2816 nostra
372 2759 535 2833 percipere.
550 2759 595 2815 hd
611 2761 704 2816 [teum
719 2775 801 2830 crgo,
826 2759 920 2832 quiet
973 2787 1144 2844 definitione
1158 2787 1300 2860 praelatus
1312 2792 1366 2844 est·
1389 2786 1526 2860 Sequitur
1543 2805 1550 2842 :
1826 2829 1833 2838 ,

85 2847 253 2904 tacentium
265 2847 357 2904 corda
369 2848 532 2918 cognoscit,
545 2847 629 2922 loqui
642 2853 779 2904 nostrum
792 2853 847 2920 cst,
858 2863 918 2903 non
1010 2880 1093 2934 Vm·
1108 2880 1124 2932 3
1158 2878 1273 2934 Sumite
1285 2879 1365 2934 vob&
1377 2881 1486 2946 ,eptem
1502 2881 1616 2940 mmm,
1642 2879 1670 2928 εἰ
1692 2877 1802 2940 ,eptem

85 2935 182 3002 vocis,
198 2935 251 2991 sed
265 2951 321 3009 pro
335 2936 443 2992 mentis
457 2935 497 2992 ad
508 2935 592 2992 illum
614 2935 769 2992 desideriis
793 2936 918 2992 inhiare.
974 2967 1090 3032 arietes,
1115 2971 1143 3021 ec
1164 2965 1269 3034 offerte
1294 2965 1468 3022 holmum
1488 2977 1547 3032 pro
1568 2960 1658 3016 υοὺες,
1679 2990 1714 3000 ..
1729 2961 1803 3014 5000

85 3027 123 3081 Et
134 3023 208 3124 quia
221 3023 290 3082 ideo
303 3025 441 3128 quisquis
455 3025 619 3126 interrogat
632 3031 663 3082 ut
685 3026 798 3082 discere
821 3025 919 3126 valea*
933 3005 956 3062 ο
971 3055 1070 3128 justus
1086 3059 1114 3110 et
1130 3053 1298 3110 misericors
1311 3055 1388 3108 Deus
1403 3067 1458 3108 nec
1473 3049 1577 3122 culpas
1592 3047 1655 3103 sine
1669 3047 1804 3116 increpa-

84 3112 173 3186 q¹¹⁰d
200 3119 328 3184 ¹3⁰⁰ffl¹=
352 3115 469 3212 h⁰¹¹J¹⁰¹
493 3117 586 3172 Deum
612 3120 795 3184 ¹¹¹t0ff⁰8³¹⁸⁰
810 3120 862 3184 ⁰⁸12
887 3131 918 3171 ¹¹¹
973 3143 1052 3200 tione
1067 3142 1185 3210 deserit,
1200 3157 1255 3198 nec
1274 3145 1392 3197 reatum
1416 3139 1480 3194 sine
1502 3134 1696 3192 conversione
1717 3131 1803 3190 dere-

84 3206 252 3302 ⁰⁰¹¹⁵P⁰⁰f¹¹
265 3202 521 3302 ⁰5⁰⁵¹1⁰⁵⁰¹ffnt0m
537 3219 568 3260 ⁵⁰
582 3219 772 3302 ⁰⁰8⁰⁰⁸⁰⁰sf³·
787 3203 920 3276 Resl'ffi'
972 3232 1089 3306 linquit.
1117 3235 1150 3287 Et
1166 3231 1247 3304 prius
1263 3228 1450 3303 putredinem
1465 3225 1597 3283 vulneris
1611 3221 1748 3289 innotuit,
1775 3223 1804 3276 et

83 3291 160 3347 dere
176 3292 226 3347 lter
241 3292 443 3364 est,eumqu1
462 3306 492 3347 se
507 3291 658 3348 humiliter
672 3295 853 3348 nescientem
868 3307 918 3347 co·
973 3325 1042 3394 post
1055 3320 1188 3378 remedia
1202 3317 1424 3392 consequendoe
1445 3315 1548 3372 ,gups
1573 3311 1721 3370 indicavit,
1745 3307 1804 3366 Sed

84 3379 227 3452 gnoverit
263 3379 387 3436 occultis
426 3379 672 3454 inspirationibus
710 3381 837 3438 erudire.
873 3381 919 3438 Ait
973 3410 1045 3483 quia
1059 3409 1190 3466 diximus
1205 3407 1385 3481 pemmo,
1412 3409 1441 3462 ΒΙ
1468 3404 1524 3461 101,
1548 3401 1702 3459 hoereficos
1721 3397 1802 3456 desi.

83 3469 170 3526 enim
187 3483 194 3523 :
210 3468 294 3524 Audi
307 3473 334 3524 et
347 3469 465 3540 loquor.
481 3473 523 3524 hc
537 3469 561 3525 si
576 3469 686 3526 diceret
703 3487 709 3524 ε
726 3469 918 3526 Misericordi-
973 3497 1069 3571 gnari,
1085 3497 1137 3572 qui
1150 3500 1244 3554 Deum
1257 3496 1331 3552 dum
1353 3493 1513 3552 defendere
1534 3492 1678 3558 nituntur,
1707 3487 1803 3546 offen.

84 3562 131 3614 ter
146 3555 295 3614 desrderia
309 3573 378 3614 mea
392 3556 522 3630 percipe,
535 3561 567 3615 ut
580 3557 654 3614 dum
670 3557 734 3614 haec
749 3559 844 3632 pietas
868 3563 919 3616 tua
972 3588 1058 3652 dunt·
1072 3603 1149 3661 quos
1163 3586 1355 3660 omnipotens
1368 3589 1470 3642 tamen
1483 3584 1561 3638 Deus
1582 3595 1661 3652 ωερε
1683 3573 1801 3662 corpori

83 3645 258 3722 percipiens
272 3645 406 3704 audiata
430 3651 467 3715 tc,
493 3647 704 3722 multipliciora
725 3653 918 3721 consurgant.

83 3734 284 3806 Interrogata
295 3735 370 3808 te‚id
381 3740 434 3807 est,
448 3737 628 3793 nescientem
644 3753 692 3792 nie
706 3753 741 3792 cx
756 3743 813 3793 tuse
827 3737 920 3793 scien·

84 3823 134 3879 tire
149 3823 402 3899 contemplatione
415 3842 577 3898 cognosce,
594 3831 621 3882 et
635 3825 790 3896 responde,
810 3825 842 3881 id
864 3830 918 3894 est,

84 3911 247 4013 “umam
261 3914 576 3988 Pfflpfiamhumffi‘er
590 3918 821 3984 ⁰⁰3⁰⁰⁸⁰⁶¹¹t²m
833 3913 917 3970 ‘³⁰⁰⁹‘
973 3944 1073 4000 mitur.
1090 3945 1129 3998 lie
1147 3941 1292 3998 haereticis
1313 3953 1446 4011 namque
1469 3933 1710 4010 superbientibus
1733 3931 1804 3988 dici·

85 4005 232 4074 seqffltur
248 4021 254 4059 ²
972 4037 1021 4090 tur
1034 4051 1040 4088 :
1051 4053 1065 4084 a
1075 4030 1238 4088 Consilium
1252 4033 1406 4086 taurorum
1420 4028 1609 4082 intervaccas
1621 4019 1803 4094 populorum

123 4109 215 4166 Vsus
229 4113 255 4166 5.
269 4110 384 4168 Audita
403 4109 509 4168 andini
534 4116 571 4178 te,
593 4125 675 4166 nune
694 4115 793 4166 autern
815 4111 920 4168 ocutus
974 4117 1406 4194 (Psat,x1v11‚32),»thuia
1428 4117 1586 4188 sequentes
1616 4126 1648 4166 se
1674 4107 1803 4182 populos

82 4212 174 4255 ’Μ
186 4198 264 4255 videi
280 4199 584 4258 1⁸·-ffls1fifflifflm
600 4197 700 4254 veihis
720 4203 821 4270 ΒΡθΓῑθ
843 4197 920 4254 indi·
974 4210 1054 4267 vclut
1069 4225 1173 4279 greges
1187 4206 1317 4274 trabunt,
1333 4203 1438 4262 arietes
1455 4197 1618 4274 aliquando
1642 4195 1803 4253 nominan-

83 4289 149 4356 cal,
165 4285 236 4358 quia
250 4292 364 4360 quanta
375 4288 456 4344 visus
472 4287 607 4360 superior
626 4291 670 4342 est
694 4286 808 4356 auditu,
837 4290 920 4344 tanto
975 4304 1031 4357 rur,
1048 4299 1121 4354 Hinc
1133 4295 1275 4354 jeremias
1290 4295 1351 4352 ait:
1368 4315 1382 4344 a
1398 4291 1547 4363 principes
1570 4287 1612 4346 rui
1634 4285 1715 4343 velut
1729 4283 1804 4342 3110.

82 4373 243 4442 diffeltsab
258 4375 480 4449 e0‘1110dl)¹‘it¹⁸
493 4374 918 4448 exstitit’imiimimodum
938 4358 1018 4446 ”iss
1034 4389 1156 4460 (Thrac.
1172 4387 1244 4458 xvi).
1260 4387 1399 4442 »Tauros
1413 4382 1494 4438 enirn
1509 4383 1538 4436 et
1552 4375 1698 4436 arietesin
1713 4373 1804 4432 sacri·

82 4480 143 4536 pei
158 4461 278 4534 flattena
293 4463 421 4537 PPOfissii·
437 4465 575 4540 sequimi
590 4483 597 4522 ³
974 4477 1042 4534 ficio
1057 4477 1173 4543 charra,
1188 4479 1233 4532 est
1247 4473 1412 4546 superbum
1434 4471 1577 4528 ducatum
1602 4463 1804 4524 conversionis

124 4571 250 4626 Veneti.
264 4569 381 4627 Idcirco
396 4572 517 4642 ipsene
532 4571 726 4642 reprehendo.
741 4603 775 4611 -
802 4573 920 4638 Quanto
976 4566 1139 4624 humilitate
1154 4568 1296 4630 mactare,
1314 4567 1356 4630 ut,
1371 4559 1503 4617 edomita
1513 4556 1626 4614 cervice
1643 4551 1803 4628 superbiae,

82 4657 172 4714 enim
186 4657 314 4732 quisque
330 4659 535 4733 minusvidct,
558 4663 641 4718 tanto
669 4661 725 4717 sibi
748 4660 849 4716 minus
877 4661 921 4718 di·
974 4657 1092 4714 discant
1117 4652 1287 4712 obediendo
1313 4650 1397 4724 sequi
1427 4647 1481 4721 qui
1516 4645 1633 4702 dudum
1664 4641 1804 4698 ducendo

82 4743 207 4817 splicet,
223 4749 252 4802 et
265 4752 379 4819 quanto
402 4748 524 4820 majoris
547 4748 648 4818 gratiae
667 4747 770 4806 lumen
785 4748 918 4822 percipit,
974 4747 1080 4821 praeire
1105 4743 1303 4801 conabantur.
1332 4742 1419 4805 Recte
1447 4750 1569 4810 quoque
1607 4733 1672 4788 haee
1700 4745 1805 4828 eorum

81 4839 175 4890 tanto
189 4833 320 4908 amplius
339 4835 602 4909 reprehensibilem
627 4851 659 4892 se
674 4853 741 4894 esse
755 4837 919 4908 cognoscit.
975 4833 1118 4908 superbia
1133 4835 1247 4906 septem
1263 4827 1415 4886 sacrificiis
1429 4824 1576 4898 expiatur,
1591 4821 1664 4895 quia
1674 4819 1805 4917 haeretxcr

82 4921 230 4996 Sequitur
247 4924 305 4980 :Et
319 4939 376 4996 ago
387 4925 595 4995 penitentiam
609 4925 759 4996 insavr'tto
769 4931 797 4983 et
811 4927 920 4984 cinere.
975 4925 1014 4981 ad
1030 4921 1191 4980 Ecclesiam
1205 4920 1383 4976 revertentes
1401 4930 1455 4988 per
1476 4909 1651 4968 humilitatis
1673 4909 1805 4966 bostram

79 5043 122 5054 -·
138 5016 180 5068 hc
196 5011 221 5068 si
234 5017 335 5086 aperte
349 5012 430 5070 dicat
445 5032 452 5070 :
470 5017 510 5071 lte
524 5013 607 5070 nullo
622 5015 751 5072 auctoris
765 5015 825 5072 mei
839 5015 920 5072 dono
975 5013 1056 5070 dona
1083 5010 1208 5084 Spiritus
1235 5006 1337 5092 gratie
1366 5002 1545 5077 septiformis
1572 4998 1744 5072 accipiunt,
1774 4999 1808 5053 ut

80 5099 246 5174 superbio,
270 5102 342 5175 quia
366 5107 504 5177 sumptus
527 5119 563 5160 ex
591 5103 714 5176 pulvere
745 5120 798 5178 per
832 5103 921 5162 illatae
975 5103 1027 5176 qui
1054 5099 1189 5158 elationis
1219 5113 1281 5152 suae
1308 5097 1455 5152 vetustate
1475 5091 1648 5159 tabuerunt,
1673 5085 1805 5144 novitate

78 5189 196 5247 mortis
212 5191 392 5248 sententiam
406 5191 446 5249 ad
465 5190 620 5266 pulverem
636 5208 685 5250 me
699 5193 795 5251 redire
809 5208 920 5264 cogno·
975 5190 1077 5263 gratiae
1105 5187 1313 5274 reformentur.
1335 5187 1394 5242 tloc
1419 5182 1500 5238 enim
1530 5181 1712 5238 inconcussa
1742 5172 1805 5270 lide

76 5295 150 5336 sco.
168 5278 206 5335 In
215 5279 329 5350 scritto
342 5280 423 5338 enim
437 5287 465 5338 et
480 5282 579 5338 cinere
599 5281 805 5354 paenitentiam
831 5297 919 5354 agere
973 5280 1148 5347 retinemus,
1173 5277 1245 5350 quia
1267 5289 1345 5347 quos
1372 5270 1493 5344 spiritus
1515 5266 1618 5338 gratiae
1633 5261 1805 5362 repleverit,

75 5371 141 5434 est,
157 5368 359 5442 contemplata
371 5385 492 5428 summa
506 5370 644 5441 essentia,
664 5369 706 5427 nil
728 5370 808 5427 alind
825 5385 919 5444 quam
973 5367 1098 5444 perlicit,
1111 5366 1213 5440 eisque
1227 5378 1289 5420 non
1303 5361 1403 5419 solum
1417 5355 1564 5415 Trinitatis
1578 5355 1726 5418 notitiam,
1746 5345 1806 5448 'sed

74 5453 223 5516 favillam
238 5473 270 5514 se
284 5458 475 5532 cineremque
490 5475 681 5540 cognoscere.
708 5459 790 5517 Unde
803 5463 833 5515 et
846 5459 918 5516 civi·
972 5459 1063 5516 ctiam
1100 5457 1244 5513 virtutum
1283 5455 1436 5526 quatuor,
1468 5443 1498 5500 id
1532 5445 1577 5538 est
1608 5435 1805 5534 prudentie,

73 5543 139 5602 tati
155 5545 292 5617 reprobe
306 5545 337 5602 iu
353 5546 512 5618 Evangelio
527 5547 671 5604 Dominus
688 5547 786 5604 dicit:
812 5569 826 5597 «
845 5547 917 5604 Siin
971 5545 1186 5619 temperantia,
1216 5535 1396 5597 tortitudinis
1427 5536 1517 5603 etque
1544 5527 1664 5596 Jushtxre
1701 5535 1807 5620 opera-

73 5635 166 5712 'l’yro
184 5635 214 5690 et
239 5633 348 5694 Sidona
373 5633 463 5710 tecm,
486 5635 611 5692 luissent
631 5635 755 5696 virtutes
783 5651 851 5712 ques
875 5633 917 5694 to-
971 5634 1083 5691 ticnem
1097 5630 1221 5706 prebet.
1238 5632 1270 5684 la
1285 5625 1432 5697 scriptura
1446 5630 1534 5690 sacra
1548 5612 1623 5671 solet
1637 5615 1807 5688 septenario

973 3680 1083 3734 sancte
1097 3675 1234 3733 Ecclesiae
1248 3690 1301 3748 per
1315 3672 1516 3744 cognitionem
1531 3667 1662 3726 veritatis
1674 3665 1801 3726 invisce-

971 3771 1028 3833 rat,
1042 3765 1098 3822 tob
1112 3765 1225 3838 quippe
1238 3769 1343 3838 typum
1360 3762 1450 3832 gessit
1464 3759 1610 3825 Ecclesia,
1619 3773 1673 3830 per
1687 3760 1800 3824 tauma,

973 3854 1071 3912 cervix
1088 3853 1247 3927 superbiae,
1269 3867 1324 3924 per
1349 3850 1454 3907 arietes
1477 3864 1547 3904 vero
1560 3846 1689 3902 ducatus
1704 3843 1802 3916 expri-
