4106 6148
237 157 306 212 {027
922 141 1067 200 tenuius
1092 141 1194 199 PAPB
1219 145 1268 201 llll
1879 149 1956 204 {028

115 320 117 334 .
221 281 281 334 tes
291 277 351 333 hae
363 277 467 331 nostra
479 272 656 329 auctoritate
665 272 696 328 id
711 270 795 345 qnod
804 264 1066 344 exposcitnretlec·
1080 268 1104 322 Δ
1118 267 1244 341 populo,
1265 268 1297 325 in
1325 269 1429 340 Gallie,
1456 268 1625 340 Germania,
1656 269 1783 327 Bavaria
1809 271 1956 328 constitu·

237 363 280 422 tui
291 364 512 435 mancipamus.
525 363 558 416 Et
571 360 640 418 idco
659 375 780 417 omnem
793 357 951 430 cujuslibet
966 353 1065 410 Eccle-
1120 355 1165 411 tis.

236 453 287 510 eia
301 451 489 510 sacerdotem
511 449 544 511 in
565 449 689 524 prealato
711 447 892 506 monasterio
920 444 1065 502 ditionem
1156 446 1274 512 Quoties
1289 447 1328 504 ad
1342 447 1508 520 protectum
1521 463 1609 504 novae
1628 447 1956 518 christianitatisque-

236 539 405 614 quamlibet
418 537 530 594 habere
541 541 594 594 aut
609 536 814 593 auctoritatem
829 537 937 608 praeter
963 531 1065 587 sedem
1119 536 1262 592 cessionis
1278 536 1484 610 firmitatisque
1492 537 1681 610 privilegium
1697 541 1832 594 asancta
1846 539 1957 596 Roma-

235 628 434 702 epostolicem
450 626 656 700 prohibemus,
673 625 713 682 ita
741 629 774 680 ut
801 623 861 681 nisi
887 622 926 681 ab
954 620 1065 677 abbate
1118 637 1159 679 na
1174 623 1313 691 Ecclesia,
1330 624 1378 681 cui
1392 628 1450 681 lico
1464 629 1585 682 auctore
1600 625 1797 696 deservimus,
1815 627 1956 700 exposci·

236 717 412 776 monasterii
424 717 510 773 luerit
522 715 674 783 invitatus,
687 731 742 771 nec
767 713 933 770 missarum
952 710 1064 767 ibidem
1119 712 1273 780 tantoties
1289 713 1372 769 omni
1386 713 1539 783 diligentia
1555 715 1699 788 omnique
1717 731 1822 772 amore
1842 715 1956 788 imper-

236 807 458 865 soiemnitatem
479 804 634 878 quispiam
663 807 828 876 prasumat
852 800 976 857 omnino
991 798 1065 854 cele·
1119 799 1165 861 tiri
1179 817 1277 873 opera
1291 802 1419 874 pretium
1434 801 1573 864 duximus
1585 818 1639 870 ;ne
1657 803 1741 876 quod
1756 819 1829 874 erga
1841 805 1955 877 piade

234 897 334 964 brare,
350 901 383 952 nt
397 894 530 967 prolecto
544 893 667 965 juxtaid
691 893 773 966 quod
790 891 960 964 subjectum
979 904 1065 961 apos·
1118 889 1228 951 sideria
1241 891 1420 964 propensius
1432 891 1568 965 impendi
1582 893 1842 963 couvenit,callidi
1860 895 1955 950 hostis

235 985 332 1042 tolicae
346 984 409 1040 sedi
425 983 566 1040 firmitate
581 981 727 1056 privilegii
741 980 876 1039 consistit
888 980 1065 1036 inconcusse
1118 978 1230 1042 inuidia
1243 980 1282 1036 od
1306 980 1454 1040 desidiam
1472 980 1675 1044 indeficienter
1697 981 1860 1056 subripiat.
1877 985 1954 1040 Totis

235 1074 372 1132 dotatum
386 1075 563 1145 permaneat
584 1071 657 1128 locis
684 1075 713 1128 et
725 1070 826 1139 rebus,
844 1073 906 1126 tam
921 1067 963 1123 eis
988 1083 1065 1139 quas
1120 1086 1191 1140 ergo
1203 1070 1326 1140 viribus,
1342 1070 1510 1127 charissimi
1531 1071 1646 1139 tratres,
1658 1071 1839 1132 certandum
1856 1079 1913 1140 est,
1924 1079 1955 1130 ul

227 1163 383 1242 ‘moderno
398 1165 534 1234 tempore
549 1165 629 1218 tenet
643 1161 689 1216 vel
713 1159 858 1233 possidet,
872 1174 966 1231 quam
988 1172 1065 1229 quas
1121 1159 1381 1228 christianitatem,
1395 1176 1488 1233 quem
1505 1162 1583 1218 licus
1599 1160 1791 1234 omnipotens
1816 1178 1874 1235 per
1897 1179 1956 1220 ser-

235 1251 341 1308 iuturis
355 1251 542 1324 temporibus
557 1251 588 1306 in
602 1251 672 1322 Jura
698 1249 792 1323 ipsius
811 1245 989 1308 venerabilis
1003 1261 1066 1300 mo·
1119 1263 1172 1302 vos
1195 1264 1266 1312 suos
1281 1248 1392 1306 coelcsti
1406 1252 1519 1322 hupoeo
1534 1247 1666 1324 quotidie
1687 1248 1819 1308 extendit
1840 1253 1873 1306 ct
1887 1266 1956 1324 pro·

234 1340 357 1398 nasterii
371 1339 475 1396 divina
497 1339 592 1412 pietas
613 1355 723 1410 augere
741 1338 866 1395 voluerit
880 1353 917 1394 ex
931 1335 1019 1392 donis
1038 1338 1066 1390 et
1119 1337 1209 1406 vehit,
1221 1342 1325 1394 nostro
1339 1353 1461 1412 quoque
1474 1353 1528 1412 per
1540 1353 1611 1394 eum
1626 1337 1786 1415 adjutorio,
1802 1339 1835 1394 in
1845 1339 1956 1396 eodem

234 1429 438 1488 oblationibus
462 1429 647 1503 decimisque
675 1429 809 1485 fidelium
832 1427 948 1500 absque
977 1423 1065 1482 ullius
1121 1425 1306 1484 solideturet
1327 1431 1457 1484 maneat.
1472 1429 1554 1484 Nunc
1578 1443 1650 1483 vero
1666 1427 1716 1484 liei
1731 1433 1881 1501 operante
1900 1429 1956 1486 cle-

234 1536 371 1599 personne
395 1518 630 1576 contradictione
657 1519 797 1575 firmitate
822 1519 968 1590 perpetua
997 1529 1065 1587 per-
1119 1515 1232 1572 mentia
1246 1516 1439 1573 charissimus
1453 1520 1482 1573 et
1497 1515 1767 1574 Christianissimus
1782 1517 1865 1575 filius
1880 1535 1956 1575 nos-

234 1609 359 1668 truatur.
385 1610 599 1668 Censtituimus
625 1625 747 1683 quoque
770 1624 824 1681 per
846 1607 937 1678 hujus
956 1604 1100 1678 decretiss
1119 1606 1253 1673 tenoilo,
1270 1604 1545 1662 devictisbarbaris
1561 1605 1709 1676 gentibus,
1729 1607 1881 1664 Avanhus
1899 1608 1954 1664 sci-

234 1699 329 1756 nostri
344 1699 490 1772 paginam
510 1701 542 1754 ut
566 1698 739 1770 quicunque
754 1695 913 1768 cujuslibet
927 1692 1065 1750 Ecclesia
1118 1691 1186 1750 licet
1211 1693 1336 1768 aliisque
1358 1693 1601 1767 quamplurimis,
1624 1698 1655 1751 ut
1677 1693 1717 1752 ad
1740 1693 1954 1753 defensionem

235 1789 348 1862 proesul
376 1789 423 1844 vel
449 1803 632 1859 quacunque
657 1786 801 1856 dignitate
827 1800 959 1860 persona
986 1784 1065 1840 hanc
1120 1786 1230 1840 sanctie
1249 1782 1300 1839 Dei
1316 1783 1451 1840 Ecclesiae
1472 1781 1697 1857 triumphalem,
1710 1785 1836 1842 victoriae
1851 1786 1955 1860 impe-

234 1877 329 1933 nostri
342 1875 488 1950 privilegii
501 1876 636 1932 chartam
650 1891 744 1948 quam
759 1875 934 1932 auctoritate
958 1873 1066 1946 princi·
1118 1871 1154 1928 rii
1173 1871 1302 1941 culmen,
1325 1889 1379 1946 per
1393 1889 1449 1929 nos
1476 1872 1602 1930 abeato
1630 1873 1715 1929 Petro
1739 1873 1954 1947 apostolorum

235 1965 282 2038 pis
307 1964 515 2038 apostolorum
542 1963 701 2021 firmamus
725 1967 871 2021 temerare
896 1962 1063 2030 tentaverit,
1118 1960 1253 2034 principe
1267 1961 1432 2036 susciperet
1443 1977 1598 2039 coronam,
1613 1977 1765 2018 summam
1784 1967 1814 2019 et
1831 1961 1955 2020 univer-

235 2054 399 2110 anathema
414 2054 460 2123 sit,
474 2058 501 2108 et
514 2052 590 2109 iram
618 2053 668 2109 liei
682 2053 837 2110 incurrens
864 2068 882 2109 a
905 2055 984 2108 eoetu
998 2063 1064 2108 om·
1119 2049 1223 2120 solem,
1239 2049 1287 2106 cui
1307 2053 1366 2107 Deo
1376 2050 1572 2124 presidemus
1583 2054 1713 2112 auctore.
1732 2051 1816 2107 adiiit
1832 2049 1953 2108 sedem:

234 2141 320 2198 nium
333 2145 507 2198 sanctorum
531 2141 657 2198 extorris
673 2142 789 2210 existat,
813 2145 841 2197 et
869 2139 1065 2197 nihilominus
1119 2155 1210 2214 quem
1232 2143 1358 2213 paterno
1375 2139 1485 2197 affectu
1513 2139 1719 2215 suscipientes,
1735 2139 1776 2197 ob
1802 2141 1954 2198 detensio-

235 2232 352 2304 praelati
366 2231 541 2288 monasterii
553 2230 815 2301 dignitasanobis
830 2230 946 2287 indulta
960 2245 1065 2304 perpe-
1119 2215 1189 2285 nem
1215 2234 1326 2286 sancta
1342 2231 1393 2286 liei
1418 2229 1553 2287 Ecclesiae
1580 2230 1611 2286 iu
1637 2231 1853 2304 imperatorem
1883 2247 1954 2288 cum

232 2318 356 2378 'tualiter
380 2321 524 2378 inviolata
547 2325 728 2395 permaneat
748 2320 913 2394 apostolica
940 2319 1066 2376 auctori·
1119 2319 1199 2378 beati
1212 2321 1285 2376 Petri
1301 2320 1508 2378 benedictione
1523 2319 1677 2398 unximus
1702 2323 1840 2394 Cumque
1859 2321 1892 2378 in
1906 2338 1953 2377 eo·

178 2399 180 2406 ’
234 2413 295 2467 tate
311 2410 450 2468 subnixa.
1122 2409 1211 2467 clesia
1225 2411 1304 2467 beati
1330 2411 1403 2467 Petri
1416 2410 1546 2486 apostoli
1561 2412 1599 2468 de
1615 2414 1692 2467 statu
1706 2415 1735 2468 et
1748 2411 1898 2482 regimine
1912 2417 1951 2469 to·

272 2499 421 2571 Scriptum
437 2515 490 2572 per
505 2515 630 2554 manum
647 2499 762 2569 Leonis,
775 2496 969 2554 secundicerii
986 2496 1066 2552 sedis
1122 2499 1179 2555 tius
1195 2499 1420 2556 Christianitatis
1431 2499 1601 2562 tractantes,
1615 2515 1683 2572 quae
1699 2499 1786 2556 utilia
1800 2505 1882 2570 sunt,
1901 2501 1951 2556 uti·

235 2587 459 2660 apostolicae,in
471 2603 573 2644 meuse
583 2586 768 2658 Deccmbrio,
776 2585 937 2642 indictione
948 2585 1064 2658 quinta.
1120 2588 1185 2646 liter
1196 2589 1364 2644 secundum
1381 2591 1474 2646 Deum
1497 2593 1704 2660 tractarentur,
1721 2589 1865 2663 praelatus
1878 2590 1949 2662 piis-

271 2677 380 2731 uatum
397 2678 430 2730 lv
451 2675 519 2730 ldus
532 2675 703 2732 Decembris
717 2690 771 2746 per
792 2689 919 2730 manum
940 2673 1066 2729 loannis
1122 2679 1217 2736 simus
1232 2678 1396 2752 imperator
1410 2681 1485 2748 Otto,
1500 2677 1627 2753 qualiter
1642 2679 1775 2746 sclavos,
1790 2695 1868 2754 quos
1886 2679 1947 2754 ipsa

235 2761 369 2835 episcopi
385 2765 413 2818 et
426 2761 642 2819 bibliothecarii
663 2766 774 2818 sancitu
789 2761 867 2817 sedis
882 2760 1064 2834 apostolicis,
1120 2767 1239 2836 devicit,
1255 2768 1285 2824 in
1296 2768 1443 2825 catholica
1457 2767 1516 2824 fide
1535 2767 1651 2825 noviter
1674 2767 1866 2839 fundaverat,
1881 2785 1950 2825 nos-

235 2867 316 2909 nuno
346 2855 405 2908 lieo
433 2851 561 2925 propitio
595 2852 787 2926 pontificatus
810 2851 916 2908 domni
943 2850 1066 2907 loannis
1120 2861 1172 2914 trie
1185 2857 1314 2914 innotuit
1324 2857 1503 2932 paternitati,
1517 2857 1685 2930 deprecans
1708 2864 1736 2914 et
1759 2858 1874 2915 obnixe
1888 2876 1954 2932 pos·

236 2940 346 2997 summi
362 2941 507 3014 pontificis
522 2945 550 2998 et
560 2941 736 2998 universalis
750 2957 839 3014 papae
851 2957 903 3012 xu,
918 2940 949 2996 in
964 2955 1066 2997 sacra·
1081 2981 1102 3038 C
1121 2947 1229 3018 iulans,
1246 2964 1283 3003 ne
1302 2964 1384 3016 oves,
1414 2963 1492 3021 quas
1517 2947 1581 3020 ipse
1609 2947 1641 3004 in
1664 2948 1778 3006 Christo
1804 2950 1954 3022 aequisie·

234 3029 350 3087 tissima
369 3029 534 3088 sedeheati
549 3030 783 3104 Petri-apostoli,
806 3030 838 3086 in
854 3045 958 3087 mense
983 3033 1067 3087 sexto
1093 3041 1098 3058 ·
1120 3041 1176 3105 rat,
1210 3035 1250 3092 ob
1283 3037 1412 3109 pastoris
1439 3035 1639 3102 detectionem
1665 3037 1782 3110 antiqui
1807 3039 1955 3112 serpentis

234 3118 397 3178 indictione
413 3120 530 3194 quinta.
825 3141 829 3150 ·

624 3229 668 3286 ltl.

240 3333 353 3375 torulus
367 3333 445 3374 PAPAE
460 3333 500 3372 Xll
510 3331 691 3394 'Pulvtheelutt
713 3331 769 3373 rho
783 3331 911 3374 ECCLESlA
930 3331 1066 3373 satzeutt·

608 3421 697 3461 GENSl.

558 3515 656 3582 (Anno
670 3511 743 3586 962).
813 3535 820 3542 ·

235 3619 378 3684 Ecclesia
401 3620 631 3688 Sclzburqeosis
646 3619 808 3688 priviteqia
834 3624 862 3674 ct
870 3620 1068 3688 possessiones

272 3709 439 3777 coufirmat.
451 3707 608 3763 Fridericc
624 3706 849 3778 archiepiscopo
858 3707 1003 3780 pallium,
1013 3722 1067 3778 pe-

272 3801 350 3854 tente
363 3795 823 3866 Ottoneimperatorcmoncedit.
838 3797 1068 3853 Heraldumcae·
1138 3839 1143 3851 .

268 3885 1067 3959 oetqmdejectpmquearchiepiscopammisiprocuro-

270 3975 834 4046 resueredesistut,nnctlwmattzatum
845 3975 884 4030 im·
897 3974 1066 4032 denuntiat.

235 4064 359 4137 [apogr.
375 4079 443 4121 saec.
457 4081 493 4120 ιιιι
507 4063 538 4120 in
547 4063 694 4132 tabulario
704 4061 1068 4137 vindobonensi-Apud

287 4153 500 4226 bleiumayern
514 4153 611 4214 naen.
635 4169 664 4208 v.
679 4153 744 4212 luti.
760 4152 918 4228 Archene.
934 4152 1009 4225 toti.

274 4242 304 4302 si
319 4242 519 4310 sacerdotum,
535 4247 591 4300 eto.

271 4334 345 4396 una
357 4348 397 4392 ¹vu
412 4331 482 4390 ldus
497 4331 649 4396 Februarii
663 4347 717 4405 per
733 4346 860 4396 manum
872 4330 1009 4406 tumea,
1017 4347 1066 4390 ar·
1081 4335 1104 4408 1)

230 4419 309 4482 ‚carn
319 4420 429 4480 sanctis
439 4420 518 4481 sadis
533 4419 720 4494 apostolica,
732 4423 787 4478 etc.

617 4529 678 4588 xil.

236 4637 368 4680 errarem
390 4635 504 4678 resume
531 4635 608 4676 rara
622 4635 661 4676 ιιι
683 4635 719 4676 ιιι)
744 4633 990 4688 nncsmrrscores,
1007 4635 1067 4676 err·

270 4725 384 4780 sacros,
400 4725 534 4779 mnrus,
550 4724 657 4766 cnenuu
672 4725 707 4764 rr
722 4724 848 4766 rorunuu
865 4723 982 4778 ειιιιιι,
998 4725 1065 4766 ean-

271 4794 364 4859 u'uus
378 4817 412 4858 er
426 4813 564 4858 navium.

556 4892 653 4957 (Anno
673 4887 748 4960 962).

237 4993 280 5054 ot
296 4994 402 5051 Ottcne
414 4997 433 5050 I
445 4997 626 5066 imperatore
645 5001 769 5069 topatus
790 4995 924 5053 decernit
947 5000 981 5052 ut
1002 5011 1065 5053 mo-

269 5083 435 5142 nasterium
447 5083 703 5158 Mandeturqense
723 5087 755 5142 in
768 5085 1063 5156 archiepiscopatum

271 5180 300 5233 et
310 5174 593 5248 Merseturqenseia
607 5178 809 5248 episcopatum
823 5175 1064 5249 Mandeturccc·

1119 3125 1252 3182 versutia
1266 3124 1482 3182 dominaretur.
1499 3125 1545 3182 Ad
1557 3126 1637 3184 hanc
1657 3127 1759 3200 itaque
1773 3127 1951 3199 petitionem

1120 3229 1295 3285 ascensum,
1311 3213 1417 3270 iratres
1431 3214 1608 3284 charissimi,
1629 3214 1734 3272 marito
1747 3215 1949 3288 praebuimus.

1120 3304 1199 3360 Totis
1216 3319 1290 3375 ergo
1307 3304 1447 3362 medullis
1462 3303 1573 3374 cordis,
1597 3310 1687 3378 prout
1707 3304 1839 3375 dignum
1853 3311 1910 3375 est,
1925 3312 1955 3363 ut

1120 3393 1240 3450 novelle
1265 3393 1330 3450 haec
1352 3393 1498 3468 plantatio
1514 3410 1605 3468 super
1620 3393 1760 3452 verticem
1781 3397 1899 3454 montis
1926 3396 1954 3452 in

1120 3487 1215 3556 petra,
1231 3499 1299 3556 quae
1329 3483 1462 3541 Christus
1476 3487 1530 3556 est,
1557 3483 1710 3552 tundetur,
1736 3484 1952 3542 intendamus:

1121 3571 1206 3628 dabit
1226 3572 1302 3630 vires
1318 3573 1370 3646 qui
1398 3573 1551 3630 neminem
1574 3573 1637 3631 vult
1659 3574 1767 3648 perire.
1792 3575 1887 3646 Cujus
1900 3591 1954 3634 an·

1120 3665 1231 3716 nuente
1245 3660 1403 3718 clementia
1417 3661 1571 3733 volumus,
1587 3667 1616 3719 ct
1637 3678 1691 3736 per
1706 3664 1786 3720 hanc
1799 3663 1948 3736 privilegii

1121 3749 1265 3823 peginam
1280 3749 1433 3822 jubemus,
1459 3755 1492 3808 ut
1519 3751 1777 3824 llagdahurgense
1799 3756 1951 3809 monaste-

1120 3855 1200 3896 rrum
1215 3839 1246 3896 in
1260 3843 1519 3910 regnosaxonum
1530 3842 1617 3913 Juxta
1624 3841 1724 3902 Albim
1734 3845 1952 3910 constructum,

1121 3928 1205 4002 quod
1228 3929 1399 4001 puelibatus
1424 3930 1632 3987 sanctissimus
1652 3930 1818 4004 imperator
1841 3930 1883 3988 cb
1905 3947 1955 3988 ne

1121 4033 1192 4075 vam
1216 4017 1464 4076 christianitatem
1488 4020 1663 4092 construxit,
1687 4020 1761 4094 quia
1773 4020 1906 4077 vicinius
1926 4020 1954 4076 id

1121 4108 1258 4166 locorum
1273 4107 1413 4179 gentibus
1429 4113 1483 4180 est,
1493 4109 1525 4166 iu
1546 4109 1837 4184 archiepiscopalem
1857 4115 1954 4167 trans·

1122 4196 1234 4254 teratur
1249 4195 1362 4265 aedem,
1376 4213 1445 4270 quae
1461 4213 1516 4272 per
1530 4197 1667 4256 subditos
1682 4197 1896 4270 suffraganeos
1911 4205 1953 4256 to·

1122 4289 1186 4342 tum
1198 4285 1251 4344 liei
1263 4300 1385 4356 gregem
1395 4301 1500 4358 regere
1516 4291 1545 4344 et
1558 4287 1728 4359 gubernare
1742 4287 1855 4346 valeat
1867 4287 1954 4344 Volu-

1122 4392 1191 4432 mus
1203 4379 1232 4431 et
1256 4375 1403 4448 perhanc
1417 4376 1563 4450 privilegii
1583 4377 1728 4450 paginam
1748 4376 1907 4449 jubemus,
1921 4381 1952 4433 ut

1120 4465 1348 4536 hamburgense
1360 4466 1587 4533 monasterium,
1602 4465 1686 4540 quod
1706 4466 1773 4540 ipse
1796 4466 1949 4540 piissimus

1120 4555 1293 4634 imperator,
1315 4555 1387 4628 quia
1409 4557 1524 4628 Ungros
1541 4556 1711 4630 prostravit,
1732 4556 1868 4614 intimum
1888 4557 1950 4612 lieo

1119 4645 1251 4718 devovit,
1265 4645 1297 4701 in
1309 4643 1512 4720 episcopalem
1522 4647 1666 4704 evehatur
1676 4645 1791 4714 sedem,
1806 4662 1875 4720 qua
1888 4645 1952 4702 Ma-

1120 4735 1342 4807 gedaburgensi
1356 4735 1393 4792 sit
1403 4735 1521 4792 subdita
1539 4736 1603 4793 sedi
1615 4754 1622 4807 ;
1636 4736 1710 4810 qma
1724 4740 1768 4792 tot
1778 4741 1884 4806 gentes
1896 4735 1952 4792 suh

1121 4839 1182 4880 uno
1193 4827 1312 4897 pastore
1322 4823 1386 4894 regi
1396 4823 1520 4881 minime
1535 4828 1672 4896 possunt.
1685 4823 1831 4880 Volumus
1848 4827 1879 4880 et
1900 4837 1955 4896 per

1120 4917 1230 4970 nostra
1244 4913 1426 4969 auctoritatis
1442 4913 1633 4987 privilegium
1645 4928 1814 4976 censemus,
1834 4917 1868 4969 ut
1882 4929 1955 4970 cen·

1120 5017 1198 5070 sum,
1218 5003 1249 5056 et
1275 4999 1508 5059 decimationem
1535 5001 1675 5059 omnium
1700 5001 1849 5072 gendum,
1874 5016 1955 5074 quas

1119 5087 1199 5146 idem
1214 5087 1369 5162 piissimus
1382 5089 1547 5165 imperator
1561 5090 1735 5166 baptizarit,
1751 5089 1798 5148 vel
1811 5105 1867 5166 per
1882 5105 1955 5146 enm

1120 5193 1270 5252 suumque
1288 5177 1385 5237 lilium
1412 5180 1600 5256 mqmvonum
1620 5195 1724 5252 regern
1742 5183 1955 5238 successores-

270 5266 310 5322 st's
323 5266 460 5323 nechea
470 5265 697 5338 suffraqaaeum
712 5272 919 5324 commutetur.

1119 5285 1178 5344 que
1197 5285 1303 5326 eorum
1317 5273 1377 5333 lieo
1402 5276 1553 5348 meante
1579 5269 1770 5346 baptizandae
1785 5275 1867 5340 sunt,
1896 5269 1956 5345 ipsi

316 5353 414 5426 [Apud
434 5353 542 5412 llabill.
557 5353 635 5411 Acta
648 5353 715 5426 SS.,
731 5356 803 5412 Saea.
816 5357 849 5426 V,
862 5372 893 5429 p.
910 5348 982 5430 575‘1.

1119 5374 1369 5434 successoresque
1384 5376 1488 5420 eorum
1501 5364 1683 5440 potestatem
1696 5360 1833 5418 habeant
1849 5358 1954 5416 distri·

271 5443 392 5500 toiuues
414 5443 583 5519 episcopus,
610 5460 714 5502 servus
738 5459 894 5502 servorum
908 5443 969 5513 Dei,
985 5459 1065 5500 reve·
1118 5447 1242 5518 buendi,
1264 5447 1414 5506 subdendi
1427 5443 1702 5521 magedeburgensi,
1720 5449 1951 5522 hamburgensi,
2042 5509 2043 5513 ,

237 5528 410 5588 rentissimis
426 5533 888 5610 confratribus,archiepiscopis,
904 5531 1062 5607 episcopis,
1118 5535 1283 5610 valentque
1298 5537 1390 5597 velint
1405 5539 1511 5597 futurae
1527 5539 1599 5597 sedi.
1612 5539 1756 5598 Volumus
1771 5539 1953 5608 etiameha-

237 5617 411 5689 nbbatibus,
436 5623 603 5693 monachis,
628 5624 819 5697 primatibus,
843 5621 928 5682 omni
941 5621 1021 5679 clero
1035 5625 1065 5680 et
1118 5623 1228 5682 nissimi
1242 5624 1358 5702 habes,
1371 5631 1400 5686 et
1415 5645 1453 5687 ex
1471 5629 1553 5688 beati
1566 5630 1642 5688 Petri
1667 5629 1799 5705 apostoli
1811 5629 1955 5703 jussione
