4106 6148
117 99 166 155 cor
372 77 374 81 ’
738 91 914 150 nnsronn
933 91 1203 149 gleannean.
1773 99 1827 157 902

118 217 423 278 Arulenorenerabili
435 215 719 275 abbattmcnasterli
730 215 942 284 cluniacensis,
963 217 987 272 tt
1001 213 1110 284 siderii,
1118 215 1343 289 ambariacum,
1351 221 1380 274 et
1390 219 1580 276 saviniacum
1592 217 1726 292 alodum,
1735 237 1827 294 quem

120 305 416 366 aediiicctiinhonore
431 306 586 362 beatorum
602 303 821 376 aspostolorum
834 301 908 357 Petri
919 303 947 354 et
1002 304 1203 374 Engelbaldus
1227 306 1322 370 dedit,
1338 312 1366 364 11
1389 308 1512 365 alodum
1536 327 1627 384 quem
1643 309 1762 378 Waldo,
1776 329 1828 368 ve·

121 397 200 455 Pauli
217 395 263 453 siti
274 396 305 453 in
320 411 400 470 pago
414 393 627 461 Matisconensi,
644 395 672 449 11
684 409 737 466 per
752 395 779 450 11
795 392 824 447 in
840 389 946 448 eodem
1001 393 1086 451 niens
1101 389 1140 450 ad
1155 393 1394 466 conversionem,
1411 395 1502 454 dedit.
1521 386 1659 456 Similiter
1680 399 1829 457 111111111-

119 485 312 554 monasterio,
329 485 448 558 tuisque
463 481 686 540 successoribus
701 481 731 537 in
757 484 945 556 perpetuum.
1001 481 1089 548 riam,
1106 487 1133 538 ct
1146 483 1303 541 ecclesiam
1314 487 1341 542 S.
1360 484 1491 556 abundi,
1505 503 1598 560 quam
1614 488 1751 546 artaldus
1767 505 1830 546 mo·

158 575 304 632 Convenit
320 573 484 648 apostolico
499 571 699 628 moderamini
713 569 861 626 benevola
871 585 948 624 com·
1001 571 1081 628 riens
1098 572 1137 628 ad
1149 573 1324 648 pradictum
1339 574 1457 652 reliquit
1468 575 1649 633 coenobium.
1667 577 1830 636 Ecclesiam

119 664 261 738 passione
272 663 320 736 pie
331 662 520 736 poscentium
532 661 609 717 rotis
625 676 806 729 succurrere,
817 663 844 715 et
858 657 949 714 alacri
1003 661 1097 720 sancti
1113 662 1273 732 Saturnini,
1290 679 1359 720 cum
1373 663 1457 720 omni
1468 663 1568 731 alodo,
1580 681 1671 746 quem
1687 667 1829 725 Geraldus

119 751 278 808 devotione
306 751 352 806 his
375 750 510 824 prebere
532 766 703 808 assensum.
727 752 767 805 Ex
787 749 845 804 hoc
868 747 948 802 enim
1002 749 1230 828 archiepicopus
1253 751 1335 808 dedit
1358 753 1501 828 predicto
1523 753 1672 810 coenobio.
1700 758 1734 812 Et
1758 757 1831 829 quia

118 839 309 912 potissimum
332 839 494 912 praemium
513 853 531 895 a
552 839 705 895 conditore
736 836 874 894 omnium
889 837 949 890 Deo
1003 841 1077 898 ordo
1099 843 1284 900 monasticus
1312 859 1463 906 summam
1491 843 1640 902 desiderat
1657 845 1830 904 immunita·

120 927 370 1001 promerebimur.
387 928 477 999 Igitur
504 927 576 1002 quia
598 928 714 1002 petistis
728 943 746 984 a
758 926 856 996 nohis,
873 941 949 998 qua·
1003 935 1082 987 tem:
1098 931 1137 988 ita
1152 931 1238 988 vobis
1252 931 1457 1002 concedimus,
1470 932 1545 988 sicut
1557 931 1630 988 locis
1645 931 1830 988 sanctisnbl-

118 1021 208 1073 tenus
222 1017 440 1074 monasterinm
455 1017 632 1091 praedictum
648 1017 677 1073 in
690 1017 741 1073 illo
757 1021 834 1072 statu
858 1028 951 1088 quoa
1003 1035 1062 1096 que
1077 1021 1242 1076 reverentia
1267 1020 1402 1094 debetur,
1419 1023 1451 1076 ut
1472 1019 1573 1076 nullus
1591 1025 1690 1078 vestra
1705 1020 1831 1078 munici-

121 1105 276 1166 Guillelmo
286 1105 362 1163 duce
374 1123 427 1180 per
437 1111 786 1164 testamentum·manere
797 1106 950 1162 decretum
1003 1107 1063 1182 pia,
1080 1111 1131 1166 aut
1145 1124 1193 1164 res
1207 1107 1364 1186 quaslibet,
1375 1108 1437 1165 sine
1452 1113 1551 1165 vestro
1566 1109 1704 1166 consultu
1715 1109 1832 1165 distrin-

120 1200 174 1266 est,
194 1201 297 1252 nostra
321 1196 486 1272 apostolica
510 1196 682 1254 auctoritate
710 1195 949 1265 decerneremus,
1001 1185 1083 1266 gere,
1100 1195 1673 1272 11111111111111111111111111.
1690 1200 1777 1266 Sanc,
1792 1199 1832 1254 ad

121 1287 232 1341 sanctae
246 1287 401 1356 Romame,
417 1285 464 1340 cui
479 1287 538 1340 ileo
554 1288 675 1342 auctore
689 1283 886 1350 deservimus,
900 1284 952 1337 Ec·
1004 1285 1292 1356 recognoscendum,
1326 1285 1409 1359 quod
1443 1285 1621 1366 praedictum
1659 1285 1831 1342 coenobium

120 1374 216 1431 clesiae
231 1373 401 1446 subjectum
412 1390 476 1430 esse
491 1373 643 1430 :inclinati
657 1373 797 1448 precibus
812 1371 881 1438 tuis,
897 1369 951 1427 tihi
1004 1377 1115 1429 sanctre
1130 1374 1301 1446 apostolice
1317 1374 1392 1442 sedi,
1407 1373 1446 1431 ad
1461 1373 1618 1449 tpendum,
1630 1377 1719 1454 atque
1732 1373 1832 1430 loven-

121 1463 160 1521 ad
171 1462 341 1534 regendum
357 1463 563 1522 concedimus.
576 1465 679 1538 ltaque
695 1464 733 1519 sit
745 1460 819 1518 illud
831 1476 951 1517 monas·
1005 1461 1078 1518 dum
1091 1462 1247 1534 pertineat,
1260 1463 1368 1520 dentur
1378 1479 1432 1539 per
1445 1463 1684 1540 quinquennium
1699 1479 1718 1519 x
1734 1461 1830 1524 solidi.

119 1555 228 1611 terium
244 1571 314 1610 cum
325 1554 467 1611 omnibus
483 1553 584 1622 rebus,
599 1553 647 1609 rel
662 1569 739 1626 quas
751 1568 832 1608 nnnc
846 1549 948 1618 habet,
970 1550 1032 1631 BSi
1046 1549 1113 1624 quis
1129 1555 1230 1607 cirtem
1246 1557 1348 1608 contra
1359 1553 1438 1608 hanc
1454 1552 1684 1609 saluberrimam
1697 1557 1832 1615 nostram

121 1643 168 1699 vel
182 1659 250 1717 qnae
277 1643 418 1718 deinceps
441 1643 482 1699 ibi
506 1643 621 1700 traditae
644 1641 763 1710 inerint,
788 1640 950 1696 liberuma
1005 1640 1247 1701 constitutionem
1271 1641 1436 1701 resistendo
1466 1642 1566 1698 venire
1594 1643 1758 1724 tentaverit,
1781 1647 1834 1698 aut

122 1731 281 1789 dominatu
302 1734 511 1805 cujuscunque
538 1732 618 1802 regis
641 1735 693 1790 aut
719 1728 862 1806 episcopi,
889 1728 951 1782 sive
1005 1729 1119 1803 aliquid
1134 1731 1245 1792 horum
1261 1747 1453 1806 eorrumpere
1474 1735 1599 1792 conatus
1622 1731 1666 1798 sit,
1684 1736 1712 1788 et
1729 1732 1834 1788 omnia

122 1822 250 1890 comitis,
264 1826 315 1878 aut
330 1821 489 1892 cujuslibet
504 1837 540 1877 ex
552 1819 730 1896 propinquis
751 1819 847 1893 ipsius
870 1817 950 1872 auti·
1005 1835 1074 1894 quoe
1085 1821 1117 1876 iu
1130 1822 1188 1877 hoc
1203 1821 1357 1894 privilegio
1373 1823 1526 1878 sancimus
1543 1837 1603 1878 non
1619 1821 1832 1902 observaverit

119 1911 201 1968 lemi.
219 1911 321 1968 1111111
332 1911 554 1970 ibidemcontra
580 1909 763 1966 voluntatem
786 1907 950 1966 monacho·
1006 1909 1079 1966 sciat
1091 1926 1122 1965 se
1138 1909 1195 1966 sub
1210 1910 1303 1966 divini
1315 1909 1420 1982 judicii
1438 1910 1645 1980 obtestatione,
1657 1911 1833 1968 anathema-

121 2017 191 2056 rum
211 1999 370 2074 praelatum
386 1999 427 2056 eis
442 2003 511 2074 post
533 2003 621 2058 tuum
635 1997 795 2055 decessum
811 1997 951 2054 ordinare
1005 1999 1042 2054 tis
1057 1997 1177 2055 vinculo
1192 1999 1379 2071 eternaliter,
1390 1999 1447 2055 nisi
1463 1999 1629 2072 resipuerit,
1642 1999 1832 2070 innodatum,

12 2121 22 2131 -
122 2093 307 2163 praesumat:
325 2089 378 2145 sed
389 2089 524 2145 habeant
543 2088 670 2148 liberam
690 2087 872 2158 facultatem,
889 2086 951 2142 sine
1004 2091 1171 2158 etaregno
1188 2087 1237 2144 ilci
1252 2088 1457 2160 alienandum,
1483 2094 1513 2145 et
1531 2105 1604 2145 cnm
1620 2088 1742 2145 diabolo
1769 2089 1833 2145 sine

123 2179 283 2250 cujuslibet
296 2177 439 2254 principis
455 2178 604 2250 consultu,
621 2191 835 2254 quemcunque
849 2192 953 2235 secun·
1005 2177 1065 2234 tine
1078 2177 1295 2234 cruciandium.
1313 2179 1368 2244 Qui
1382 2195 1452 2234 vcro
1465 2183 1575 2239 nostrae
1590 2178 1685 2250 ¹hujus
1700 2177 1834 2234 saluber·

124 2267 198 2324 dum
218 2267 353 2336 regulam
368 2267 462 2324 sancti
470 2267 619 2324 Benedicti
631 2267 787 2338 voluerint,
803 2265 861 2324 sibi
875 2263 953 2321 ordi·
1006 2267 1090 2323 rimae
1113 2265 1275 2323 sanctionis
1295 2272 1394 2324 custos
1415 2272 1446 2323 et
1466 2267 1641 2324 observator
1665 2267 1801 2336 extiterit,
1817 2283 1835 2323 a

123 2371 213 2424 nare;
228 2355 285 2412 nisi
302 2355 388 2424 torte,
403 2355 486 2430 quod
508 2355 595 2424 absit,
612 2371 773 2430 personam
800 2354 863 2412 suis
875 2353 952 2409 vitiis
1006 2357 1121 2420 Christe
1135 2356 1264 2418 Domino
1282 2356 1534 2422 benedictionem,
1547 2361 1606 2422 eta
1621 2356 1730 2422 senode
1745 2372 1834 2429 apos-

124 2444 360 2501 consentientem
384 2443 491 2516 eligere
516 2443 685 2502 maluerint.
700 2445 763 2502 'Hoc
779 2444 952 2518 quictmque
1005 2445 1643 2519 totismundijudicibusabsolutionemhic
1654 2446 1722 2506 etin
1735 2445 1835 2504 tuturo

124 2533 259 2602 voluerit,
274 2549 343 2590 cum
365 2534 416 2590 Dei
438 2533 500 2590 zelo
523 2533 691 2608 prohibeat.
708 2534 843 2590 Decimae
869 2547 950 2598 vem,
1007 2534 1152 2608 consequi
1166 2539 1326 2592 mercatur.

126 2639 194 2700 quae
208 2621 279 2679 olim
294 2623 334 2680 ad
347 2627 461 2680 vestras
476 2623 608 2696 capellas
627 2623 844 2698 pertinuerunt,
858 2627 886 2677 et
899 2637 953 2694 per
1044 2625 1192 2698 Scriptum
1211 2641 1267 2704 per
1295 2641 1404 2682 manus
1428 2623 1532 2683 Leonis
1564 2624 1670 2680 notarii
1695 2624 1787 2694 regis,
1808 2627 1837 2680 et

124 2711 304 2768 modernam
326 2712 414 2784 quasi
433 2711 651 2782 auctoritatem,
675 2711 736 2768 sive
758 2709 953 2777 Ticentiam,a
1009 2714 1152 2772 scriniarii
1187 2721 1298 2772 sanctae
1332 2717 1474 2776 Romanae
1497 2715 1646 2784 Ecclesire,
1672 2715 1703 2772 in
1731 2729 1836 2782 mense

124 2799 261 2874 quolibet
274 2799 416 2874 episcopo
433 2799 601 2856 substracta
617 2803 697 2872 sunt,
713 2799 800 2858 vobis
819 2817 855 2855 ex
880 2799 952 2854 inte·
1007 2805 1089 2860 llart.
1100 2819 1155 2877 per
1169 2803 1362 2860 indictionem
1379 2820 1430 2858 vu.

124 2905 180 2960 gro
204 2887 396 2944 restituimus
421 2889 555 2964 capellas
577 2893 688 2960 autem,
706 2889 730 2944 si
755 2889 862 2966 aliquae
888 2887 952 2960 jam
974 2930 994 2986 C
1407 2913 1437 2974 p·

123 2979 223 3044 factae,
238 2977 438 3034 veliaciendae
451 2977 525 3034 inibi
541 2977 607 3044 sint,
622 2977 663 3034 ita
675 2994 797 3034 manere
816 2975 953 3033 concedi·
1009 3033 1127 3074 mmm
1148 3033 1228 3076 PM
1247 3033 1267 3074 u
1282 3031 1418 3076 mmm
1442 3032 1480 3076 AD
1504 3031 1674 3078 mmmm
1697 3033 1826 3078 mm

126 3083 205 3135 mua,
222 3071 256 3123 ut
269 3067 373 3123 vestris
394 3065 526 3122 ecclesiis
543 3067 620 3124 nihil
639 3083 675 3124 ex
690 3067 814 3124 decimis
838 3067 955 3128 minua-
1461 3127 1473 3144 μ
1828 3059 1835 3072 ’

124 3159 265 3214 11111111
287 3172 358 3213 vero
380 3156 461 3230 quod
483 3157 608 3214 dilectus
629 3157 709 3213 tilius
729 3161 832 3212 noster
857 3159 955 3214 Bruno
1327 3123 1517 3195 (ΜΘΝ)

127 3247 289 3320 episcopus
312 3245 349 3302 dc
368 3245 518 3320 predictis
542 3246 663 3322 capellis
686 3245 774 3302 robis
796 3245 953 3314 concessit,
1009 3231 1173 3300 Ummidia!
1195 3231 1371 3314 iffllfflii'tim
1389 3229 1510 3314 ,01101111
1531 3229 1636 3314 main?
1658 3229 1690 3285 ta
1711 3231 1837 3286 malma

129 3341 229 3392 ratum
254 3339 283 3392 et
296 3335 418 3392 tirmum
431 3351 495 3392 esse
519 3335 704 3392 decrevimus
719 3335 749 3392 in
764 3339 954 3412 perpetuum.
1208 3305 1406 3357 'mmmm
1419 3300 1451 3356 ⁸·
1467 3300 1636 3418 ‘ww'

128 3427 280 3490 Praeterea,
298 3424 447 3500 quidquid
462 3441 498 3482 ex
513 3425 618 3494 vineis,
632 3426 680 3482 vel
704 3425 826 3482 culturis
843 3424 882 3482 ad
894 3441 957 3482 ves·
1100 3407 1199 3481 [apud
1212 3407 1382 3478 HOthflim,
1395 3408 1474 3464 ΗΜ·
1495 3407 1621 3474 Timr„
1633 3409 1660 3472 ’1,
1675 3407 1749 3478 2941

127 3519 206 3572 tram
220 3520 336 3590 partem
346 3513 481 3587 pertinet,
494 3521 610 3589 partem
623 3531 745 3591 quoque
757 3515 953 3580 decimarum,
1045 3519 1203 3582 horreres,
1220 3529 1326 3570 servus
1342 3528 1495 3569 servorum
1522 3511 1582 3582 Dei,
1600 3512 1838 3569 reverentissimo

127 3604 166 3660 ad
181 3603 327 3676 hospitale
351 3609 485 3660 vestrum
511 3605 660 3682 pertinere
679 3604 841 3660 sancimus.
862 3602 957 3666 simul
1010 3602 1112 3662 abbati
1124 3606 1293 3674 Wrnmaruo,
1309 3601 1399 3660 totius
1415 3601 1567 3659 charitatis
1582 3601 1793 3660 exhibitionem
1807 3601 1839 3658 in

128 3691 206 3749 etde
228 3691 274 3750 his
288 3691 390 3762 rebus,
406 3709 484 3766 quas
508 3692 676 3768 percepturi
691 3693 770 3750 estis.
790 3695 850 3748 lioc
866 3693 956 3750 etiam
1010 3693 1137 3748 christo.
1913 3689 1915 3698 '

123 3779 213 3856 quod
225 3779 406 3848 heobaldus,
423 3781 461 3838 ad
482 3781 660 3853 praedictum
676 3781 893 3838 monasterium
908 3782 957 3838 de·
1046 3781 1170 3838 Nuntios
1185 3783 1292 3836 vestrae
1307 3779 1448 3836 almitatis
1458 3779 1498 3836 ad
1510 3795 1665 3856 sacrorum
1688 3775 1864 3855 apostolo-'

128 3867 257 3942 reliquit.
271 3867 364 3925 Simul
379 3872 408 3926 et
418 3867 491 3926 illud
508 3869 590 3941 quod
603 3869 748 3940 ltag'iona,
758 3869 804 3925 rel
819 3869 956 3928 alicubus
1011 3887 1079 3928 rum
1093 3869 1209 3938 limina,
1229 3869 1399 3945 pariterque
1422 3873 1558 3925 nostram
1580 3855 1778 3944 apostolicam
1794 3867 1840 3924 di-

127 3956 230 4026 rebus,
247 3972 315 4032 quae
330 3955 370 4013 ad
384 3955 415 4012 id
438 3957 654 4016 monasterium
676 3957 823 4031 pertinere
836 3957 955 4015 debent.
1012 3959 1156 4032 gnitatem
1171 3957 1311 4028 directos,
1331 3957 1466 4014 Asellum
1489 3955 1626 4013 videlicet
1648 3959 1738 4029 atque
1762 3957 1840 4014 Gun-

129 4045 352 4104 Confirmamus
366 4045 456 4102 etiam
477 4049 581 4103 nostra
605 4046 769 4120 apostolica
784 4047 957 4106 auctoritate
1013 4047 1226 4110 thariumcum
1243 4062 1357 4118 magna
1370 4045 1580 4103 benevolentia
1591 4045 1790 4120 suscepimus,
1805 4062 1841 4104 ac

129 4135 284 4192 abhatiam
301 4135 495 4195 carilocensis
508 4135 724 4210 coenobiique
740 4135 837 4193 eidem
851 4137 958 4194 collata
1012 4137 1133 4196 illorum
1145 4136 1326 4208 legationem
1341 4135 1482 4210 presenti
1506 4135 1590 4192 omni
1611 4139 1747 4193 Romano
1762 4135 1841 4197 clero

129 4228 174 4280 est
188 4224 385 4294 monasterio,
401 4223 538 4282 abbatias
561 4225 589 4281 S.
601 4223 738 4295 loannis,
764 4229 853 4298 atque
877 4224 957 4282 beati
1013 4227 1175 4286 clementer
1189 4225 1370 4284 audivimus.
1386 4225 1502 4284 Scimus
1526 4242 1605 4301 vero,
1621 4225 1693 4300 ipsis
1712 4225 1841 4284 releren-

126 4312 243 4370 ltartin'i
267 4311 413 4370 suburbio
439 4311 604 4370 lttatiscensi
617 4313 699 4377 sitas,
716 4311 911 4370 nihilominus
925 4314 957 4371 in
976 4284 998 4339 D
1014 4317 1103 4376 tibus,
1120 4333 1199 4392 saepe
1221 4333 1257 4372 ac
1281 4315 1412 4372 mrrltum
1426 4331 1481 4372 ros
1500 4319 1621 4374 vexatos
1636 4331 1654 4372 a
1668 4315 1841 4383 Ruotberto,

127 4407 309 4476 perpetuum
338 4406 474 4460 constare
501 4402 690 4462 decernimus
714 4401 754 4458 ad
781 4403 957 4478 praedictum
1010 4405 1154 4482 'quamvis
1168 4405 1200 4462 in
1212 4405 1269 4462 hoc
1284 4405 1419 4478 minime,
1435 4404 1466 4461 in
1482 4404 1546 4462 aliis
1562 4409 1663 4462 tamen
1678 4403 1842 4472 venerabili

126 4491 242 4564 locum,
258 4495 291 4548 ut
310 4491 410 4550 nullus
425 4491 586 4568 episcopus
599 4491 647 4550 vei
667 4509 779 4562 comes,
795 4491 842 4549 vel
856 4493 958 4568 aliqua
1013 4481 1251 4570 archiepiscope,
1265 4511 1300 4552 eo
1315 4495 1398 4570 quod
1412 4494 1498 4552 vobis
1512 4495 1843 4560 commissnmmonas-

128 4597 260 4655 persona
273 4581 346 4638 inibi
367 4582 505 4639 temerari
528 4597 606 4639 ausu
630 4581 799 4660 quidquam
819 4583 958 4642 ordinare
1013 4585 1121 4644 terium
1139 4584 1196 4642 sibi
1222 4585 1391 4642 commissa
1407 4583 1539 4640 ccclesiae
1554 4583 1642 4648 vellet
1656 4582 1785 4649 subdere
1798 4582 1842 4640 in-

128 4676 305 4745 praesumat,
322 4672 386 4728 sine
408 4671 547 4744 'jussione
571 4673 694 4730 rectoris
716 4674 781 4745 jam
805 4671 875 4730 dicti
890 4673 957 4730 loci.
1011 4674 1100 4748 juste,
1112 4674 1171 4730 nisi
1185 4689 1239 4730 vos
1253 4676 1405 4730 tuerentur
1417 4671 1487 4728 hinc
1498 4672 1614 4744 justum
1638 4670 1786 4743 judicium
1807 4687 1844 4728 ex

128 4761 267 4818 Similiter
283 4777 440 4818 censemus
464 4761 501 4818 de
524 4763 692 4822 celsanicas
717 4762 960 4821 clodomerem
1013 4763 1096 4834 regia
1118 4763 1262 4836 dignitate
1274 4760 1455 4820 serenissimi
1466 4759 1580 4820 ottonis
1595 4759 1757 4839 prolatum,
1773 4759 1843 4818 inde

39 4927 43 4932 Ι
128 4848 258 4917 comitis,
273 4865 365 4924 quem
378 4849 462 4906 'lilius
475 4855 576 4908 noster
588 4851 768 4928 Stephanus,
775 4851 861 4924 justa
874 4850 959 4908 lance
1015 4852 1125 4910 charte
1139 4851 1241 4913 daroli
1262 4851 1369 4926 Magni,
1385 4855 1475 4925 aitque
1498 4849 1627 4908 ahorum
1649 4851 1844 4924 antiquorum

129 4954 256 4998 causam
284 4939 472 5009 examinans,
489 4955 544 5013 pro
558 4941 696 4998 omnium
717 4940 850 5000 remedio
866 4939 961 5000 Chris·
1014 4957 1121 5012 regum
1134 4941 1165 4998 in
1174 4942 1275 4998 medio
1286 4941 1425 5000 recitate.
1438 4943 1514 5011 Ergo
1523 4940 1623 4998 omnis
1635 4939 1709 4998 ordo
1718 4937 1844 5000 Romani

128 5030 282 5086 tianornm
315 5027 475 5102 praelibato
509 5027 659 5098 delegavit
693 5028 775 5085 loco.
818 5033 961 5086 preterea
1015 5031 1095 5103 11111,
1112 5035 1264 5088 annuente
1278 5035 1383 5088 nostra
1398 5031 1563 5105 apostoliea
1576 5027 1844 5104 dignitatadecre-

127 5117 215 5176 villas
240 5133 347 5176 omnes
376 5133 444 5192 quae
466 5117 616 5192 pertinent
638 5117 678 5174 ad
694 5116 775 5174 idem
790 5118 960 5176 cenobium
1014 5122 1059 5180 rit
1081 5125 1115 5180 ut
1137 5137 1228 5195 super
1249 5119 1433 5180 monasterio
1456 5125 1565 5191 vestro,
1579 5119 1646 5178 dico
1670 5119 1771 5176 autem
1793 5113 1844 5174 iilo

129 5207 337 5279 cluniacense,
352 5207 499 5266 soliditate
513 5206 678 5281 apostolica
702 5207 890 5278 roboramus,
907 5210 960 5266 So·
1015 5211 1098 5286 quod
1113 5211 1145 5274 in
1159 5211 1255 5271 vicino
1269 5211 1660 5274 Trevirensiummurorum
1674 5205 1705 5262 in
1728 5203 1844 5264 bonore

127 5297 307 5356 lustriacum
329 5297 476 5368 videlicet,
503 5297 652 5367 caninias,
671 5297 884 5364 seneciacum,
907 5301 960 5358 Ar·
1014 5302 1045 5358 S.
1061 5299 1389 5370 ioannisevangelistae
1411 5297 1582 5364 fundatum,
1597 5292 1843 5350 sanctissanoto-

127 5387 302 5461 paghcnm,
318 5392 455 5443 sanctum
478 5387 633 5455 Victorem,
647 5391 676 5443 11
694 5386 853 5454 scociolas,
871 5389 960 5444 itaer·
1015 5405 1084 5445 rum
1099 5389 1306 5446 consessorum
1330 5386 1490 5450 Maximini,
1506 5382 1607 5454 agritii
1632 5385 1722 5456 atque
1744 5379 1845 5438 Nicetti

128 5477 334 5545 desemccnm,
351 5475 583 5544 habormacum,
600 5481 628 5532 et
650 5475 852 5546 Piscatoriam,
868 5491 961 5550 quam
1016 5477 1193 5553 corporibus
1207 5478 1350 5546 dicatum,
1368 5471 1537 5535 immobiles
1559 5473 1757 5546 remaneant
1780 5485 1845 5530 sen·

128 5567 221 5625 Osam
236 5569 363 5636 vocant3
378 5565 564 5636 Tosciaoum,
580 5571 609 5624 et
624 5565 782 5626 ecclesiam
797 5565 892 5627 sancti
906 5569 962 5624 De·
1015 5569 1115 5628 1111111
1134 5568 1167 5626 in
1188 5567 1298 5627 chartis
1318 5561 1504 5636 conscripta,
1521 5559 1636 5621 ottonis
1660 5559 1739 5633 regis
1768 5574 1845 5633 prae·
