<?xml version="1.0" encoding="UTF-8"?>
<!DOCTYPE html PUBLIC "-//W3C//DTD XHTML 1.0 Transitional//EN"
    "http://www.w3.org/TR/xhtml1/DTD/xhtml1-transitional.dtd">
<html xmlns="http://www.w3.org/1999/xhtml" xml:lang="en" lang="en">
 <head>
  <title>
</title>
<meta http-equiv="Content-Type" content="text/html;charset=utf-8" />
  <meta name='ocr-system' content='tesseract 3.04.00' />
  <meta name='ocr-capabilities' content='ocr_page ocr_carea ocr_par ocr_line ocrx_word'/>
</head>
<body>
  <div class='ocr_page' id='page_1' title='image "./patrologiaecurs107unkngoog/patrologiaecurs107unkngoog_0252.png"; bbox 0 0 4104 6162; ppageno 0'>
   <div class='ocr_carea' id='block_1_1' title="bbox 269 172 1988 243">
    <p class='ocr_par' dir='ltr' id='par_1_1' title="bbox 269 172 1988 243">
     <span class='ocr_line' id='line_1_1' title="bbox 269 172 1988 243; baseline -0.001 -3"><span class='ocrx_word' id='word_1_1' title='bbox 269 187 334 243; x_wconf 45' lang='lat' dir='ltr'><strong>,itu</strong></span> <span class='ocrx_word' id='word_1_2' title='bbox 796 178 825 235; x_wconf 80' lang='lat' dir='ltr'><strong>S.</strong></span> <span class='ocrx_word' id='word_1_3' title='bbox 846 176 976 236; x_wconf 76' lang='lat' dir='ltr'><strong>000le</strong></span> <span class='ocrx_word' id='word_1_4' title='bbox 994 172 1143 230; x_wconf 74' lang='lat' dir='ltr'><strong>erueris</strong></span> <span class='ocrx_word' id='word_1_5' title='bbox 1162 172 1411 240; x_wconf 68' lang='lat' dir='ltr'><strong>chuniacensis</strong></span> <span class='ocrx_word' id='word_1_6' title='bbox 1430 179 1465 234; x_wconf 92' lang='lat' dir='ltr'><strong>ll.</strong></span> <span class='ocrx_word' id='word_1_7' title='bbox 1933 182 1988 242; x_wconf 74' lang='lat' dir='ltr'><strong>tat</strong></span> 
     </span>
    </p>
   </div>
   <div class='ocr_carea' id='block_1_2' title="bbox 231 297 1996 5704">
    <p class='ocr_par' dir='ltr' id='par_1_2' title="bbox 268 297 1996 1887">
     <span class='ocr_line' id='line_1_2' title="bbox 317 297 1990 376; baseline 0.001 -16"><span class='ocrx_word' id='word_1_8' title='bbox 317 306 404 363; x_wconf 83' lang='lat' dir='ltr'><strong>vens.</strong></span> <span class='ocrx_word' id='word_1_9' title='bbox 419 307 446 361; x_wconf 79' lang='lat' dir='ltr'><strong>t.</strong></span> <span class='ocrx_word' id='word_1_10' title='bbox 463 303 534 372; x_wconf 83' lang='lat' dir='ltr'><strong>Quis</strong></span> <span class='ocrx_word' id='word_1_11' title='bbox 544 301 689 362; x_wconf 79' lang='lat' dir='ltr'><strong>revelabit</strong></span> <span class='ocrx_word' id='word_1_12' title='bbox 700 301 809 361; x_wconf 84' lang='lat' dir='ltr'><strong>faciem</strong></span> <span class='ocrx_word' id='word_1_13' title='bbox 837 299 1006 358; x_wconf 74' lang='lat' dir='ltr'><strong>eedummte&#39;</strong></span> <span class='ocrx_word' id='word_1_14' title='bbox 1018 298 1108 370; x_wconf 83' lang='lat' dir='ltr'><strong>ejrsi</strong></span> <span class='ocrx_word' id='word_1_15' title='bbox 1126 297 1363 372; x_wconf 85' lang='lat' dir='ltr'><strong>ltrsprohorum</strong></span> <span class='ocrx_word' id='word_1_16' title='bbox 1378 316 1448 358; x_wconf 86' lang='lat' dir='ltr'><strong>cum</strong></span> <span class='ocrx_word' id='word_1_17' title='bbox 1471 300 1509 358; x_wconf 88' lang='lat' dir='ltr'><strong>de</strong></span> <span class='ocrx_word' id='word_1_18' title='bbox 1523 300 1679 375; x_wconf 85' lang='lat' dir='ltr'><strong>iniquitate</strong></span> <span class='ocrx_word' id='word_1_19' title='bbox 1693 300 1860 376; x_wconf 88' lang='lat' dir='ltr'><strong>corripitur,</strong></span> <span class='ocrx_word' id='word_1_20' title='bbox 1881 303 1990 376; x_wconf 86' lang='lat' dir='ltr'><strong>quihus</strong></span> 
     </span>
     <span class='ocr_line' id='line_1_3' title="bbox 283 381 1994 464; baseline -0.001 -13"><span class='ocrx_word' id='word_1_21' title='bbox 283 392 442 460; x_wconf 89' lang='lat' dir='ltr'><strong>theudie,</strong></span> <span class='ocrx_word' id='word_1_22' title='bbox 455 381 968 464; x_wconf 74' lang='lat' dir='ltr'><strong>nisieg0,qniservorum&#39;meorum</strong></span> <span class='ocrx_word' id='word_1_23' title='bbox 984 385 1109 455; x_wconf 78' lang='lat' dir='ltr'><strong>gratiam</strong></span> <span class='ocrx_word' id='word_1_24' title='bbox 1164 385 1243 444; x_wconf 88' lang='lat' dir='ltr'><strong>valet</strong></span> <span class='ocrx_word' id='word_1_25' title='bbox 1265 388 1561 459; x_wconf 79' lang='lat' dir='ltr'><strong>tergiversationibus</strong></span> <span class='ocrx_word' id='word_1_26' title='bbox 1586 406 1618 447; x_wconf 91' lang='lat' dir='ltr'><strong>se</strong></span> <span class='ocrx_word' id='word_1_27' title='bbox 1646 404 1790 448; x_wconf 91' lang='lat' dir='ltr'><strong>excusare</strong></span> <span class='ocrx_word' id='word_1_28' title='bbox 1817 396 1953 460; x_wconf 88' lang='lat' dir='ltr'><strong>conatur,</strong></span> <span class='ocrx_word' id='word_1_29' title='bbox 1966 399 1994 450; x_wconf 87' lang='lat' dir='ltr'><strong>et</strong></span> 
     </span>
     <span class='ocr_line' id='line_1_4' title="bbox 281 475 1991 552; baseline -0.001 -14"><span class='ocrx_word' id='word_1_30' title='bbox 281 479 484 540; x_wconf 80' lang='lat' dir='ltr'><strong>subtilissimae</strong></span> <span class='ocrx_word' id='word_1_31' title='bbox 495 477 683 536; x_wconf 80' lang='lat' dir='ltr'><strong>discretionis</strong></span> <span class='ocrx_word' id='word_1_32' title='bbox 697 477 822 551; x_wconf 87' lang='lat' dir='ltr'><strong>inspiro,</strong></span> <span class='ocrx_word' id='word_1_33' title='bbox 834 481 879 548; x_wconf 86' lang='lat' dir='ltr'><strong>ut,</strong></span> <span class='ocrx_word' id='word_1_34' title='bbox 900 475 1031 538; x_wconf 69' lang='lat' dir='ltr'><strong>revelata</strong></span> <span class='ocrx_word' id='word_1_35' title='bbox 1046 489 1112 532; x_wconf 86' lang='lat' dir='ltr'><strong>me·</strong></span> <span class='ocrx_word' id='word_1_36' title='bbox 1163 475 1250 547; x_wconf 88' lang='lat' dir='ltr'><strong>quasi</strong></span> <span class='ocrx_word' id='word_1_37' title='bbox 1260 475 1413 549; x_wconf 90' lang='lat' dir='ltr'><strong>quasdam</strong></span> <span class='ocrx_word' id='word_1_38' title='bbox 1423 477 1605 536; x_wconf 83' lang='lat' dir='ltr'><strong>defensionis</strong></span> <span class='ocrx_word' id='word_1_39' title='bbox 1620 493 1682 534; x_wconf 83' lang='lat' dir='ltr'><strong>sues</strong></span> <span class='ocrx_word' id='word_1_40' title='bbox 1707 493 1852 551; x_wconf 86' lang='lat' dir='ltr'><strong>squamas</strong></span> <span class='ocrx_word' id='word_1_41' title='bbox 1881 479 1991 552; x_wconf 85' lang='lat' dir='ltr'><strong>objicit,</strong></span> 
     </span>
     <span class='ocr_line' id='line_1_5' title="bbox 278 562 1991 642; baseline -0.004 -12"><span class='ocrx_word' id='word_1_42' title='bbox 278 569 353 641; x_wconf 87' lang='lat' dir='ltr'><strong>litia,</strong></span> <span class='ocrx_word' id='word_1_43' title='bbox 367 568 475 628; x_wconf 87' lang='lat' dir='ltr'><strong>faciem</strong></span> <span class='ocrx_word' id='word_1_44' title='bbox 489 569 555 641; x_wconf 76' lang='lat' dir='ltr'><strong>eius</strong></span> <span class='ocrx_word' id='word_1_45' title='bbox 568 566 684 624; x_wconf 88' lang='lat' dir='ltr'><strong>nudam</strong></span> <span class='ocrx_word' id='word_1_46' title='bbox 712 566 842 635; x_wconf 88' lang='lat' dir='ltr'><strong>videant,</strong></span> <span class='ocrx_word' id='word_1_47' title='bbox 872 581 966 639; x_wconf 89' lang='lat' dir='ltr'><strong>quam</strong></span> <span class='ocrx_word' id='word_1_48' title='bbox 990 563 1040 632; x_wconf 86' lang='lat' dir='ltr'><strong>ille</strong></span> <span class='ocrx_word' id='word_1_49' title='bbox 1054 562 1111 622; x_wconf 86' lang='lat' dir='ltr'><strong>sub</strong></span> <span class='ocrx_word' id='word_1_50' title='bbox 1163 579 1202 621; x_wconf 92' lang='lat' dir='ltr'><strong>ne</strong></span> <span class='ocrx_word' id='word_1_51' title='bbox 1212 563 1346 636; x_wconf 88' lang='lat' dir='ltr'><strong>transfigi</strong></span> <span class='ocrx_word' id='word_1_52' title='bbox 1358 565 1467 637; x_wconf 86' lang='lat' dir='ltr'><strong>sagitta</strong></span> <span class='ocrx_word' id='word_1_53' title='bbox 1478 566 1611 624; x_wconf 77' lang='lat' dir='ltr'><strong>veniatis</strong></span> <span class='ocrx_word' id='word_1_54' title='bbox 1625 566 1731 641; x_wconf 80' lang='lat' dir='ltr'><strong>possit.</strong></span> <span class='ocrx_word' id='word_1_55' title='bbox 1747 567 1890 642; x_wconf 84' lang='lat' dir='ltr'><strong>Quisquis</strong></span> <span class='ocrx_word' id='word_1_56' title='bbox 1901 569 1991 638; x_wconf 88' lang='lat' dir='ltr'><strong>anim,</strong></span> 
     </span>
     <span class='ocr_line' id='line_1_6' title="bbox 278 651 1993 728; baseline -0.002 -10"><span class='ocrx_word' id='word_1_57' title='bbox 278 658 386 718; x_wconf 85' lang='lat' dir='ltr'><strong>babitu</strong></span> <span class='ocrx_word' id='word_1_58' title='bbox 400 657 565 718; x_wconf 76' lang='lat' dir='ltr'><strong>sanctitatis</strong></span> <span class='ocrx_word' id='word_1_59' title='bbox 583 655 738 714; x_wconf 86' lang='lat' dir='ltr'><strong>occultati</strong></span> <span class='ocrx_word' id='word_1_60' title='bbox 765 655 992 714; x_wconf 83' lang='lat' dir='ltr'><strong>helenierenim</strong></span> <span class='ocrx_word' id='word_1_61' title='bbox 1019 652 1111 714; x_wconf 82' lang='lat' dir='ltr'><strong>levia·</strong></span> <span class='ocrx_word' id='word_1_62' title='bbox 1163 651 1239 710; x_wconf 90' lang='lat' dir='ltr'><strong>dum</strong></span> <span class='ocrx_word' id='word_1_63' title='bbox 1253 653 1421 727; x_wconf 83' lang='lat' dir='ltr'><strong>corripitur,</strong></span> <span class='ocrx_word' id='word_1_64' title='bbox 1435 659 1595 728; x_wconf 89' lang='lat' dir='ltr'><strong>peecatum</strong></span> <span class='ocrx_word' id='word_1_65' title='bbox 1618 671 1709 712; x_wconf 88' lang='lat' dir='ltr'><strong>suum</strong></span> <span class='ocrx_word' id='word_1_66' title='bbox 1733 656 1832 728; x_wconf 85' lang='lat' dir='ltr'><strong>magis</strong></span> <span class='ocrx_word' id='word_1_67' title='bbox 1852 671 1993 715; x_wconf 88' lang='lat' dir='ltr'><strong>excusare</strong></span> 
     </span>
     <span class='ocr_line' id='line_1_7' title="bbox 280 740 1994 819; baseline -0.004 -11"><span class='ocrx_word' id='word_1_68' title='bbox 280 749 353 808; x_wconf 85' lang='lat' dir='ltr'><strong>than</strong></span> <span class='ocrx_word' id='word_1_69' title='bbox 366 747 423 806; x_wconf 91' lang='lat' dir='ltr'><strong>iste</strong></span> <span class='ocrx_word' id='word_1_70' title='bbox 436 747 525 806; x_wconf 91' lang='lat' dir='ltr'><strong>honis</strong></span> <span class='ocrx_word' id='word_1_71' title='bbox 536 745 694 817; x_wconf 90' lang='lat' dir='ltr'><strong>insidiens,</strong></span> <span class='ocrx_word' id='word_1_72' title='bbox 709 744 766 802; x_wconf 86' lang='lat' dir='ltr'><strong>suh</strong></span> <span class='ocrx_word' id='word_1_73' title='bbox 779 744 878 819; x_wconf 91' lang='lat' dir='ltr'><strong>specie</strong></span> <span class='ocrx_word' id='word_1_74' title='bbox 901 741 1065 802; x_wconf 69' lang='lat' dir='ltr'><strong>sanctiatis</strong></span> <span class='ocrx_word' id='word_1_75' title='bbox 1080 740 1112 797; x_wconf 93' lang='lat' dir='ltr'><strong>il·</strong></span> <span class='ocrx_word' id='word_1_76' title='bbox 1163 741 1277 814; x_wconf 89' lang='lat' dir='ltr'><strong>eppetit</strong></span> <span class='ocrx_word' id='word_1_77' title='bbox 1290 757 1384 815; x_wconf 89' lang='lat' dir='ltr'><strong>quam</strong></span> <span class='ocrx_word' id='word_1_78' title='bbox 1393 742 1513 815; x_wconf 89' lang='lat' dir='ltr'><strong>deflere,</strong></span> <span class='ocrx_word' id='word_1_79' title='bbox 1529 744 1619 817; x_wconf 88' lang='lat' dir='ltr'><strong>qnasi</strong></span> <span class='ocrx_word' id='word_1_80' title='bbox 1632 744 1770 818; x_wconf 84' lang='lat' dir='ltr'><strong>squamis</strong></span> <span class='ocrx_word' id='word_1_81' title='bbox 1792 745 1912 817; x_wconf 85' lang='lat' dir='ltr'><strong>tegitur,</strong></span> <span class='ocrx_word' id='word_1_82' title='bbox 1926 761 1994 804; x_wconf 90' lang='lat' dir='ltr'><strong>nea</strong></span> 
     </span>
     <span class='ocr_line' id='line_1_8' title="bbox 279 829 1993 909; baseline -0.002 -13"><span class='ocrx_word' id='word_1_83' title='bbox 279 837 367 908; x_wconf 91' lang='lat' dir='ltr'><strong>ludit,</strong></span> <span class='ocrx_word' id='word_1_84' title='bbox 382 842 416 896; x_wconf 89' lang='lat' dir='ltr'><strong>ut</strong></span> <span class='ocrx_word' id='word_1_85' title='bbox 430 835 511 894; x_wconf 87' lang='lat' dir='ltr'><strong>mala</strong></span> <span class='ocrx_word' id='word_1_86' title='bbox 520 851 588 909; x_wconf 87' lang='lat' dir='ltr'><strong>quse</strong></span> <span class='ocrx_word' id='word_1_87' title='bbox 603 834 645 892; x_wconf 89' lang='lat' dir='ltr'><strong>eis</strong></span> <span class='ocrx_word' id='word_1_88' title='bbox 659 833 779 907; x_wconf 87' lang='lat' dir='ltr'><strong>publice</strong></span> <span class='ocrx_word' id='word_1_89' title='bbox 806 847 868 890; x_wconf 87' lang='lat' dir='ltr'><strong>non</strong></span> <span class='ocrx_word' id='word_1_90' title='bbox 891 831 970 890; x_wconf 85' lang='lat' dir='ltr'><strong>valet</strong></span> <span class='ocrx_word' id='word_1_91' title='bbox 993 830 1111 900; x_wconf 87' lang='lat' dir='ltr'><strong>inferre,</strong></span> <span class='ocrx_word' id='word_1_92' title='bbox 1164 829 1275 886; x_wconf 86' lang='lat' dir='ltr'><strong>sanetis</strong></span> <span class='ocrx_word' id='word_1_93' title='bbox 1289 831 1537 904; x_wconf 69' lang='lat' dir='ltr'><strong>predicatoribus</strong></span> <span class='ocrx_word' id='word_1_94' title='bbox 1551 832 1653 904; x_wconf 90' lang='lat' dir='ltr'><strong>gladio</strong></span> <span class='ocrx_word' id='word_1_95' title='bbox 1665 833 1749 890; x_wconf 81' lang='lat' dir='ltr'><strong>verbi</strong></span> <span class='ocrx_word' id='word_1_96' title='bbox 1759 833 1920 906; x_wconf 82' lang='lat' dir='ltr'><strong>jaculetur.</strong></span> <span class='ocrx_word' id='word_1_97' title='bbox 1937 837 1993 892; x_wconf 88' lang='lat' dir='ltr'><strong>ilas</strong></span> 
     </span>
     <span class='ocr_line' id='line_1_9' title="bbox 280 917 1995 996; baseline -0.002 -12"><span class='ocrx_word' id='word_1_98' title='bbox 280 931 359 984; x_wconf 91' lang='lat' dir='ltr'><strong>tecto</strong></span> <span class='ocrx_word' id='word_1_99' title='bbox 371 927 460 984; x_wconf 77' lang='lat' dir='ltr'><strong>hona</strong></span> <span class='ocrx_word' id='word_1_100' title='bbox 474 924 600 982; x_wconf 89' lang='lat' dir='ltr'><strong>actionis</strong></span> <span class='ocrx_word' id='word_1_101' title='bbox 612 923 761 984; x_wconf 84' lang='lat' dir='ltr'><strong>velamine</strong></span> <span class='ocrx_word' id='word_1_102' title='bbox 774 921 1018 980; x_wconf 81' lang='lat' dir='ltr'><strong>subintromittat.</strong></span> <span class='ocrx_word' id='word_1_103' title='bbox 1029 919 1111 980; x_wconf 90' lang='lat' dir='ltr'><strong>Unde</strong></span> <span class='ocrx_word' id='word_1_104' title='bbox 1164 917 1373 978; x_wconf 77' lang='lat' dir='ltr'><strong>defensionum</strong></span> <span class='ocrx_word' id='word_1_105' title='bbox 1387 937 1512 978; x_wconf 89' lang='lat' dir='ltr'><strong>suarum</strong></span> <span class='ocrx_word' id='word_1_106' title='bbox 1527 938 1671 996; x_wconf 65' lang='lat' dir='ltr'><strong>maumas</strong></span> <span class='ocrx_word' id='word_1_107' title='bbox 1683 921 1785 980; x_wconf 89' lang='lat' dir='ltr'><strong>amisit</strong></span> <span class='ocrx_word' id='word_1_108' title='bbox 1797 921 1906 980; x_wconf 85' lang='lat' dir='ltr'><strong>Paulus</strong></span> <span class='ocrx_word' id='word_1_109' title='bbox 1921 923 1954 980; x_wconf 88' lang='lat' dir='ltr'><strong>in</strong></span> <span class='ocrx_word' id='word_1_110' title='bbox 1967 923 1995 980; x_wconf 78' lang='lat' dir='ltr'><strong>ii</strong></span> 
     </span>
     <span class='ocr_line' id='line_1_10' title="bbox 281 1006 1995 1087; baseline -0.004 -13"><span class='ocrx_word' id='word_1_111' title='bbox 281 1021 310 1074; x_wconf 91' lang='lat' dir='ltr'><strong>et</strong></span> <span class='ocrx_word' id='word_1_112' title='bbox 324 1016 461 1074; x_wconf 89' lang='lat' dir='ltr'><strong>membra</strong></span> <span class='ocrx_word' id='word_1_113' title='bbox 474 1015 538 1087; x_wconf 88' lang='lat' dir='ltr'><strong>ejus</strong></span> <span class='ocrx_word' id='word_1_114' title='bbox 553 1029 632 1087; x_wconf 87' lang='lat' dir='ltr'><strong>soepe</strong></span> <span class='ocrx_word' id='word_1_115' title='bbox 647 1028 717 1070; x_wconf 92' lang='lat' dir='ltr'><strong>cum</strong></span> <span class='ocrx_word' id='word_1_116' title='bbox 730 1016 833 1086; x_wconf 89' lang='lat' dir='ltr'><strong>aperte</strong></span> <span class='ocrx_word' id='word_1_117' title='bbox 847 1010 980 1084; x_wconf 87' lang='lat' dir='ltr'><strong>nequitia</strong></span> <span class='ocrx_word' id='word_1_118' title='bbox 1003 1023 1111 1066; x_wconf 90' lang='lat' dir='ltr'><strong>nocere</strong></span> <span class='ocrx_word' id='word_1_119' title='bbox 1163 1006 1370 1066; x_wconf 89' lang='lat' dir='ltr'><strong>luminatione.</strong></span> <span class='ocrx_word' id='word_1_120' title='bbox 1388 1009 1469 1068; x_wconf 88' lang='lat' dir='ltr'><strong>Sicut</strong></span> <span class='ocrx_word' id='word_1_121' title='bbox 1484 1010 1686 1084; x_wconf 88' lang='lat' dir='ltr'><strong>scriptumest</strong></span> <span class='ocrx_word' id='word_1_122' title='bbox 1700 1010 1738 1068; x_wconf 90' lang='lat' dir='ltr'><strong>de</strong></span> <span class='ocrx_word' id='word_1_123' title='bbox 1752 1027 1789 1068; x_wconf 92' lang='lat' dir='ltr'><strong>eo</strong></span> <span class='ocrx_word' id='word_1_124' title='bbox 1804 1028 1811 1068; x_wconf 77' lang='grc' dir='ltr'><strong>ι</strong></span> <span class='ocrx_word' id='word_1_125' title='bbox 1839 1033 1854 1063; x_wconf 74' lang='lat' dir='ltr'><strong>s</strong></span> <span class='ocrx_word' id='word_1_126' title='bbox 1872 1013 1906 1068; x_wconf 83' lang='lat' dir='ltr'><strong>tit</strong></span> <span class='ocrx_word' id='word_1_127' title='bbox 1918 1011 1995 1068; x_wconf 73' lang='lat' dir='ltr'><strong>ceri-</strong></span> 
     </span>
     <span class='ocr_line' id='line_1_11' title="bbox 269 1094 1994 1178; baseline 0 -20"><span class='ocrx_word' id='word_1_128' title='bbox 269 1122 344 1172; x_wconf 63' lang='lat' dir='ltr'><strong>,non</strong></span> <span class='ocrx_word' id='word_1_129' title='bbox 355 1108 490 1178; x_wconf 86' lang='lat' dir='ltr'><strong>possunt,</strong></span> <span class='ocrx_word' id='word_1_130' title='bbox 506 1104 594 1161; x_wconf 73' lang='lat' dir='ltr'><strong>bonae</strong></span> <span class='ocrx_word' id='word_1_131' title='bbox 604 1101 730 1160; x_wconf 89' lang='lat' dir='ltr'><strong>actionis</strong></span> <span class='ocrx_word' id='word_1_132' title='bbox 741 1101 878 1159; x_wconf 85' lang='lat' dir='ltr'><strong>habitum</strong></span> <span class='ocrx_word' id='word_1_133' title='bbox 894 1103 1028 1156; x_wconf 90' lang='lat' dir='ltr'><strong>sumunt.</strong></span> <span class='ocrx_word' id='word_1_134' title='bbox 1040 1097 1112 1154; x_wconf 87' lang='lat' dir='ltr'><strong>iiiuc</strong></span> <span class='ocrx_word' id='word_1_135' title='bbox 1164 1094 1274 1154; x_wconf 91' lang='lat' dir='ltr'><strong>derunt</strong></span> <span class='ocrx_word' id='word_1_136' title='bbox 1288 1097 1327 1154; x_wconf 90' lang='lat' dir='ltr'><strong>ab</strong></span> <span class='ocrx_word' id='word_1_137' title='bbox 1342 1097 1438 1157; x_wconf 90' lang='lat' dir='ltr'><strong>oculis</strong></span> <span class='ocrx_word' id='word_1_138' title='bbox 1450 1100 1517 1172; x_wconf 86' lang='lat' dir='ltr'><strong>ejus</strong></span> <span class='ocrx_word' id='word_1_139' title='bbox 1531 1103 1678 1174; x_wconf 88' lang='lat' dir='ltr'><strong>tanquam</strong></span> <span class='ocrx_word' id='word_1_140' title='bbox 1694 1115 1831 1174; x_wconf 75' lang='lat' dir='ltr'><strong>squama</strong></span> <span class='ocrx_word' id='word_1_141' title='bbox 1854 1101 1938 1169; x_wconf 76' lang='lat' dir='ltr'><strong>(Act.</strong></span> <span class='ocrx_word' id='word_1_142' title='bbox 1956 1117 1994 1168; x_wconf 86' lang='lat' dir='ltr'><strong>rx,</strong></span> 
     </span>
     <span class='ocr_line' id='line_1_12' title="bbox 268 1184 1995 1267; baseline -0.004 -14"><span class='ocrx_word' id='word_1_143' title='bbox 268 1194 362 1264; x_wconf 63' lang='lat' dir='ltr'><strong>,enim</strong></span> <span class='ocrx_word' id='word_1_144' title='bbox 376 1193 577 1267; x_wconf 88' lang='lat' dir='ltr'><strong>scriptumest</strong></span> <span class='ocrx_word' id='word_1_145' title='bbox 600 1209 608 1248; x_wconf 77' lang='grc' dir='ltr'><strong>ι</strong></span> <span class='ocrx_word' id='word_1_146' title='bbox 638 1211 654 1241; x_wconf 79' lang='grc' dir='ltr'><strong>ι</strong></span> <span class='ocrx_word' id='word_1_147' title='bbox 670 1191 736 1264; x_wconf 92' lang='lat' dir='ltr'><strong>lpse</strong></span> <span class='ocrx_word' id='word_1_148' title='bbox 752 1189 832 1247; x_wconf 92' lang='lat' dir='ltr'><strong>enim</strong></span> <span class='ocrx_word' id='word_1_149' title='bbox 853 1189 981 1246; x_wconf 70' lang='lat' dir='ltr'><strong>Semnus</strong></span> <span class='ocrx_word' id='word_1_150' title='bbox 994 1184 1113 1244; x_wconf 89' lang='lat' dir='ltr'><strong>transii·</strong></span> <span class='ocrx_word' id='word_1_151' title='bbox 1168 1185 1248 1242; x_wconf 68' lang='lat' dir='ltr'><strong>tsi.»</strong></span> <span class='ocrx_word' id='word_1_152' title='bbox 1263 1185 1315 1242; x_wconf 75' lang='lat' dir='ltr'><strong>Ha</strong></span> <span class='ocrx_word' id='word_1_153' title='bbox 1330 1203 1477 1261; x_wconf 81' lang='lat' dir='ltr'><strong>squamea,</strong></span> <span class='ocrx_word' id='word_1_154' title='bbox 1487 1187 1629 1262; x_wconf 83' lang='lat' dir='ltr'><strong>quamvis</strong></span> <span class='ocrx_word' id='word_1_155' title='bbox 1638 1203 1729 1246; x_wconf 88' lang='lat' dir='ltr'><strong>omne</strong></span> <span class='ocrx_word' id='word_1_156' title='bbox 1736 1203 1814 1262; x_wconf 86' lang='lat' dir='ltr'><strong>pene</strong></span> <span class='ocrx_word' id='word_1_157' title='bbox 1822 1188 1995 1246; x_wconf 86' lang='lat' dir='ltr'><strong>humanum</strong></span> 
     </span>
     <span class='ocr_line' id='line_1_13' title="bbox 280 1273 1996 1356; baseline -0.006 -12"><span class='ocrx_word' id='word_1_158' title='bbox 280 1287 368 1356; x_wconf 91' lang='lat' dir='ltr'><strong>gurat</strong></span> <span class='ocrx_word' id='word_1_159' title='bbox 380 1299 413 1340; x_wconf 89' lang='lat' dir='ltr'><strong>sa</strong></span> <span class='ocrx_word' id='word_1_160' title='bbox 424 1282 456 1340; x_wconf 93' lang='lat' dir='ltr'><strong>in</strong></span> <span class='ocrx_word' id='word_1_161' title='bbox 468 1280 613 1352; x_wconf 87' lang='lat' dir='ltr'><strong>angelum</strong></span> <span class='ocrx_word' id='word_1_162' title='bbox 631 1279 707 1338; x_wconf 89' lang='lat' dir='ltr'><strong>lueis</strong></span> <span class='ocrx_word' id='word_1_163' title='bbox 719 1279 766 1351; x_wconf 81' lang='grc' dir='ltr'><strong>Ι(ΙΙ</strong></span> <span class='ocrx_word' id='word_1_164' title='bbox 779 1279 849 1338; x_wconf 78' lang='lat' dir='ltr'><strong>Gor.</strong></span> <span class='ocrx_word' id='word_1_165' title='bbox 865 1293 904 1346; x_wconf 85' lang='grc' dir='ltr'><strong>ιι,</strong></span> <span class='ocrx_word' id='word_1_166' title='bbox 917 1277 972 1348; x_wconf 77' lang='grc' dir='ltr'>ιι).</span> <span class='ocrx_word' id='word_1_167' title='bbox 989 1299 1004 1327; x_wconf 73' lang='lat' dir='ltr'><strong>a</strong></span> <span class='ocrx_word' id='word_1_168' title='bbox 1035 1273 1113 1342; x_wconf 77' lang='lat' dir='ltr'><strong>Qirid</strong></span> <span class='ocrx_word' id='word_1_169' title='bbox 1165 1289 1260 1346; x_wconf 88' lang='lat' dir='ltr'><strong>genus</strong></span> <span class='ocrx_word' id='word_1_170' title='bbox 1275 1280 1446 1348; x_wconf 87' lang='lat' dir='ltr'><strong>contegant,</strong></span> <span class='ocrx_word' id='word_1_171' title='bbox 1461 1277 1695 1352; x_wconf 65' lang='lat' dir='ltr'><strong>hypocritarum</strong></span> <span class='ocrx_word' id='word_1_172' title='bbox 1705 1281 1806 1336; x_wconf 91' lang='lat' dir='ltr'><strong>tamen</strong></span> <span class='ocrx_word' id='word_1_173' title='bbox 1830 1277 1996 1352; x_wconf 82' lang='lat' dir='ltr'><strong>specialiter</strong></span> 
     </span>
     <span class='ocr_line' id='line_1_14' title="bbox 279 1363 1995 1445; baseline -0.004 -14"><span class='ocrx_word' id='word_1_174' title='bbox 279 1389 352 1445; x_wconf 89' lang='lat' dir='ltr'><strong>ergo</strong></span> <span class='ocrx_word' id='word_1_175' title='bbox 363 1371 474 1429; x_wconf 75' lang='lat' dir='ltr'><strong>muum</strong></span> <span class='ocrx_word' id='word_1_176' title='bbox 486 1369 511 1426; x_wconf 92' lang='lat' dir='ltr'><strong>si</strong></span> <span class='ocrx_word' id='word_1_177' title='bbox 525 1369 653 1426; x_wconf 89' lang='lat' dir='ltr'><strong>ministri</strong></span> <span class='ocrx_word' id='word_1_178' title='bbox 667 1368 732 1442; x_wconf 84' lang='lat' dir='ltr'><strong>ejus</strong></span> <span class='ocrx_word' id='word_1_179' title='bbox 753 1368 1004 1438; x_wconf 89' lang='lat' dir='ltr'><strong>transfigurantur</strong></span> <span class='ocrx_word' id='word_1_180' title='bbox 1031 1363 1113 1420; x_wconf 86' lang='lat' dir='ltr'><strong>velut</strong></span> <span class='ocrx_word' id='word_1_181' title='bbox 1164 1367 1194 1420; x_wconf 90' lang='grc' dir='ltr'><strong>ιι</strong></span> <span class='ocrx_word' id='word_1_182' title='bbox 1201 1363 1379 1424; x_wconf 87' lang='lat' dir='ltr'><strong>callidorum</strong></span> <span class='ocrx_word' id='word_1_183' title='bbox 1389 1365 1669 1424; x_wconf 86' lang='lat' dir='ltr'><strong>hominummentes</strong></span> <span class='ocrx_word' id='word_1_184' title='bbox 1680 1371 1831 1440; x_wconf 90' lang='lat' dir='ltr'><strong>premunt.</strong></span> <span class='ocrx_word' id='word_1_185' title='bbox 1843 1365 1905 1440; x_wconf 91' lang='lat' dir='ltr'><strong>ipsi</strong></span> <span class='ocrx_word' id='word_1_186' title='bbox 1917 1366 1995 1424; x_wconf 90' lang='lat' dir='ltr'><strong>enim</strong></span> 
     </span>
     <span class='ocr_line' id='line_1_15' title="bbox 277 1451 1994 1532; baseline -0.005 -12"><span class='ocrx_word' id='word_1_187' title='bbox 277 1459 408 1520; x_wconf 90' lang='lat' dir='ltr'><strong>ministri</strong></span> <span class='ocrx_word' id='word_1_188' title='bbox 420 1459 567 1532; x_wconf 75' lang='lat' dir='ltr'><strong>justitiae?</strong></span> <span class='ocrx_word' id='word_1_189' title='bbox 592 1456 730 1531; x_wconf 84' lang='lat' dir='ltr'><strong>Sequitur</strong></span> <span class='ocrx_word' id='word_1_190' title='bbox 757 1473 764 1512; x_wconf 92' lang='lat'><strong>:</strong></span> <span class='ocrx_word' id='word_1_191' title='bbox 795 1457 836 1512; x_wconf 83' lang='lat' dir='ltr'><strong>Et</strong></span> <span class='ocrx_word' id='word_1_192' title='bbox 850 1457 882 1512; x_wconf 83' lang='lat' dir='ltr'><strong>in</strong></span> <span class='ocrx_word' id='word_1_193' title='bbox 896 1455 1024 1511; x_wconf 82' lang='lat' dir='ltr'><strong>medium</strong></span> <span class='ocrx_word' id='word_1_194' title='bbox 1052 1453 1111 1509; x_wconf 72' lang='lat' dir='ltr'><strong>oris</strong></span> <span class='ocrx_word' id='word_1_195' title='bbox 1165 1451 1270 1522; x_wconf 88' lang='lat' dir='ltr'><strong>culpas</strong></span> <span class='ocrx_word' id='word_1_196' title='bbox 1283 1469 1353 1512; x_wconf 88' lang='lat' dir='ltr'><strong>suas</strong></span> <span class='ocrx_word' id='word_1_197' title='bbox 1368 1458 1452 1514; x_wconf 93' lang='lat' dir='ltr'><strong>tanto</strong></span> <span class='ocrx_word' id='word_1_198' title='bbox 1462 1454 1668 1512; x_wconf 88' lang='lat' dir='ltr'><strong>vehementius</strong></span> <span class='ocrx_word' id='word_1_199' title='bbox 1683 1455 1818 1512; x_wconf 85' lang='lat' dir='ltr'><strong>confiteri</strong></span> <span class='ocrx_word' id='word_1_200' title='bbox 1832 1454 1994 1526; x_wconf 88' lang='lat' dir='ltr'><strong>refugiunt,</strong></span> 
     </span>
     <span class='ocr_line' id='line_1_16' title="bbox 279 1541 1995 1623; baseline -0.005 -14"><span class='ocrx_word' id='word_1_201' title='bbox 279 1554 344 1623; x_wconf 74' lang='lat' dir='ltr'><strong>ejus</strong></span> <span class='ocrx_word' id='word_1_202' title='bbox 356 1551 423 1623; x_wconf 83' lang='lat' dir='ltr'><strong>quis</strong></span> <span class='ocrx_word' id='word_1_203' title='bbox 434 1550 560 1606; x_wconf 80' lang='lat' dir='ltr'><strong>intravit</strong></span> <span class='ocrx_word' id='word_1_204' title='bbox 573 1553 588 1603; x_wconf 77' lang='lat' dir='ltr'><strong>t</strong></span> <span class='ocrx_word' id='word_1_205' title='bbox 602 1577 635 1588; x_wconf 92' lang='lat'>-</span> <span class='ocrx_word' id='word_1_206' title='bbox 650 1544 810 1614; x_wconf 84' lang='lat' dir='ltr'><strong>subaudis,</strong></span> <span class='ocrx_word' id='word_1_207' title='bbox 838 1543 895 1600; x_wconf 89' lang='lat' dir='ltr'><strong>nisi</strong></span> <span class='ocrx_word' id='word_1_208' title='bbox 910 1559 976 1614; x_wconf 90' lang='lat' dir='ltr'><strong>ego,</strong></span> <span class='ocrx_word' id='word_1_209' title='bbox 991 1541 1043 1616; x_wconf 93' lang='lat' dir='ltr'><strong>qui</strong></span> <span class='ocrx_word' id='word_1_210' title='bbox 1058 1557 1112 1615; x_wconf 90' lang='lat' dir='ltr'><strong>per</strong></span> <span class='ocrx_word' id='word_1_211' title='bbox 1165 1546 1280 1614; x_wconf 90' lang='lat' dir='ltr'><strong>quanto</strong></span> <span class='ocrx_word' id='word_1_212' title='bbox 1294 1546 1323 1600; x_wconf 90' lang='lat' dir='ltr'><strong>et</strong></span> <span class='ocrx_word' id='word_1_213' title='bbox 1337 1542 1453 1600; x_wconf 89' lang='lat' dir='ltr'><strong>stultius</strong></span> <span class='ocrx_word' id='word_1_214' title='bbox 1467 1543 1562 1601; x_wconf 86' lang='lat' dir='ltr'><strong>videri</strong></span> <span class='ocrx_word' id='word_1_215' title='bbox 1578 1543 1617 1600; x_wconf 87' lang='lat' dir='ltr'><strong>ab</strong></span> <span class='ocrx_word' id='word_1_216' title='bbox 1632 1543 1807 1602; x_wconf 91' lang='lat' dir='ltr'><strong>hominibus</strong></span> <span class='ocrx_word' id='word_1_217' title='bbox 1822 1549 1995 1618; x_wconf 86' lang='lat' dir='ltr'><strong>peccatores</strong></span> 
     </span>
     <span class='ocr_line' id='line_1_17' title="bbox 278 1629 1995 1707; baseline -0.003 -11"><span class='ocrx_word' id='word_1_218' title='bbox 278 1643 408 1698; x_wconf 87' lang='lat' dir='ltr'><strong>secretas</strong></span> <span class='ocrx_word' id='word_1_219' title='bbox 421 1637 584 1694; x_wconf 88' lang='lat' dir='ltr'><strong>electorum</strong></span> <span class='ocrx_word' id='word_1_220' title='bbox 597 1639 712 1692; x_wconf 87' lang='lat' dir='ltr'><strong>mentes</strong></span> <span class='ocrx_word' id='word_1_221' title='bbox 723 1631 953 1706; x_wconf 74' lang='lat' dir='ltr'><strong>suggestionum</strong></span> <span class='ocrx_word' id='word_1_222' title='bbox 966 1631 1031 1703; x_wconf 89' lang='lat' dir='ltr'><strong>ejus</strong></span> <span class='ocrx_word' id='word_1_223' title='bbox 1046 1645 1110 1688; x_wconf 90' lang='lat' dir='ltr'><strong>ver·</strong></span> <span class='ocrx_word' id='word_1_224' title='bbox 1131 1649 1152 1705; x_wconf 79' lang='lat' dir='ltr'><strong>p</strong></span> <span class='ocrx_word' id='word_1_225' title='bbox 1165 1629 1357 1689; x_wconf 86' lang='lat' dir='ltr'><strong>erubeseunt</strong></span> <span class='ocrx_word' id='word_1_226' title='bbox 1373 1634 1413 1690; x_wconf 86' lang='lat' dir='ltr'><strong>lie</strong></span> <span class='ocrx_word' id='word_1_227' title='bbox 1426 1631 1538 1706; x_wconf 90' lang='lat' dir='ltr'><strong>quihus</strong></span> <span class='ocrx_word' id='word_1_228' title='bbox 1551 1631 1629 1690; x_wconf 93' lang='lat' dir='ltr'><strong>hene</strong></span> <span class='ocrx_word' id='word_1_229' title='bbox 1642 1648 1697 1706; x_wconf 91' lang='lat' dir='ltr'><strong>per</strong></span> <span class='ocrx_word' id='word_1_230' title='bbox 1718 1633 1901 1707; x_wconf 89' lang='lat' dir='ltr'><strong>prophetam</strong></span> <span class='ocrx_word' id='word_1_231' title='bbox 1928 1632 1995 1690; x_wconf 87' lang='lat' dir='ltr'><strong>diei·</strong></span> 
     </span>
     <span class='ocr_line' id='line_1_18' title="bbox 277 1719 1995 1798; baseline -0.004 -11"><span class='ocrx_word' id='word_1_232' title='bbox 277 1729 320 1787; x_wconf 90' lang='lat' dir='ltr'><strong>ha</strong></span> <span class='ocrx_word' id='word_1_233' title='bbox 333 1727 472 1798; x_wconf 78' lang='grc' dir='ltr'>ιιιιιιιιιο,</span> <span class='ocrx_word' id='word_1_234' title='bbox 487 1731 521 1782; x_wconf 90' lang='grc' dir='ltr'><strong>ιιι</strong></span> <span class='ocrx_word' id='word_1_235' title='bbox 534 1739 730 1798; x_wconf 84' lang='lat' dir='ltr'><strong>nequaquam</strong></span> <span class='ocrx_word' id='word_1_236' title='bbox 745 1726 911 1796; x_wconf 88' lang='lat' dir='ltr'><strong>pensentur</strong></span> <span class='ocrx_word' id='word_1_237' title='bbox 922 1719 1006 1795; x_wconf 91' lang='lat' dir='ltr'><strong>quod</strong></span> <span class='ocrx_word' id='word_1_238' title='bbox 1028 1735 1110 1778; x_wconf 87' lang='lat' dir='ltr'><strong>reso·</strong></span> <span class='ocrx_word' id='word_1_239' title='bbox 1164 1723 1231 1776; x_wconf 89' lang='lat' dir='ltr'><strong>tur:</strong></span> <span class='ocrx_word' id='word_1_240' title='bbox 1247 1741 1262 1770; x_wconf 81' lang='grc' dir='ltr'><strong>κ</strong></span> <span class='ocrx_word' id='word_1_241' title='bbox 1278 1719 1322 1778; x_wconf 94' lang='lat' dir='ltr'><strong>lbi</strong></span> <span class='ocrx_word' id='word_1_242' title='bbox 1335 1721 1458 1780; x_wconf 82' lang='lat' dir='ltr'><strong>cubavit</strong></span> <span class='ocrx_word' id='word_1_243' title='bbox 1468 1721 1571 1790; x_wconf 90' lang='lat' dir='ltr'><strong>lamia,</strong></span> <span class='ocrx_word' id='word_1_244' title='bbox 1583 1727 1612 1779; x_wconf 93' lang='lat' dir='ltr'><strong>et</strong></span> <span class='ocrx_word' id='word_1_245' title='bbox 1626 1721 1739 1780; x_wconf 80' lang='lat' dir='ltr'><strong>inuenit</strong></span> <span class='ocrx_word' id='word_1_246' title='bbox 1767 1722 1824 1780; x_wconf 87' lang='lat' dir='ltr'><strong>sibi</strong></span> <span class='ocrx_word' id='word_1_247' title='bbox 1846 1722 1995 1796; x_wconf 87' lang='lat' dir='ltr'><strong>requiem,</strong></span> 
     </span>
     <span class='ocr_line' id='line_1_19' title="bbox 277 1806 1994 1887; baseline -0.006 -13"><span class='ocrx_word' id='word_1_248' title='bbox 277 1818 361 1885; x_wconf 89' lang='lat' dir='ltr'><strong>nant,</strong></span> <span class='ocrx_word' id='word_1_249' title='bbox 377 1814 431 1872; x_wconf 89' lang='lat' dir='ltr'><strong>sed</strong></span> <span class='ocrx_word' id='word_1_250' title='bbox 444 1830 507 1887; x_wconf 92' lang='lat' dir='ltr'><strong>quo</strong></span> <span class='ocrx_word' id='word_1_251' title='bbox 522 1811 688 1870; x_wconf 89' lang='lat' dir='ltr'><strong>intendant.</strong></span> <span class='ocrx_word' id='word_1_252' title='bbox 705 1811 843 1884; x_wconf 88' lang='lat' dir='ltr'><strong>Sequitur</strong></span> <span class='ocrx_word' id='word_1_253' title='bbox 859 1827 866 1864; x_wconf 93' lang='lat'>:</span> <span class='ocrx_word' id='word_1_254' title='bbox 1163 1806 1205 1864; x_wconf 90' lang='lat' dir='ltr'><strong>ibi</strong></span> <span class='ocrx_word' id='word_1_255' title='bbox 1219 1807 1326 1866; x_wconf 88' lang='lat' dir='ltr'><strong>hahuit</strong></span> <span class='ocrx_word' id='word_1_256' title='bbox 1336 1807 1456 1866; x_wconf 87' lang='lat' dir='ltr'><strong>foveam</strong></span> <span class='ocrx_word' id='word_1_257' title='bbox 1480 1809 1609 1868; x_wconf 89' lang='lat' dir='ltr'><strong>hericius</strong></span> <span class='ocrx_word' id='word_1_258' title='bbox 1637 1810 1709 1879; x_wconf 84' lang='lat' dir='ltr'><strong>(Iso.</strong></span> <span class='ocrx_word' id='word_1_259' title='bbox 1735 1827 1837 1880; x_wconf 79' lang='lat' dir='ltr'><strong>xxxiv,</strong></span> <span class='ocrx_word' id='word_1_260' title='bbox 1857 1811 1966 1878; x_wconf 80' lang='lat' dir='ltr'><strong>t4t5i.</strong></span> <span class='ocrx_word' id='word_1_261' title='bbox 1979 1834 1994 1863; x_wconf 80' lang='lat' dir='ltr'><strong>s</strong></span> 
     </span>
    </p>

    <p class='ocr_par' dir='ltr' id='par_1_3' title="bbox 231 1895 1996 3839">
     <span class='ocr_line' id='line_1_20' title="bbox 313 1895 1996 1972; baseline -0.002 -12"><span class='ocrx_word' id='word_1_262' title='bbox 313 1906 400 1961; x_wconf 84' lang='lat' dir='ltr'><strong>vass.</strong></span> <span class='ocrx_word' id='word_1_263' title='bbox 415 1908 443 1960; x_wconf 78' lang='grc' dir='ltr'><strong>ι.</strong></span> <span class='ocrx_word' id='word_1_264' title='bbox 457 1905 567 1960; x_wconf 86' lang='lat' dir='ltr'><strong>Portus</strong></span> <span class='ocrx_word' id='word_1_265' title='bbox 579 1903 680 1959; x_wconf 81' lang='lat' dir='ltr'><strong>vuitus</strong></span> <span class='ocrx_word' id='word_1_266' title='bbox 694 1902 759 1972; x_wconf 61' lang='grc' dir='ltr'>ιιιι</span> <span class='ocrx_word' id='word_1_267' title='bbox 769 1901 836 1971; x_wconf 86' lang='lat' dir='ltr'><strong>quie</strong></span> <span class='ocrx_word' id='word_1_268' title='bbox 846 1899 959 1970; x_wconf 73' lang='lat' dir='ltr'><strong>aperiet</strong></span> <span class='ocrx_word' id='word_1_269' title='bbox 968 1901 983 1954; x_wconf 79' lang='lat' dir='ltr'><strong>i</strong></span> <span class='ocrx_word' id='word_1_270' title='bbox 992 1929 1027 1940; x_wconf 93' lang='lat'>—</span> <span class='ocrx_word' id='word_1_271' title='bbox 1038 1895 1111 1955; x_wconf 79' lang='lat' dir='ltr'><strong>Sub</strong></span> <span class='ocrx_word' id='word_1_272' title='bbox 1165 1897 1218 1952; x_wconf 83' lang='lat' dir='ltr'><strong>Per</strong></span> <span class='ocrx_word' id='word_1_273' title='bbox 1229 1895 1354 1954; x_wconf 90' lang='lat' dir='ltr'><strong>lamiam</strong></span> <span class='ocrx_word' id='word_1_274' title='bbox 1366 1897 1479 1971; x_wconf 90' lang='lat' dir='ltr'><strong>quippo</strong></span> <span class='ocrx_word' id='word_1_275' title='bbox 1494 1897 1670 1971; x_wconf 77' lang='lat' dir='ltr'><strong>hypocrite,</strong></span> <span class='ocrx_word' id='word_1_276' title='bbox 1685 1913 1741 1972; x_wconf 90' lang='lat' dir='ltr'><strong>per</strong></span> <span class='ocrx_word' id='word_1_277' title='bbox 1753 1897 1903 1956; x_wconf 87' lang='lat' dir='ltr'><strong>hericium</strong></span> <span class='ocrx_word' id='word_1_278' title='bbox 1928 1915 1996 1956; x_wconf 83' lang='lat' dir='ltr'><strong>raro</strong></span> 
     </span>
     <span class='ocr_line' id='line_1_21' title="bbox 278 1983 1996 2064; baseline -0.003 -13"><span class='ocrx_word' id='word_1_279' title='bbox 278 1992 376 2064; x_wconf 87' lang='lat' dir='ltr'><strong>audis,</strong></span> <span class='ocrx_word' id='word_1_280' title='bbox 392 1990 528 2062; x_wconf 87' lang='lat' dir='ltr'><strong>nisiago,</strong></span> <span class='ocrx_word' id='word_1_281' title='bbox 539 1989 592 2063; x_wconf 94' lang='lat' dir='ltr'><strong>qui</strong></span> <span class='ocrx_word' id='word_1_282' title='bbox 604 1988 703 2046; x_wconf 89' lang='lat' dir='ltr'><strong>electis</strong></span> <span class='ocrx_word' id='word_1_283' title='bbox 717 1986 793 2046; x_wconf 91' lang='lat' dir='ltr'><strong>meis</strong></span> <span class='ocrx_word' id='word_1_284' title='bbox 803 1986 965 2058; x_wconf 87' lang='lat' dir='ltr'><strong>magistros</strong></span> <span class='ocrx_word' id='word_1_285' title='bbox 974 2001 1111 2042; x_wconf 86' lang='lat' dir='ltr'><strong>errorum</strong></span> <span class='ocrx_word' id='word_1_286' title='bbox 1165 1983 1306 2042; x_wconf 87' lang='lat' dir='ltr'><strong>malitiosi</strong></span> <span class='ocrx_word' id='word_1_287' title='bbox 1316 1985 1430 2060; x_wconf 90' lang='lat' dir='ltr'><strong>quippe</strong></span> <span class='ocrx_word' id='word_1_288' title='bbox 1443 1985 1498 2060; x_wconf 92' lang='lat' dir='ltr'><strong>qui</strong></span> <span class='ocrx_word' id='word_1_289' title='bbox 1510 1985 1634 2044; x_wconf 83' lang='lat' dir='ltr'><strong>dirersis</strong></span> <span class='ocrx_word' id='word_1_290' title='bbox 1646 2003 1678 2044; x_wconf 92' lang='lat' dir='ltr'><strong>se</strong></span> <span class='ocrx_word' id='word_1_291' title='bbox 1687 1985 1917 2046; x_wconf 87' lang='lat' dir='ltr'><strong>defensionibus</strong></span> <span class='ocrx_word' id='word_1_292' title='bbox 1924 2002 1996 2046; x_wconf 90' lang='lat' dir='ltr'><strong>con·</strong></span> 
     </span>
     <span class='ocr_line' id='line_1_22' title="bbox 279 2071 1742 2154; baseline -0.004 -16"><span class='ocrx_word' id='word_1_293' title='bbox 279 2081 338 2140; x_wconf 82' lang='lat' dir='ltr'><strong>sub</strong></span> <span class='ocrx_word' id='word_1_294' title='bbox 353 2075 451 2154; x_wconf 83' lang='lat' dir='ltr'><strong>specie</strong></span> <span class='ocrx_word' id='word_1_295' title='bbox 463 2078 628 2136; x_wconf 86' lang='lat' dir='ltr'><strong>sanctitatis</strong></span> <span class='ocrx_word' id='word_1_296' title='bbox 640 2075 844 2148; x_wconf 88' lang='lat' dir='ltr'><strong>absconditos,</strong></span> <span class='ocrx_word' id='word_1_297' title='bbox 857 2075 1017 2150; x_wconf 88' lang='lat' dir='ltr'><strong>perspicua</strong></span> <span class='ocrx_word' id='word_1_298' title='bbox 1029 2071 1111 2144; x_wconf 89' lang='lat' dir='ltr'><strong>cogi·</strong></span> <span class='ocrx_word' id='word_1_299' title='bbox 1165 2078 1281 2146; x_wconf 89' lang='lat' dir='ltr'><strong>gerunt,</strong></span> <span class='ocrx_word' id='word_1_300' title='bbox 1297 2074 1503 2146; x_wconf 87' lang='lat' dir='ltr'><strong>designantur.</strong></span> <span class='ocrx_word' id='word_1_301' title='bbox 1519 2075 1658 2150; x_wconf 90' lang='lat' dir='ltr'><strong>Sequitur</strong></span> <span class='ocrx_word' id='word_1_302' title='bbox 1673 2093 1680 2132; x_wconf 93' lang='lat'><strong>:</strong></span> <span class='ocrx_word' id='word_1_303' title='bbox 1737 2073 1742 2080; x_wconf 80' lang='grc'><strong>“</strong></span> 
     </span>
     <span class='ocr_line' id='line_1_23' title="bbox 278 2163 1994 2239; baseline 0 -13"><span class='ocrx_word' id='word_1_304' title='bbox 278 2168 391 2226; x_wconf 89' lang='lat' dir='ltr'><strong>tatione</strong></span> <span class='ocrx_word' id='word_1_305' title='bbox 403 2166 562 2225; x_wconf 87' lang='lat' dir='ltr'><strong>manifesto</strong></span> <span class='ocrx_word' id='word_1_306' title='bbox 577 2167 591 2223; x_wconf 81' lang='grc' dir='ltr'><strong>ι</strong></span> <span class='ocrx_word' id='word_1_307' title='bbox 606 2165 687 2224; x_wconf 86' lang='lat' dir='ltr'><strong>Siout</strong></span> <span class='ocrx_word' id='word_1_308' title='bbox 700 2165 781 2222; x_wconf 91' lang='lat' dir='ltr'><strong>enim</strong></span> <span class='ocrx_word' id='word_1_309' title='bbox 792 2163 887 2222; x_wconf 84' lang='lat' dir='ltr'><strong>sancti</strong></span> <span class='ocrx_word' id='word_1_310' title='bbox 899 2163 1110 2237; x_wconf 69' lang='lat' dir='ltr'><strong>predicatores</strong></span> <span class='ocrx_word' id='word_1_311' title='bbox 1200 2164 1289 2222; x_wconf 86' lang='lat' dir='ltr'><strong>Vane.</strong></span> <span class='ocrx_word' id='word_1_312' title='bbox 1302 2165 1331 2221; x_wconf 79' lang='grc'><strong>7.</strong></span> <span class='ocrx_word' id='word_1_313' title='bbox 1349 2165 1415 2224; x_wconf 79' lang='lat' dir='ltr'><strong>ileu</strong></span> <span class='ocrx_word' id='word_1_314' title='bbox 1430 2167 1486 2223; x_wconf 80' lang='lat' dir='ltr'><strong>uni</strong></span> <span class='ocrx_word' id='word_1_315' title='bbox 1498 2167 1707 2238; x_wconf 74' lang='lat' dir='ltr'><strong>conjungitur,</strong></span> <span class='ocrx_word' id='word_1_316' title='bbox 1721 2173 1749 2225; x_wconf 87' lang='lat' dir='ltr'><strong>et</strong></span> <span class='ocrx_word' id='word_1_317' title='bbox 1759 2182 1797 2226; x_wconf 83' lang='grc' dir='ltr'><strong>ιιι</strong></span> <span class='ocrx_word' id='word_1_318' title='bbox 1807 2169 1994 2239; x_wconf 80' lang='lat' dir='ltr'><strong>spirecutrurr</strong></span> 
     </span>
     <span class='ocr_line' id='line_1_24' title="bbox 278 2251 1995 2330; baseline 0.001 -18"><span class='ocrx_word' id='word_1_319' title='bbox 278 2261 372 2330; x_wconf 83' lang='lat' dir='ltr'><strong>portae</strong></span> <span class='ocrx_word' id='word_1_320' title='bbox 390 2256 459 2314; x_wconf 86' lang='lat' dir='ltr'><strong>Sion</strong></span> <span class='ocrx_word' id='word_1_321' title='bbox 473 2257 627 2322; x_wconf 81' lang='lat' dir='ltr'><strong>vocantur,</strong></span> <span class='ocrx_word' id='word_1_322' title='bbox 653 2254 695 2312; x_wconf 88' lang='lat' dir='ltr'><strong>ite</strong></span> <span class='ocrx_word' id='word_1_323' title='bbox 722 2253 812 2312; x_wconf 86' lang='lat' dir='ltr'><strong>etiam</strong></span> <span class='ocrx_word' id='word_1_324' title='bbox 837 2269 890 2327; x_wconf 89' lang='lat' dir='ltr'><strong>per</strong></span> <span class='ocrx_word' id='word_1_325' title='bbox 904 2255 1007 2327; x_wconf 89' lang='lat' dir='ltr'><strong>portas</strong></span> <span class='ocrx_word' id='word_1_326' title='bbox 1020 2251 1110 2309; x_wconf 85' lang='lat' dir='ltr'><strong>leria—</strong></span> <span class='ocrx_word' id='word_1_327' title='bbox 1162 2253 1273 2312; x_wconf 80' lang='lat' dir='ltr'><strong>incedit</strong></span> <span class='ocrx_word' id='word_1_328' title='bbox 1283 2269 1341 2325; x_wconf 83' lang='lat' dir='ltr'><strong>per·</strong></span> <span class='ocrx_word' id='word_1_329' title='bbox 1353 2270 1398 2313; x_wconf 86' lang='grc' dir='ltr'><strong>ιι.</strong></span> <span class='ocrx_word' id='word_1_330' title='bbox 1411 2283 1447 2298; x_wconf 93' lang='lat'>-</span> <span class='ocrx_word' id='word_1_331' title='bbox 1462 2254 1539 2322; x_wconf 82' lang='lat' dir='ltr'><strong>Quia</strong></span> <span class='ocrx_word' id='word_1_332' title='bbox 1551 2255 1759 2330; x_wconf 88' lang='lat' dir='ltr'><strong>iniquitatibus</strong></span> <span class='ocrx_word' id='word_1_333' title='bbox 1772 2255 1834 2313; x_wconf 86' lang='lat' dir='ltr'><strong>suis</strong></span> <span class='ocrx_word' id='word_1_334' title='bbox 1849 2255 1928 2314; x_wconf 90' lang='lat' dir='ltr'><strong>dum</strong></span> <span class='ocrx_word' id='word_1_335' title='bbox 1959 2258 1995 2314; x_wconf 83' lang='grc' dir='ltr'><strong>ιι-</strong></span> 
     </span>
     <span class='ocr_line' id='line_1_25' title="bbox 277 2340 1995 2418; baseline 0 -14"><span class='ocrx_word' id='word_1_336' title='bbox 277 2345 350 2404; x_wconf 86' lang='lat' dir='ltr'><strong>than</strong></span> <span class='ocrx_word' id='word_1_337' title='bbox 364 2345 460 2416; x_wconf 84' lang='grc' dir='ltr'>ιιιιιιι,</span> <span class='ocrx_word' id='word_1_338' title='bbox 475 2361 612 2402; x_wconf 87' lang='lat' dir='ltr'><strong>errorum</strong></span> <span class='ocrx_word' id='word_1_339' title='bbox 626 2342 763 2416; x_wconf 86' lang='lat' dir='ltr'><strong>magistri</strong></span> <span class='ocrx_word' id='word_1_340' title='bbox 787 2341 954 2414; x_wconf 88' lang='lat' dir='ltr'><strong>signantur,</strong></span> <span class='ocrx_word' id='word_1_341' title='bbox 977 2357 1109 2414; x_wconf 91' lang='lat' dir='ltr'><strong>quorum</strong></span> <span class='ocrx_word' id='word_1_342' title='bbox 1163 2340 1265 2398; x_wconf 86' lang='lat' dir='ltr'><strong>cissim</strong></span> <span class='ocrx_word' id='word_1_343' title='bbox 1279 2357 1311 2400; x_wconf 89' lang='lat' dir='ltr'><strong>se</strong></span> <span class='ocrx_word' id='word_1_344' title='bbox 1327 2342 1459 2417; x_wconf 84' lang='lat' dir='ltr'><strong>superba</strong></span> <span class='ocrx_word' id='word_1_345' title='bbox 1485 2342 1661 2403; x_wconf 90' lang='lat' dir='ltr'><strong>defensione</strong></span> <span class='ocrx_word' id='word_1_346' title='bbox 1686 2348 1857 2418; x_wconf 91' lang='lat' dir='ltr'><strong>protegunt,</strong></span> <span class='ocrx_word' id='word_1_347' title='bbox 1882 2351 1995 2404; x_wconf 77' lang='lat' dir='ltr'><strong>sancte</strong></span> 
     </span>
     <span class='ocr_line' id='line_1_26' title="bbox 277 2427 1994 2509; baseline 0 -17"><span class='ocrx_word' id='word_1_348' title='bbox 277 2433 350 2492; x_wconf 88' lang='lat' dir='ltr'><strong>dum</strong></span> <span class='ocrx_word' id='word_1_349' title='bbox 365 2431 540 2509; x_wconf 83' lang='lat' dir='ltr'><strong>praedicatio</strong></span> <span class='ocrx_word' id='word_1_350' title='bbox 555 2447 697 2506; x_wconf 81' lang='lat' dir='ltr'><strong>perverse</strong></span> <span class='ocrx_word' id='word_1_351' title='bbox 710 2429 861 2503; x_wconf 85' lang='lat' dir='ltr'><strong>recipitur,</strong></span> <span class='ocrx_word' id='word_1_352' title='bbox 883 2427 1001 2486; x_wconf 87' lang='lat' dir='ltr'><strong>miseris</strong></span> <span class='ocrx_word' id='word_1_353' title='bbox 1027 2427 1111 2486; x_wconf 92' lang='lat' dir='ltr'><strong>audi·</strong></span> <span class='ocrx_word' id='word_1_354' title='bbox 1163 2430 1377 2490; x_wconf 81' lang='lat' dir='ltr'><strong>exhortationis</strong></span> <span class='ocrx_word' id='word_1_355' title='bbox 1391 2431 1509 2506; x_wconf 90' lang='lat' dir='ltr'><strong>spicula</strong></span> <span class='ocrx_word' id='word_1_356' title='bbox 1521 2431 1561 2490; x_wconf 88' lang='lat' dir='ltr'><strong>ad</strong></span> <span class='ocrx_word' id='word_1_357' title='bbox 1575 2447 1606 2490; x_wconf 89' lang='lat' dir='ltr'><strong>se</strong></span> <span class='ocrx_word' id='word_1_358' title='bbox 1620 2432 1793 2492; x_wconf 81' lang='lat' dir='ltr'><strong>nuhatenus</strong></span> <span class='ocrx_word' id='word_1_359' title='bbox 1808 2433 1994 2507; x_wconf 89' lang='lat' dir='ltr'><strong>permittunt</strong></span> 
     </span>
     <span class='ocr_line' id='line_1_27' title="bbox 231 2509 1322 2596; baseline -0.002 -17"><span class='ocrx_word' id='word_1_360' title='bbox 231 2509 237 2520; x_wconf 68' lang='lat'><strong>&#39;&#39;</strong></span> <span class='ocrx_word' id='word_1_361' title='bbox 277 2522 392 2580; x_wconf 89' lang='lat' dir='ltr'><strong>toribus</strong></span> <span class='ocrx_word' id='word_1_362' title='bbox 406 2521 456 2578; x_wconf 81' lang='lat' dir='ltr'><strong>ria</strong></span> <span class='ocrx_word' id='word_1_363' title='bbox 470 2520 645 2596; x_wconf 87' lang='lat' dir='ltr'><strong>perditionis</strong></span> <span class='ocrx_word' id='word_1_364' title='bbox 659 2519 800 2594; x_wconf 87' lang='lat' dir='ltr'><strong>aperitur.</strong></span> <span class='ocrx_word' id='word_1_365' title='bbox 813 2517 1045 2592; x_wconf 77' lang='lat' dir='ltr'><strong>Sequitur2Per</strong></span> <span class='ocrx_word' id='word_1_366' title='bbox 1058 2533 1111 2589; x_wconf 77' lang='lat' dir='ltr'><strong>gg·</strong></span> <span class='ocrx_word' id='word_1_367' title='bbox 1164 2519 1322 2593; x_wconf 87' lang='lat' dir='ltr'><strong>Sequitur:</strong></span> 
     </span>
     <span class='ocr_line' id='line_1_28' title="bbox 278 2607 1993 2682; baseline 0.001 -12"><span class='ocrx_word' id='word_1_368' title='bbox 278 2627 347 2670; x_wconf 84' lang='lat' dir='ltr'><strong>rrm</strong></span> <span class='ocrx_word' id='word_1_369' title='bbox 359 2611 494 2670; x_wconf 79' lang='lat' dir='ltr'><strong>dentiam</strong></span> <span class='ocrx_word' id='word_1_370' title='bbox 506 2613 574 2682; x_wconf 73' lang='lat' dir='ltr'><strong>eius.</strong></span> <span class='ocrx_word' id='word_1_371' title='bbox 583 2609 727 2681; x_wconf 71' lang='lat' dir='ltr'><strong>fumido.</strong></span> <span class='ocrx_word' id='word_1_372' title='bbox 741 2639 776 2650; x_wconf 91' lang='lat'><em>-</em></span> <span class='ocrx_word' id='word_1_373' title='bbox 793 2608 824 2666; x_wconf 91' lang='lat' dir='ltr'><strong>id</strong></span> <span class='ocrx_word' id='word_1_374' title='bbox 834 2612 890 2676; x_wconf 88' lang='lat' dir='ltr'><strong>est,</strong></span> <span class='ocrx_word' id='word_1_375' title='bbox 903 2607 1025 2681; x_wconf 88' lang='lat' dir='ltr'><strong>iniquos</strong></span> <span class='ocrx_word' id='word_1_376' title='bbox 1034 2622 1111 2680; x_wconf 83' lang='lat' dir='ltr'><strong>prse-</strong></span> <span class='ocrx_word' id='word_1_377' title='bbox 1198 2609 1284 2667; x_wconf 84' lang='lat' dir='ltr'><strong>Vsas.</strong></span> <span class='ocrx_word' id='word_1_378' title='bbox 1299 2614 1326 2668; x_wconf 86' lang='lat'><strong>8.</strong></span> <span class='ocrx_word' id='word_1_379' title='bbox 1341 2611 1408 2670; x_wconf 80' lang='lat' dir='ltr'><strong>Uoc</strong></span> <span class='ocrx_word' id='word_1_380' title='bbox 1422 2613 1514 2670; x_wconf 81' lang='lat' dir='ltr'><strong>atteri</strong></span> <span class='ocrx_word' id='word_1_381' title='bbox 1525 2612 1701 2678; x_wconf 76' lang='lat' dir='ltr'><strong>adherebit,</strong></span> <span class='ocrx_word' id='word_1_382' title='bbox 1712 2617 1740 2669; x_wconf 90' lang='grc' dir='ltr'><strong>ιι</strong></span> <span class='ocrx_word' id='word_1_383' title='bbox 1751 2617 1886 2671; x_wconf 76' lang='lat' dir='ltr'><strong>tenentes</strong></span> <span class='ocrx_word' id='word_1_384' title='bbox 1896 2629 1930 2670; x_wconf 86' lang='lat' dir='ltr'><strong>se</strong></span> <span class='ocrx_word' id='word_1_385' title='bbox 1942 2630 1993 2672; x_wconf 72' lang='grc' dir='ltr'><strong>ιιι</strong></span> 
     </span>
     <span class='ocr_line' id='line_1_29' title="bbox 278 2695 1994 2774; baseline 0.001 -16"><span class='ocrx_word' id='word_1_386' title='bbox 278 2700 426 2758; x_wconf 86' lang='lat' dir='ltr'><strong>dicaturus</strong></span> <span class='ocrx_word' id='word_1_387' title='bbox 439 2699 613 2756; x_wconf 70' lang='lat' dir='ltr'><strong>antichristi</strong></span> <span class='ocrx_word' id='word_1_388' title='bbox 628 2713 776 2772; x_wconf 76' lang='lat' dir='ltr'><strong>perversas</strong></span> <span class='ocrx_word' id='word_1_389' title='bbox 788 2697 880 2770; x_wconf 84' lang='lat' dir='ltr'><strong>hujus</strong></span> <span class='ocrx_word' id='word_1_390' title='bbox 895 2695 997 2754; x_wconf 74' lang='lat' dir='ltr'><strong>saculi</strong></span> <span class='ocrx_word' id='word_1_391' title='bbox 1010 2699 1110 2770; x_wconf 88' lang='lat' dir='ltr'><strong>prote-</strong></span> <span class='ocrx_word' id='word_1_392' title='bbox 1162 2713 1314 2772; x_wconf 81' lang='lat' dir='ltr'><strong>quoquam</strong></span> <span class='ocrx_word' id='word_1_393' title='bbox 1325 2701 1559 2771; x_wconf 76' lang='lat' dir='ltr'><strong>separarentur.</strong></span> <span class='ocrx_word' id='word_1_394' title='bbox 1570 2731 1605 2744; x_wconf 89' lang='lat'><em>-</em></span> <span class='ocrx_word' id='word_1_395' title='bbox 1618 2700 1673 2765; x_wconf 85' lang='lat' dir='ltr'><strong>Qui</strong></span> <span class='ocrx_word' id='word_1_396' title='bbox 1686 2699 1766 2758; x_wconf 88' lang='lat' dir='ltr'><strong>enim</strong></span> <span class='ocrx_word' id='word_1_397' title='bbox 1776 2699 1867 2758; x_wconf 85' lang='lat' dir='ltr'><strong>dirisi</strong></span> <span class='ocrx_word' id='word_1_398' title='bbox 1880 2703 1994 2774; x_wconf 87' lang='lat' dir='ltr'><strong>corrigi</strong></span> 
     </span>
     <span class='ocr_line' id='line_1_30' title="bbox 278 2784 1996 2863; baseline 0.001 -16"><span class='ocrx_word' id='word_1_399' title='bbox 278 2793 354 2862; x_wconf 89' lang='lat' dir='ltr'><strong>gunt</strong></span> <span class='ocrx_word' id='word_1_400' title='bbox 364 2791 538 2863; x_wconf 84' lang='lat' dir='ltr'><strong>potestates.</strong></span> <span class='ocrx_word' id='word_1_401' title='bbox 555 2791 631 2846; x_wconf 86' lang='lat' dir='ltr'><strong>itam</strong></span> <span class='ocrx_word' id='word_1_402' title='bbox 641 2785 775 2862; x_wconf 87' lang='lat' dir='ltr'><strong>quosilli</strong></span> <span class='ocrx_word' id='word_1_403' title='bbox 789 2789 936 2862; x_wconf 90' lang='lat' dir='ltr'><strong>appetunt</strong></span> <span class='ocrx_word' id='word_1_404' title='bbox 955 2784 1108 2860; x_wconf 88' lang='lat' dir='ltr'><strong>loquendo</strong></span> <span class='ocrx_word' id='word_1_405' title='bbox 1162 2791 1310 2862; x_wconf 87' lang='lat' dir='ltr'><strong>poterent,</strong></span> <span class='ocrx_word' id='word_1_406' title='bbox 1338 2787 1531 2863; x_wconf 88' lang='lat' dir='ltr'><strong>iniquitatum</strong></span> <span class='ocrx_word' id='word_1_407' title='bbox 1560 2805 1684 2848; x_wconf 87' lang='lat' dir='ltr'><strong>suarum</strong></span> <span class='ocrx_word' id='word_1_408' title='bbox 1712 2788 1879 2863; x_wconf 88' lang='lat' dir='ltr'><strong>pertinacia</strong></span> <span class='ocrx_word' id='word_1_409' title='bbox 1904 2791 1996 2850; x_wconf 86' lang='lat' dir='ltr'><strong>vincti</strong></span> 
     </span>
     <span class='ocr_line' id='line_1_31' title="bbox 279 2873 1995 2954; baseline -0.002 -14"><span class='ocrx_word' id='word_1_410' title='bbox 279 2880 433 2952; x_wconf 87' lang='lat' dir='ltr'><strong>seducere,</strong></span> <span class='ocrx_word' id='word_1_411' title='bbox 446 2879 531 2936; x_wconf 89' lang='lat' dir='ltr'><strong>multi</strong></span> <span class='ocrx_word' id='word_1_412' title='bbox 545 2879 712 2954; x_wconf 88' lang='lat' dir='ltr'><strong>potentium</strong></span> <span class='ocrx_word' id='word_1_413' title='bbox 727 2878 848 2936; x_wconf 86' lang='lat' dir='ltr'><strong>student</strong></span> <span class='ocrx_word' id='word_1_414' title='bbox 859 2876 1009 2938; x_wconf 80' lang='lat' dir='ltr'><strong>sariendo</strong></span> <span class='ocrx_word' id='word_1_415' title='bbox 1022 2881 1106 2934; x_wconf 91' lang='lat' dir='ltr'><strong>terre·</strong></span> <span class='ocrx_word' id='word_1_416' title='bbox 1163 2873 1347 2950; x_wconf 90' lang='lat' dir='ltr'><strong>perdurant;</strong></span> <span class='ocrx_word' id='word_1_417' title='bbox 1363 2881 1488 2936; x_wconf 91' lang='lat' dir='ltr'><strong>et-tanto</strong></span> <span class='ocrx_word' id='word_1_418' title='bbox 1502 2877 1599 2949; x_wconf 81' lang='lat' dir='ltr'><strong>uragis</strong></span> <span class='ocrx_word' id='word_1_419' title='bbox 1617 2877 1751 2951; x_wconf 85' lang='lat' dir='ltr'><strong>quotidie</strong></span> <span class='ocrx_word' id='word_1_420' title='bbox 1779 2891 1799 2934; x_wconf 91' lang='lat' dir='ltr'><strong>a</strong></span> <span class='ocrx_word' id='word_1_421' title='bbox 1823 2878 1995 2950; x_wconf 81' lang='lat' dir='ltr'><strong>cognitione</strong></span> 
     </span>
     <span class='ocr_line' id='line_1_32' title="bbox 278 2964 1996 3052; baseline -0.001 -26"><span class='ocrx_word' id='word_1_422' title='bbox 278 2985 321 3028; x_wconf 90' lang='lat' dir='ltr'><strong>re.</strong></span> <span class='ocrx_word' id='word_1_423' title='bbox 338 2968 410 3026; x_wconf 87' lang='lat' dir='ltr'><strong>ilinc</strong></span> <span class='ocrx_word' id='word_1_424' title='bbox 424 2967 648 3042; x_wconf 76' lang='lat' dir='ltr'><strong>inhpooalypsi</strong></span> <span class='ocrx_word' id='word_1_425' title='bbox 663 2967 808 3041; x_wconf 89' lang='lat' dir='ltr'><strong>scriptum</strong></span> <span class='ocrx_word' id='word_1_426' title='bbox 839 2969 884 3023; x_wconf 91' lang='lat' dir='ltr'><strong>est</strong></span> <span class='ocrx_word' id='word_1_427' title='bbox 913 2982 921 3022; x_wconf 90' lang='lat'>:</span> <span class='ocrx_word' id='word_1_428' title='bbox 950 2967 1108 3024; x_wconf 78' lang='lat' dir='ltr'><strong>«Potestas</strong></span> <span class='ocrx_word' id='word_1_429' title='bbox 1123 2995 1146 3052; x_wconf 77' lang='lat'><strong>0</strong></span> <span class='ocrx_word' id='word_1_430' title='bbox 1159 2964 1280 3037; x_wconf 78' lang='lat' dir='ltr'><strong>iusb&#39;tiae</strong></span> <span class='ocrx_word' id='word_1_431' title='bbox 1295 2965 1523 3039; x_wconf 84' lang='lat' dir='ltr'><strong>separabiliores</strong></span> <span class='ocrx_word' id='word_1_432' title='bbox 1536 2965 1622 3035; x_wconf 87' lang='lat' dir='ltr'><strong>fiunt,</strong></span> <span class='ocrx_word' id='word_1_433' title='bbox 1637 2969 1752 3040; x_wconf 88' lang='lat' dir='ltr'><strong>quanto</strong></span> <span class='ocrx_word' id='word_1_434' title='bbox 1763 2982 1784 3023; x_wconf 86' lang='lat' dir='ltr'><strong>a</strong></span> <span class='ocrx_word' id='word_1_435' title='bbox 1806 2981 1838 3024; x_wconf 87' lang='lat' dir='ltr'><strong>se</strong></span> <span class='ocrx_word' id='word_1_436' title='bbox 1863 2966 1996 3024; x_wconf 84' lang='lat' dir='ltr'><strong>invicem</strong></span> 
     </span>
     <span class='ocr_line' id='line_1_33' title="bbox 263 3053 1994 3132; baseline -0.005 -16"><span class='ocrx_word' id='word_1_437' title='bbox 263 3121 266 3128; x_wconf 21' lang='grc' dir='ltr'>Ι</span> <span class='ocrx_word' id='word_1_438' title='bbox 278 3073 428 3132; x_wconf 89' lang='lat' dir='ltr'><strong>equorum</strong></span> <span class='ocrx_word' id='word_1_439' title='bbox 441 3057 473 3116; x_wconf 94' lang='lat' dir='ltr'><strong>in</strong></span> <span class='ocrx_word' id='word_1_440' title='bbox 487 3073 539 3116; x_wconf 91' lang='lat' dir='ltr'><strong>ore</strong></span> <span class='ocrx_word' id='word_1_441' title='bbox 553 3063 582 3115; x_wconf 90' lang='lat' dir='ltr'><strong>et</strong></span> <span class='ocrx_word' id='word_1_442' title='bbox 593 3057 625 3114; x_wconf 90' lang='lat' dir='ltr'><strong>in</strong></span> <span class='ocrx_word' id='word_1_443' title='bbox 639 3055 744 3114; x_wconf 88' lang='lat' dir='ltr'><strong>caudis</strong></span> <span class='ocrx_word' id='word_1_444' title='bbox 758 3055 824 3128; x_wconf 81' lang='lat' dir='ltr'><strong>eius</strong></span> <span class='ocrx_word' id='word_1_445' title='bbox 849 3056 953 3126; x_wconf 81' lang='lat' dir='ltr'><strong>(Apes.</strong></span> <span class='ocrx_word' id='word_1_446' title='bbox 976 3070 1017 3124; x_wconf 86' lang='lat' dir='ltr'><strong>rx,</strong></span> <span class='ocrx_word' id='word_1_447' title='bbox 1035 3059 1078 3112; x_wconf 79' lang='grc' dir='ltr'><strong>ιι.</strong></span> <span class='ocrx_word' id='word_1_448' title='bbox 1093 3077 1107 3105; x_wconf 86' lang='lat'>»</span> <span class='ocrx_word' id='word_1_449' title='bbox 1160 3053 1244 3111; x_wconf 88' lang='lat' dir='ltr'><strong>nulle</strong></span> <span class='ocrx_word' id='word_1_450' title='bbox 1256 3053 1460 3128; x_wconf 86' lang='lat' dir='ltr'><strong>increpatione</strong></span> <span class='ocrx_word' id='word_1_451' title='bbox 1471 3059 1659 3129; x_wconf 84' lang='lat' dir='ltr'><strong>separentur.</strong></span> <span class='ocrx_word' id='word_1_452' title='bbox 1672 3055 1744 3112; x_wconf 85' lang='lat' dir='ltr'><strong>illue</strong></span> <span class='ocrx_word' id='word_1_453' title='bbox 1755 3053 1900 3113; x_wconf 85' lang='lat' dir='ltr'><strong>Salomon</strong></span> <span class='ocrx_word' id='word_1_454' title='bbox 1915 3056 1958 3113; x_wconf 88' lang='lat' dir='ltr'><strong>eit</strong></span> <span class='ocrx_word' id='word_1_455' title='bbox 1968 3075 1994 3114; x_wconf 64' lang='lat' dir='ltr'><strong>:a</strong></span> 
     </span>
     <span class='ocr_line' id='line_1_34' title="bbox 279 3141 1993 3220; baseline -0.001 -16"><span class='ocrx_word' id='word_1_456' title='bbox 279 3151 373 3206; x_wconf 88' lang='lat' dir='ltr'><strong>inore</strong></span> <span class='ocrx_word' id='word_1_457' title='bbox 384 3163 517 3220; x_wconf 90' lang='lat' dir='ltr'><strong>namque</strong></span> <span class='ocrx_word' id='word_1_458' title='bbox 530 3146 689 3204; x_wconf 88' lang='lat' dir='ltr'><strong>doctorum</strong></span> <span class='ocrx_word' id='word_1_459' title='bbox 701 3144 835 3216; x_wconf 89' lang='lat' dir='ltr'><strong>scientia,</strong></span> <span class='ocrx_word' id='word_1_460' title='bbox 859 3143 891 3200; x_wconf 93' lang='lat' dir='ltr'><strong>in</strong></span> <span class='ocrx_word' id='word_1_461' title='bbox 914 3143 1013 3202; x_wconf 87' lang='lat' dir='ltr'><strong>caude</strong></span> <span class='ocrx_word' id='word_1_462' title='bbox 1036 3159 1107 3200; x_wconf 84' lang='lat' dir='ltr'><strong>vero</strong></span> <span class='ocrx_word' id='word_1_463' title='bbox 1161 3143 1276 3216; x_wconf 85' lang='lat' dir='ltr'><strong>Stuppe</strong></span> <span class='ocrx_word' id='word_1_464' title='bbox 1290 3141 1414 3201; x_wconf 87' lang='lat' dir='ltr'><strong>collecta</strong></span> <span class='ocrx_word' id='word_1_465' title='bbox 1427 3159 1584 3217; x_wconf 85' lang='lat' dir='ltr'><strong>synagoga</strong></span> <span class='ocrx_word' id='word_1_466' title='bbox 1597 3143 1787 3218; x_wconf 86' lang='lat' dir='ltr'><strong>peccantium</strong></span> <span class='ocrx_word' id='word_1_467' title='bbox 1814 3143 1993 3216; x_wconf 69' lang='lat' dir='ltr'><strong>(Baetim,</strong></span> 
     </span>
     <span class='ocr_line' id='line_1_35' title="bbox 279 3231 1995 3309; baseline -0.001 -15"><span class='ocrx_word' id='word_1_468' title='bbox 279 3234 469 3294; x_wconf 70' lang='lat' dir='ltr'><strong>esculanum</strong></span> <span class='ocrx_word' id='word_1_469' title='bbox 481 3235 615 3309; x_wconf 91' lang='lat' dir='ltr'><strong>potentia</strong></span> <span class='ocrx_word' id='word_1_470' title='bbox 626 3233 785 3305; x_wconf 86' lang='lat' dir='ltr'><strong>figuratur.</strong></span> <span class='ocrx_word' id='word_1_471' title='bbox 802 3232 884 3292; x_wconf 91' lang='lat' dir='ltr'><strong>Sient</strong></span> <span class='ocrx_word' id='word_1_472' title='bbox 897 3233 980 3290; x_wconf 89' lang='lat' dir='ltr'><strong>eninr</strong></span> <span class='ocrx_word' id='word_1_473' title='bbox 995 3235 1108 3289; x_wconf 76' lang='lat' dir='ltr'><strong>sanctes</strong></span> <span class='ocrx_word' id='word_1_474' title='bbox 1163 3235 1219 3300; x_wconf 79' lang='grc' dir='ltr'>ιθ).</span> <span class='ocrx_word' id='word_1_475' title='bbox 1234 3253 1248 3282; x_wconf 74' lang='grc' dir='ltr'><strong>ι</strong></span> <span class='ocrx_word' id='word_1_476' title='bbox 1263 3231 1338 3290; x_wconf 88' lang='lat' dir='ltr'><strong>ilinc</strong></span> <span class='ocrx_word' id='word_1_477' title='bbox 1349 3233 1468 3291; x_wconf 86' lang='lat' dir='ltr'><strong>Nahum</strong></span> <span class='ocrx_word' id='word_1_478' title='bbox 1483 3232 1631 3307; x_wconf 87' lang='lat' dir='ltr'><strong>propheta</strong></span> <span class='ocrx_word' id='word_1_479' title='bbox 1645 3233 1686 3290; x_wconf 90' lang='lat' dir='ltr'><strong>ait</strong></span> <span class='ocrx_word' id='word_1_480' title='bbox 1701 3249 1735 3290; x_wconf 72' lang='lat' dir='ltr'><strong>:a</strong></span> <span class='ocrx_word' id='word_1_481' title='bbox 1752 3232 1833 3290; x_wconf 84' lang='lat' dir='ltr'><strong>Sicut</strong></span> <span class='ocrx_word' id='word_1_482' title='bbox 1845 3233 1945 3307; x_wconf 79' lang='lat' dir='ltr'><strong>spinas</strong></span> <span class='ocrx_word' id='word_1_483' title='bbox 1953 3234 1995 3292; x_wconf 93' lang='lat' dir='ltr'><strong>in·</strong></span> 
     </span>
     <span class='ocr_line' id='line_1_36' title="bbox 270 3320 1994 3396; baseline -0.002 -12"><span class='ocrx_word' id='word_1_484' title='bbox 270 3324 417 3384; x_wconf 67' lang='lat' dir='ltr'><strong>aeclesis</strong></span> <span class='ocrx_word' id='word_1_485' title='bbox 430 3327 501 3382; x_wconf 86' lang='lat' dir='ltr'><strong>sunt</strong></span> <span class='ocrx_word' id='word_1_486' title='bbox 513 3323 627 3392; x_wconf 86' lang='lat' dir='ltr'><strong>dentes,</strong></span> <span class='ocrx_word' id='word_1_487' title='bbox 643 3321 682 3379; x_wconf 93' lang='lat' dir='ltr'><strong>de</strong></span> <span class='ocrx_word' id='word_1_488' title='bbox 702 3321 815 3395; x_wconf 89' lang='lat' dir='ltr'><strong>quihus</strong></span> <span class='ocrx_word' id='word_1_489' title='bbox 829 3321 938 3379; x_wconf 89' lang='lat' dir='ltr'><strong>dicitur</strong></span> <span class='ocrx_word' id='word_1_490' title='bbox 952 3337 958 3377; x_wconf 96' lang='lat'><strong>:</strong></span> <span class='ocrx_word' id='word_1_491' title='bbox 972 3342 987 3372; x_wconf 76' lang='grc' dir='ltr'><strong>ι</strong></span> <span class='ocrx_word' id='word_1_492' title='bbox 1000 3323 1108 3378; x_wconf 82' lang='lat' dir='ltr'><strong>tientes</strong></span> <span class='ocrx_word' id='word_1_493' title='bbox 1161 3320 1518 3396; x_wconf 75' lang='lat' dir='ltr'><strong>sicemcomplectuutur,</strong></span> <span class='ocrx_word' id='word_1_494' title='bbox 1533 3321 1758 3382; x_wconf 82' lang='lat' dir='ltr'><strong>sioooaeivium</strong></span> <span class='ocrx_word' id='word_1_495' title='bbox 1767 3337 1875 3380; x_wconf 89' lang='lat' dir='ltr'><strong>eorum</strong></span> <span class='ocrx_word' id='word_1_496' title='bbox 1883 3323 1994 3396; x_wconf 84' lang='lat' dir='ltr'><strong>pariter</strong></span> 
     </span>
     <span class='ocr_line' id='line_1_37' title="bbox 259 3407 1713 3485; baseline -0.001 -16"><span class='ocrx_word' id='word_1_497' title='bbox 259 3431 263 3438; x_wconf 95' lang='lat'>·</span> <span class='ocrx_word' id='word_1_498' title='bbox 279 3411 322 3469; x_wconf 89' lang='lat' dir='ltr'><strong>tui</strong></span> <span class='ocrx_word' id='word_1_499' title='bbox 336 3411 412 3468; x_wconf 91' lang='lat' dir='ltr'><strong>siout</strong></span> <span class='ocrx_word' id='word_1_500' title='bbox 425 3426 498 3482; x_wconf 84' lang='lat' dir='ltr'><strong>grex</strong></span> <span class='ocrx_word' id='word_1_501' title='bbox 511 3410 719 3480; x_wconf 89' lang='lat' dir='ltr'><strong>detonsarum,</strong></span> <span class='ocrx_word' id='word_1_502' title='bbox 735 3431 750 3460; x_wconf 72' lang='lat' dir='ltr'><strong>a</strong></span> <span class='ocrx_word' id='word_1_503' title='bbox 776 3413 821 3468; x_wconf 90' lang='lat' dir='ltr'><strong>eto</strong></span> <span class='ocrx_word' id='word_1_504' title='bbox 835 3409 938 3482; x_wconf 81' lang='lat' dir='ltr'><strong>(Gaul.</strong></span> <span class='ocrx_word' id='word_1_505' title='bbox 954 3425 994 3478; x_wconf 78' lang='grc' dir='ltr'><strong>ιι,</strong></span> <span class='ocrx_word' id='word_1_506' title='bbox 1009 3412 1039 3478; x_wconf 78' lang='lat'><strong>2)</strong></span> <span class='ocrx_word' id='word_1_507' title='bbox 1066 3407 1108 3466; x_wconf 89' lang='lat' dir='ltr'><strong>ita</strong></span> <span class='ocrx_word' id='word_1_508' title='bbox 1161 3409 1330 3483; x_wconf 88' lang='lat' dir='ltr'><strong>potantium</strong></span> <span class='ocrx_word' id='word_1_509' title='bbox 1344 3411 1435 3483; x_wconf 77' lang='lat' dir='ltr'><strong>(Nar.</strong></span> <span class='ocrx_word' id='word_1_510' title='bbox 1453 3411 1507 3484; x_wconf 84' lang='lat' dir='ltr'><strong>ro).</strong></span> <span class='ocrx_word' id='word_1_511' title='bbox 1524 3433 1539 3464; x_wconf 79' lang='lat' dir='ltr'><strong>u</strong></span> <span class='ocrx_word' id='word_1_512' title='bbox 1553 3410 1691 3485; x_wconf 88' lang='lat' dir='ltr'><strong>Sequitur</strong></span> <span class='ocrx_word' id='word_1_513' title='bbox 1706 3427 1713 3468; x_wconf 81' lang='grc' dir='ltr'><strong>ι</strong></span> 
     </span>
     <span class='ocr_line' id='line_1_38' title="bbox 277 3496 1993 3572; baseline 0 -14"><span class='ocrx_word' id='word_1_514' title='bbox 277 3499 430 3558; x_wconf 79' lang='lat' dir='ltr'><strong>leviathan</strong></span> <span class='ocrx_word' id='word_1_515' title='bbox 444 3499 549 3556; x_wconf 89' lang='lat' dir='ltr'><strong>dentes</strong></span> <span class='ocrx_word' id='word_1_516' title='bbox 562 3501 634 3556; x_wconf 91' lang='lat' dir='ltr'><strong>sunt</strong></span> <span class='ocrx_word' id='word_1_517' title='bbox 643 3512 779 3556; x_wconf 90' lang='lat' dir='ltr'><strong>errorum</strong></span> <span class='ocrx_word' id='word_1_518' title='bbox 790 3497 934 3569; x_wconf 88' lang='lat' dir='ltr'><strong>magistri,</strong></span> <span class='ocrx_word' id='word_1_519' title='bbox 942 3496 996 3570; x_wconf 92' lang='lat' dir='ltr'><strong>qui</strong></span> <span class='ocrx_word' id='word_1_520' title='bbox 1004 3512 1107 3572; x_wconf 89' lang='lat' dir='ltr'><strong>repro·</strong></span> <span class='ocrx_word' id='word_1_521' title='bbox 1196 3500 1280 3558; x_wconf 82' lang='lat' dir='ltr'><strong>Vsus.</strong></span> <span class='ocrx_word' id='word_1_522' title='bbox 1296 3501 1322 3555; x_wconf 81' lang='grc'><strong>9.</strong></span> <span class='ocrx_word' id='word_1_523' title='bbox 1331 3499 1527 3558; x_wconf 62' lang='lat' dir='ltr'><strong>vSteruututio</strong></span> <span class='ocrx_word' id='word_1_524' title='bbox 1539 3502 1604 3571; x_wconf 83' lang='lat' dir='ltr'><strong>ejus</strong></span> <span class='ocrx_word' id='word_1_525' title='bbox 1619 3499 1761 3570; x_wconf 80' lang='lat' dir='ltr'><strong>aptandos·</strong></span> <span class='ocrx_word' id='word_1_526' title='bbox 1770 3499 1862 3572; x_wconf 70' lang='grc' dir='ltr'>ιιιιιι.</span> <span class='ocrx_word' id='word_1_527' title='bbox 1877 3531 1910 3542; x_wconf 88' lang='grc'><strong>-</strong></span> <span class='ocrx_word' id='word_1_528' title='bbox 1921 3502 1993 3558; x_wconf 74' lang='lat' dir='ltr'><strong>ster</strong></span> 
     </span>
     <span class='ocr_line' id='line_1_39' title="bbox 277 3584 1992 3662; baseline -0.002 -14"><span class='ocrx_word' id='word_1_529' title='bbox 277 3587 389 3648; x_wconf 90' lang='lat' dir='ltr'><strong>borum</strong></span> <span class='ocrx_word' id='word_1_530' title='bbox 401 3587 492 3644; x_wconf 87' lang='lat' dir='ltr'><strong>ritem</strong></span> <span class='ocrx_word' id='word_1_531' title='bbox 506 3585 676 3644; x_wconf 91' lang='lat' dir='ltr'><strong>mordendo</strong></span> <span class='ocrx_word' id='word_1_532' title='bbox 688 3584 844 3652; x_wconf 88' lang='lat' dir='ltr'><strong>dilaniant,</strong></span> <span class='ocrx_word' id='word_1_533' title='bbox 861 3588 890 3642; x_wconf 90' lang='lat' dir='ltr'><strong>et</strong></span> <span class='ocrx_word' id='word_1_534' title='bbox 902 3599 955 3642; x_wconf 89' lang='lat' dir='ltr'><strong>eos</strong></span> <span class='ocrx_word' id='word_1_535' title='bbox 969 3584 1108 3643; x_wconf 81' lang='lat' dir='ltr'><strong>averita·</strong></span> <span class='ocrx_word' id='word_1_536' title='bbox 1160 3584 1276 3643; x_wconf 89' lang='lat' dir='ltr'><strong>nutatio</strong></span> <span class='ocrx_word' id='word_1_537' title='bbox 1285 3585 1399 3660; x_wconf 89' lang='lat' dir='ltr'><strong>quippe</strong></span> <span class='ocrx_word' id='word_1_538' title='bbox 1413 3585 1545 3645; x_wconf 82' lang='lat' dir='ltr'><strong>inflatos</strong></span> <span class='ocrx_word' id='word_1_539' title='bbox 1558 3590 1678 3662; x_wconf 88' lang='lat' dir='ltr'><strong>pectore</strong></span> <span class='ocrx_word' id='word_1_540' title='bbox 1688 3587 1829 3658; x_wconf 82' lang='lat' dir='ltr'><strong>exsurgit,</strong></span> <span class='ocrx_word' id='word_1_541' title='bbox 1840 3603 1912 3660; x_wconf 82' lang='lat' dir='ltr'><strong>quae</strong></span> <span class='ocrx_word' id='word_1_542' title='bbox 1925 3604 1992 3644; x_wconf 89' lang='lat' dir='ltr'><strong>oum</strong></span> 
     </span>
     <span class='ocr_line' id='line_1_40' title="bbox 278 3670 1992 3750; baseline 0 -16"><span class='ocrx_word' id='word_1_543' title='bbox 278 3676 316 3734; x_wconf 90' lang='lat' dir='ltr'><strong>tis</strong></span> <span class='ocrx_word' id='word_1_544' title='bbox 329 3674 495 3746; x_wconf 86' lang='lat' dir='ltr'><strong>integritate</strong></span> <span class='ocrx_word' id='word_1_545' title='bbox 510 3672 687 3744; x_wconf 89' lang='lat' dir='ltr'><strong>subductos,</strong></span> <span class='ocrx_word' id='word_1_546' title='bbox 696 3671 880 3730; x_wconf 88' lang='lat' dir='ltr'><strong>insacrificio</strong></span> <span class='ocrx_word' id='word_1_547' title='bbox 893 3670 1107 3732; x_wconf 85' lang='lat' dir='ltr'><strong>falsitatisme-</strong></span> <span class='ocrx_word' id='word_1_548' title='bbox 1162 3677 1282 3747; x_wconf 83' lang='lat' dir='ltr'><strong>apertos</strong></span> <span class='ocrx_word' id='word_1_549' title='bbox 1296 3674 1336 3732; x_wconf 87' lang='lat' dir='ltr'><strong>ed</strong></span> <span class='ocrx_word' id='word_1_550' title='bbox 1350 3675 1558 3734; x_wconf 86' lang='lat' dir='ltr'><strong>emanandum</strong></span> <span class='ocrx_word' id='word_1_551' title='bbox 1570 3691 1661 3750; x_wconf 91' lang='lat' dir='ltr'><strong>poros</strong></span> <span class='ocrx_word' id='word_1_552' title='bbox 1675 3691 1739 3734; x_wconf 88' lang='grc' dir='ltr'>ιιοιι</span> <span class='ocrx_word' id='word_1_553' title='bbox 1765 3675 1891 3744; x_wconf 85' lang='lat' dir='ltr'><strong>invenit,</strong></span> <span class='ocrx_word' id='word_1_554' title='bbox 1915 3693 1992 3734; x_wconf 81' lang='lat' dir='ltr'><strong>cere</strong></span> 
     </span>
     <span class='ocr_line' id='line_1_41' title="bbox 277 3761 1991 3839; baseline 0.001 -17"><span class='ocrx_word' id='word_1_555' title='bbox 277 3767 370 3822; x_wconf 86' lang='lat' dir='ltr'><strong>etant.</strong></span> <span class='ocrx_word' id='word_1_556' title='bbox 387 3761 547 3837; x_wconf 86' lang='lat' dir='ltr'><strong>sequitur:</strong></span> <span class='ocrx_word' id='word_1_557' title='bbox 1160 3761 1251 3822; x_wconf 88' lang='lat' dir='ltr'><strong>brem</strong></span> <span class='ocrx_word' id='word_1_558' title='bbox 1264 3763 1368 3836; x_wconf 90' lang='lat' dir='ltr'><strong>tangit,</strong></span> <span class='ocrx_word' id='word_1_559' title='bbox 1384 3767 1413 3822; x_wconf 91' lang='lat' dir='ltr'><strong>et</strong></span> <span class='ocrx_word' id='word_1_560' title='bbox 1427 3769 1569 3837; x_wconf 88' lang='lat' dir='ltr'><strong>congesta</strong></span> <span class='ocrx_word' id='word_1_561' title='bbox 1583 3779 1741 3839; x_wconf 84' lang='lat' dir='ltr'><strong>pernares</strong></span> <span class='ocrx_word' id='word_1_562' title='bbox 1755 3764 1868 3835; x_wconf 79' lang='grc' dir='ltr'>ιιιιιιι,</span> <span class='ocrx_word' id='word_1_563' title='bbox 1897 3771 1991 3824; x_wconf 88' lang='lat' dir='ltr'><strong>tutum</strong></span> 
     </span>
    </p>

    <p class='ocr_par' dir='ltr' id='par_1_4' title="bbox 255 3849 1992 5704">
     <span class='ocr_line' id='line_1_42' title="bbox 314 3849 1992 3928; baseline 0 -16"><span class='ocrx_word' id='word_1_564' title='bbox 314 3853 400 3912; x_wconf 82' lang='lat' dir='ltr'><strong>Vsus.</strong></span> <span class='ocrx_word' id='word_1_565' title='bbox 414 3856 441 3910; x_wconf 81' lang='lat' dir='ltr'><strong>t.</strong></span> <span class='ocrx_word' id='word_1_566' title='bbox 458 3852 573 3924; x_wconf 69' lang='lat' dir='ltr'><strong>comus</strong></span> <span class='ocrx_word' id='word_1_567' title='bbox 584 3851 668 3910; x_wconf 83' lang='lat' dir='ltr'><strong>littus</strong></span> <span class='ocrx_word' id='word_1_568' title='bbox 687 3850 777 3924; x_wconf 82' lang='lat' dir='ltr'><strong>quasi</strong></span> <span class='ocrx_word' id='word_1_569' title='bbox 786 3855 875 3908; x_wconf 83' lang='lat' dir='ltr'><strong>eruta</strong></span> <span class='ocrx_word' id='word_1_570' title='bbox 891 3850 1010 3924; x_wconf 79' lang='lat' dir='ltr'><strong>fusilia.</strong></span> <span class='ocrx_word' id='word_1_571' title='bbox 1024 3881 1059 3892; x_wconf 88' lang='lat'><strong>-</strong></span> <span class='ocrx_word' id='word_1_572' title='bbox 1073 3849 1107 3908; x_wconf 93' lang='lat' dir='ltr'><strong>In</strong></span> <span class='ocrx_word' id='word_1_573' title='bbox 1161 3856 1252 3927; x_wconf 88' lang='lat' dir='ltr'><strong>ceput</strong></span> <span class='ocrx_word' id='word_1_574' title='bbox 1265 3851 1401 3926; x_wconf 87' lang='lat' dir='ltr'><strong>protinus</strong></span> <span class='ocrx_word' id='word_1_575' title='bbox 1412 3853 1554 3912; x_wconf 78' lang='lat' dir='ltr'><strong>concedi.</strong></span> <span class='ocrx_word' id='word_1_576' title='bbox 1570 3853 1662 3921; x_wconf 80' lang='lat' dir='ltr'><strong>Quasi</strong></span> <span class='ocrx_word' id='word_1_577' title='bbox 1671 3853 1753 3912; x_wconf 88' lang='lat' dir='ltr'><strong>enim</strong></span> <span class='ocrx_word' id='word_1_578' title='bbox 1766 3853 1912 3912; x_wconf 76' lang='lat' dir='ltr'><strong>inhafioe</strong></span> <span class='ocrx_word' id='word_1_579' title='bbox 1925 3871 1992 3928; x_wconf 89' lang='lat' dir='ltr'><strong>peo-</strong></span> 
     </span>
     <span class='ocr_line' id='line_1_43' title="bbox 258 3938 1991 4022; baseline 0 -20"><span class='ocrx_word' id='word_1_580' title='bbox 258 3941 430 4022; x_wconf 59' lang='lat' dir='ltr'><strong>¹,Scriptura</strong></span> <span class='ocrx_word' id='word_1_581' title='bbox 444 3957 531 4000; x_wconf 88' lang='lat' dir='ltr'><strong>secra</strong></span> <span class='ocrx_word' id='word_1_582' title='bbox 544 3939 620 4002; x_wconf 88' lang='lat' dir='ltr'><strong>scuti</strong></span> <span class='ocrx_word' id='word_1_583' title='bbox 629 3939 752 4000; x_wconf 90' lang='lat' dir='ltr'><strong>nomine</strong></span> <span class='ocrx_word' id='word_1_584' title='bbox 767 3938 931 4013; x_wconf 90' lang='lat' dir='ltr'><strong>aliquando</strong></span> <span class='ocrx_word' id='word_1_585' title='bbox 940 3938 1107 4014; x_wconf 87' lang='lat' dir='ltr'><strong>prodirine</strong></span> <span class='ocrx_word' id='word_1_586' title='bbox 1159 3944 1223 3999; x_wconf 92' lang='lat' dir='ltr'><strong>tore</strong></span> <span class='ocrx_word' id='word_1_587' title='bbox 1233 3941 1386 4000; x_wconf 84' lang='lat' dir='ltr'><strong>leviathan</strong></span> <span class='ocrx_word' id='word_1_588' title='bbox 1399 3943 1503 4014; x_wconf 88' lang='lat' dir='ltr'><strong>surgit,</strong></span> <span class='ocrx_word' id='word_1_589' title='bbox 1519 3942 1594 4002; x_wconf 88' lang='lat' dir='ltr'><strong>dum</strong></span> <span class='ocrx_word' id='word_1_590' title='bbox 1606 3943 1696 4002; x_wconf 91' lang='lat' dir='ltr'><strong>elatio</strong></span> <span class='ocrx_word' id='word_1_591' title='bbox 1708 3957 1740 4000; x_wconf 90' lang='lat' dir='ltr'><strong>se</strong></span> <span class='ocrx_word' id='word_1_592' title='bbox 1750 3943 1838 4014; x_wconf 90' lang='lat' dir='ltr'><strong>erigit</strong></span> <span class='ocrx_word' id='word_1_593' title='bbox 1852 3959 1890 4001; x_wconf 89' lang='lat' dir='ltr'><strong>ex</strong></span> <span class='ocrx_word' id='word_1_594' title='bbox 1915 3959 1991 4019; x_wconf 80' lang='lat' dir='ltr'><strong>pree-</strong></span> 
     </span>
     <span class='ocr_line' id='line_1_44' title="bbox 263 4027 1989 4108; baseline -0.001 -18"><span class='ocrx_word' id='word_1_595' title='bbox 263 4031 459 4108; x_wconf 72' lang='lat' dir='ltr'><strong>,protectione</strong></span> <span class='ocrx_word' id='word_1_596' title='bbox 472 4029 602 4105; x_wconf 90' lang='lat' dir='ltr'><strong>ponitur.</strong></span> <span class='ocrx_word' id='word_1_597' title='bbox 619 4027 739 4086; x_wconf 91' lang='lat' dir='ltr'><strong>Utillud</strong></span> <span class='ocrx_word' id='word_1_598' title='bbox 764 4045 771 4084; x_wconf 93' lang='lat'><strong>:</strong></span> <span class='ocrx_word' id='word_1_599' title='bbox 796 4049 811 4082; x_wconf 73' lang='lat' dir='ltr'><strong>a</strong></span> <span class='ocrx_word' id='word_1_600' title='bbox 828 4027 964 4098; x_wconf 86' lang='lat' dir='ltr'><strong>Domine,</strong></span> <span class='ocrx_word' id='word_1_601' title='bbox 977 4031 1011 4086; x_wconf 93' lang='lat' dir='ltr'><strong>ut</strong></span> <span class='ocrx_word' id='word_1_602' title='bbox 1021 4032 1106 4086; x_wconf 90' lang='lat' dir='ltr'><strong>scuto</strong></span> <span class='ocrx_word' id='word_1_603' title='bbox 1160 4029 1251 4088; x_wconf 89' lang='lat' dir='ltr'><strong>sentis</strong></span> <span class='ocrx_word' id='word_1_604' title='bbox 1265 4030 1366 4088; x_wconf 74' lang='lat' dir='ltr'><strong>saculi</strong></span> <span class='ocrx_word' id='word_1_605' title='bbox 1390 4035 1557 4106; x_wconf 89' lang='lat' dir='ltr'><strong>potestate:</strong></span> <span class='ocrx_word' id='word_1_606' title='bbox 1587 4031 1641 4090; x_wconf 88' lang='lat' dir='ltr'><strong>sed</strong></span> <span class='ocrx_word' id='word_1_607' title='bbox 1660 4047 1752 4108; x_wconf 89' lang='lat' dir='ltr'><strong>poros</strong></span> <span class='ocrx_word' id='word_1_608' title='bbox 1776 4046 1839 4090; x_wconf 93' lang='lat' dir='ltr'><strong>non</strong></span> <span class='ocrx_word' id='word_1_609' title='bbox 1866 4031 1989 4100; x_wconf 84' lang='lat' dir='ltr'><strong>invenit,</strong></span> 
     </span>
     <span class='ocr_line' id='line_1_45' title="bbox 274 4116 1988 4195; baseline -0.001 -15"><span class='ocrx_word' id='word_1_610' title='bbox 274 4121 365 4180; x_wconf 86' lang='lat' dir='ltr'><strong>bonoe</strong></span> <span class='ocrx_word' id='word_1_611' title='bbox 379 4120 541 4178; x_wconf 81' lang='lat' dir='ltr'><strong>voluntatis</strong></span> <span class='ocrx_word' id='word_1_612' title='bbox 555 4118 922 4192; x_wconf 78' lang='lat' dir='ltr'><strong>tuae,»etc.(Pset.r,t³).</strong></span> <span class='ocrx_word' id='word_1_613' title='bbox 935 4116 1105 4192; x_wconf 75' lang='lat' dir='ltr'><strong>aliquando</strong></span> <span class='ocrx_word' id='word_1_614' title='bbox 1158 4117 1232 4192; x_wconf 89' lang='lat' dir='ltr'><strong>qula</strong></span> <span class='ocrx_word' id='word_1_615' title='bbox 1256 4123 1360 4178; x_wconf 87' lang='lat' dir='ltr'><strong>eontra</strong></span> <span class='ocrx_word' id='word_1_616' title='bbox 1383 4119 1481 4192; x_wconf 82' lang='lat' dir='ltr'><strong>iustos</strong></span> <span class='ocrx_word' id='word_1_617' title='bbox 1508 4119 1647 4178; x_wconf 85' lang='lat' dir='ltr'><strong>extollere</strong></span> <span class='ocrx_word' id='word_1_618' title='bbox 1681 4125 1831 4195; x_wconf 84' lang='lat' dir='ltr'><strong>quantum</strong></span> <span class='ocrx_word' id='word_1_619' title='bbox 1865 4121 1988 4194; x_wconf 85' lang='lat' dir='ltr'><strong>appetit,</strong></span> 
     </span>
     <span class='ocr_line' id='line_1_46' title="bbox 274 4205 1989 4286; baseline -0.002 -18"><span class='ocrx_word' id='word_1_620' title='bbox 274 4227 330 4286; x_wconf 90' lang='lat' dir='ltr'><strong>pro</strong></span> <span class='ocrx_word' id='word_1_621' title='bbox 342 4207 711 4283; x_wconf 85' lang='lat' dir='ltr'><strong>humanarepugnatione,</strong></span> <span class='ocrx_word' id='word_1_622' title='bbox 718 4212 751 4264; x_wconf 94' lang='lat' dir='ltr'><strong>ut</strong></span> <span class='ocrx_word' id='word_1_623' title='bbox 761 4206 836 4264; x_wconf 91' lang='lat' dir='ltr'><strong>illud</strong></span> <span class='ocrx_word' id='word_1_624' title='bbox 848 4224 876 4263; x_wconf 78' lang='lat' dir='ltr'><strong>:r</strong></span> <span class='ocrx_word' id='word_1_625' title='bbox 890 4205 1105 4277; x_wconf 90' lang='lat' dir='ltr'><strong>ibiconiringet</strong></span> <span class='ocrx_word' id='word_1_626' title='bbox 1158 4205 1345 4279; x_wconf 87' lang='lat' dir='ltr'><strong>prohibetur.</strong></span> <span class='ocrx_word' id='word_1_627' title='bbox 1361 4207 1523 4266; x_wconf 87' lang='lat' dir='ltr'><strong>cerebrum</strong></span> <span class='ocrx_word' id='word_1_628' title='bbox 1537 4212 1639 4268; x_wconf 89' lang='lat' dir='ltr'><strong>autem</strong></span> <span class='ocrx_word' id='word_1_629' title='bbox 1665 4208 1807 4281; x_wconf 88' lang='lat' dir='ltr'><strong>concutit,</strong></span> <span class='ocrx_word' id='word_1_630' title='bbox 1831 4208 1908 4282; x_wconf 90' lang='lat' dir='ltr'><strong>quia</strong></span> <span class='ocrx_word' id='word_1_631' title='bbox 1922 4225 1989 4266; x_wconf 87' lang='lat' dir='ltr'><strong>sen·</strong></span> 
     </span>
     <span class='ocr_line' id='line_1_47' title="bbox 273 4295 1990 4372; baseline -0.002 -17"><span class='ocrx_word' id='word_1_632' title='bbox 273 4297 434 4372; x_wconf 73' lang='lat' dir='ltr'><strong>potentim,</strong></span> <span class='ocrx_word' id='word_1_633' title='bbox 449 4301 479 4354; x_wconf 91' lang='lat' dir='ltr'><strong>et</strong></span> <span class='ocrx_word' id='word_1_634' title='bbox 492 4295 626 4368; x_wconf 72' lang='lat' dir='ltr'><strong>gladim</strong></span> <span class='ocrx_word' id='word_1_635' title='bbox 639 4299 668 4352; x_wconf 91' lang='grc' dir='ltr'><strong>ιι</strong></span> <span class='ocrx_word' id='word_1_636' title='bbox 683 4298 802 4352; x_wconf 87' lang='lat' dir='ltr'><strong>scutum</strong></span> <span class='ocrx_word' id='word_1_637' title='bbox 827 4295 922 4367; x_wconf 81' lang='lat' dir='ltr'><strong>(Paul.</strong></span> <span class='ocrx_word' id='word_1_638' title='bbox 939 4311 1023 4366; x_wconf 79' lang='lat' dir='ltr'><strong>uxxv,</strong></span> <span class='ocrx_word' id='word_1_639' title='bbox 1036 4295 1075 4368; x_wconf 84' lang='grc' dir='ltr'><strong>ι).</strong></span> <span class='ocrx_word' id='word_1_640' title='bbox 1087 4315 1102 4345; x_wconf 81' lang='lat' dir='ltr'><strong>r</strong></span> <span class='ocrx_word' id='word_1_641' title='bbox 1151 4308 1227 4352; x_wconf 83' lang='lat' dir='ltr'><strong>sum</strong></span> <span class='ocrx_word' id='word_1_642' title='bbox 1240 4295 1358 4354; x_wconf 76' lang='lat' dir='ltr'><strong>satane</strong></span> <span class='ocrx_word' id='word_1_643' title='bbox 1371 4295 1401 4352; x_wconf 91' lang='lat' dir='ltr'><strong>in</strong></span> <span class='ocrx_word' id='word_1_644' title='bbox 1417 4295 1478 4352; x_wconf 88' lang='lat' dir='ltr'><strong>fine</strong></span> <span class='ocrx_word' id='word_1_645' title='bbox 1490 4295 1599 4354; x_wconf 90' lang='lat' dir='ltr'><strong>mundi</strong></span> <span class='ocrx_word' id='word_1_646' title='bbox 1612 4296 1722 4354; x_wconf 75' lang='lat' dir='ltr'><strong>arodus</strong></span> <span class='ocrx_word' id='word_1_647' title='bbox 1736 4295 1886 4370; x_wconf 85' lang='lat' dir='ltr'><strong>pertubat,</strong></span> <span class='ocrx_word' id='word_1_648' title='bbox 1903 4301 1933 4354; x_wconf 92' lang='lat' dir='ltr'><strong>et</strong></span> <span class='ocrx_word' id='word_1_649' title='bbox 1943 4311 1990 4352; x_wconf 86' lang='lat' dir='ltr'><strong>ce-</strong></span> 
     </span>
     <span class='ocr_line' id='line_1_48' title="bbox 274 4347 1989 4460; baseline -0.003 -14"><span class='ocrx_word' id='word_1_650' title='bbox 274 4383 588 4460; x_wconf 88' lang='lat' dir='ltr'><strong>Scutaquippefusilia</strong></span> <span class='ocrx_word' id='word_1_651' title='bbox 600 4382 969 4458; x_wconf 86' lang='lat' dir='ltr'><strong>ictuquidemferientium</strong></span> <span class='ocrx_word' id='word_1_652' title='bbox 975 4383 1101 4442; x_wconf 91' lang='lat' dir='ltr'><strong>minime</strong></span> <span class='ocrx_word' id='word_1_653' title='bbox 1121 4347 1144 4404; x_wconf 67' lang='grc' dir='ltr'>ὓ</span> <span class='ocrx_word' id='word_1_654' title='bbox 1157 4385 1213 4455; x_wconf 91' lang='lat' dir='ltr'><strong>put</strong></span> <span class='ocrx_word' id='word_1_655' title='bbox 1225 4382 1336 4452; x_wconf 91' lang='lat' dir='ltr'><strong>turbat,</strong></span> <span class='ocrx_word' id='word_1_656' title='bbox 1351 4383 1426 4441; x_wconf 88' lang='lat' dir='ltr'><strong>dum</strong></span> <span class='ocrx_word' id='word_1_657' title='bbox 1439 4399 1494 4458; x_wconf 86' lang='lat' dir='ltr'><strong>par</strong></span> <span class='ocrx_word' id='word_1_658' title='bbox 1504 4383 1720 4442; x_wconf 74' lang='lat' dir='ltr'><strong>antennarum</strong></span> <span class='ocrx_word' id='word_1_659' title='bbox 1745 4383 1989 4458; x_wconf 84' lang='lat' dir='ltr'><strong>persecutionem</strong></span> 
     </span>
     <span class='ocr_line' id='line_1_49' title="bbox 271 4469 1989 4548; baseline 0 -18"><span class='ocrx_word' id='word_1_660' title='bbox 271 4474 476 4548; x_wconf 79' lang='lat' dir='ltr'><strong>ponebantur,</strong></span> <span class='ocrx_word' id='word_1_661' title='bbox 491 4470 545 4530; x_wconf 90' lang='lat' dir='ltr'><strong>sed</strong></span> <span class='ocrx_word' id='word_1_662' title='bbox 554 4486 609 4528; x_wconf 90' lang='lat' dir='ltr'><strong>suo</strong></span> <span class='ocrx_word' id='word_1_663' title='bbox 620 4486 652 4526; x_wconf 93' lang='lat' dir='ltr'><strong>se</strong></span> <span class='ocrx_word' id='word_1_664' title='bbox 661 4469 750 4544; x_wconf 91' lang='lat' dir='ltr'><strong>lapsu</strong></span> <span class='ocrx_word' id='word_1_665' title='bbox 760 4469 988 4548; x_wconf 87' lang='lat' dir='ltr'><strong>perfregmanta</strong></span> <span class='ocrx_word' id='word_1_666' title='bbox 996 4469 1102 4528; x_wconf 90' lang='lat' dir='ltr'><strong>dissoi-</strong></span> <span class='ocrx_word' id='word_1_667' title='bbox 1156 4469 1291 4529; x_wconf 85' lang='lat' dir='ltr'><strong>fidelium</strong></span> <span class='ocrx_word' id='word_1_668' title='bbox 1305 4472 1499 4532; x_wconf 85' lang='lat' dir='ltr'><strong>vehementer</strong></span> <span class='ocrx_word' id='word_1_669' title='bbox 1522 4473 1639 4532; x_wconf 88' lang='lat' dir='ltr'><strong>excitet.</strong></span> <span class='ocrx_word' id='word_1_670' title='bbox 1668 4475 1750 4532; x_wconf 73' lang='lat' dir='ltr'><strong>luno</strong></span> <span class='ocrx_word' id='word_1_671' title='bbox 1778 4477 1925 4546; x_wconf 84' lang='lat' dir='ltr'><strong>congesta</strong></span> <span class='ocrx_word' id='word_1_672' title='bbox 1942 4473 1989 4530; x_wconf 91' lang='lat' dir='ltr'><strong>in·</strong></span> 
     </span>
     <span class='ocr_line' id='line_1_50' title="bbox 271 4559 1987 4637; baseline -0.003 -14"><span class='ocrx_word' id='word_1_673' title='bbox 271 4559 839 4636; x_wconf 77' lang='lat' dir='ltr'><strong>euntcorpuscrgohvierhenistius,</strong></span> <span class='ocrx_word' id='word_1_674' title='bbox 866 4559 968 4634; x_wconf 88' lang='lat' dir='ltr'><strong>idest,</strong></span> <span class='ocrx_word' id='word_1_675' title='bbox 994 4575 1101 4618; x_wconf 89' lang='lat' dir='ltr'><strong>omnes</strong></span> <span class='ocrx_word' id='word_1_676' title='bbox 1153 4559 1236 4620; x_wconf 87' lang='lat' dir='ltr'><strong>ilatio</strong></span> <span class='ocrx_word' id='word_1_677' title='bbox 1260 4577 1314 4636; x_wconf 91' lang='lat' dir='ltr'><strong>per</strong></span> <span class='ocrx_word' id='word_1_678' title='bbox 1337 4563 1403 4635; x_wconf 81' lang='lat' dir='ltr'><strong>eius</strong></span> <span class='ocrx_word' id='word_1_679' title='bbox 1429 4577 1518 4622; x_wconf 87' lang='lat' dir='ltr'><strong>nares</strong></span> <span class='ocrx_word' id='word_1_680' title='bbox 1545 4562 1707 4634; x_wconf 88' lang='lat' dir='ltr'><strong>egreditur,</strong></span> <span class='ocrx_word' id='word_1_681' title='bbox 1750 4562 1825 4637; x_wconf 89' lang='lat' dir='ltr'><strong>quie</strong></span> <span class='ocrx_word' id='word_1_682' title='bbox 1857 4566 1921 4620; x_wconf 88' lang='lat' dir='ltr'><strong>tota</strong></span> <span class='ocrx_word' id='word_1_683' title='bbox 1936 4579 1987 4619; x_wconf 88' lang='lat' dir='ltr'><strong>su-</strong></span> 
     </span>
     <span class='ocr_line' id='line_1_51' title="bbox 269 4647 1988 4730; baseline -0.003 -18"><span class='ocrx_word' id='word_1_684' title='bbox 269 4651 377 4730; x_wconf 90' lang='lat' dir='ltr'><strong>iniqui‚</strong></span> <span class='ocrx_word' id='word_1_685' title='bbox 392 4651 530 4726; x_wconf 89' lang='lat' dir='ltr'><strong>quiaper</strong></span> <span class='ocrx_word' id='word_1_686' title='bbox 544 4649 777 4711; x_wconf 89' lang='lat' dir='ltr'><strong>obstinationem</strong></span> <span class='ocrx_word' id='word_1_687' title='bbox 791 4647 859 4706; x_wconf 90' lang='lat' dir='ltr'><strong>duri</strong></span> <span class='ocrx_word' id='word_1_688' title='bbox 886 4650 1030 4720; x_wconf 72' lang='lat' dir='ltr'><strong>suntsed</strong></span> <span class='ocrx_word' id='word_1_689' title='bbox 1045 4667 1099 4726; x_wconf 92' lang='lat' dir='ltr'><strong>per</strong></span> <span class='ocrx_word' id='word_1_690' title='bbox 1151 4649 1264 4723; x_wconf 78' lang='lat' dir='ltr'><strong>porhic</strong></span> <span class='ocrx_word' id='word_1_691' title='bbox 1294 4651 1360 4723; x_wconf 88' lang='lat' dir='ltr'><strong>ejus</strong></span> <span class='ocrx_word' id='word_1_692' title='bbox 1384 4649 1527 4725; x_wconf 83' lang='lat' dir='ltr'><strong>iniquitas</strong></span> <span class='ocrx_word' id='word_1_693' title='bbox 1564 4649 1676 4726; x_wconf 86' lang='lat' dir='ltr'><strong>apertis</strong></span> <span class='ocrx_word' id='word_1_694' title='bbox 1703 4649 1826 4710; x_wconf 76' lang='lat' dir='ltr'><strong>malitiae</strong></span> <span class='ocrx_word' id='word_1_695' title='bbox 1864 4649 1988 4708; x_wconf 86' lang='lat' dir='ltr'><strong>flatibus</strong></span> 
     </span>
     <span class='ocr_line' id='line_1_52' title="bbox 268 4735 1987 4814; baseline -0.003 -14"><span class='ocrx_word' id='word_1_696' title='bbox 268 4743 363 4802; x_wconf 84' lang='lat' dir='ltr'><strong>vitam</strong></span> <span class='ocrx_word' id='word_1_697' title='bbox 378 4740 506 4814; x_wconf 84' lang='lat' dir='ltr'><strong>fragiles,</strong></span> <span class='ocrx_word' id='word_1_698' title='bbox 522 4738 612 4798; x_wconf 90' lang='lat' dir='ltr'><strong>scutis</strong></span> <span class='ocrx_word' id='word_1_699' title='bbox 626 4737 766 4796; x_wconf 90' lang='lat' dir='ltr'><strong>fusilibus</strong></span> <span class='ocrx_word' id='word_1_700' title='bbox 783 4743 1008 4813; x_wconf 90' lang='lat' dir='ltr'><strong>comparantur.</strong></span> <span class='ocrx_word' id='word_1_701' title='bbox 1024 4742 1099 4798; x_wconf 82' lang='lat' dir='ltr'><strong>Cum</strong></span> <span class='ocrx_word' id='word_1_702' title='bbox 1152 4735 1384 4797; x_wconf 89' lang='lat' dir='ltr'><strong>demonstretur.</strong></span> <span class='ocrx_word' id='word_1_703' title='bbox 1408 4739 1588 4799; x_wconf 86' lang='lat' dir='ltr'><strong>sternutatio</strong></span> <span class='ocrx_word' id='word_1_704' title='bbox 1614 4755 1686 4811; x_wconf 89' lang='lat' dir='ltr'><strong>argo</strong></span> <span class='ocrx_word' id='word_1_705' title='bbox 1713 4742 1840 4798; x_wconf 84' lang='lat' dir='ltr'><strong>vocetur</strong></span> <span class='ocrx_word' id='word_1_706' title='bbox 1864 4737 1919 4797; x_wconf 87' lang='lat' dir='ltr'><strong>illa</strong></span> <span class='ocrx_word' id='word_1_707' title='bbox 1940 4755 1987 4796; x_wconf 90' lang='lat' dir='ltr'><strong>ex-</strong></span> 
     </span>
     <span class='ocr_line' id='line_1_53' title="bbox 267 4825 1985 4902; baseline -0.002 -14"><span class='ocrx_word' id='word_1_708' title='bbox 267 4831 348 4890; x_wconf 91' lang='lat' dir='ltr'><strong>enim</strong></span> <span class='ocrx_word' id='word_1_709' title='bbox 363 4829 455 4891; x_wconf 83' lang='lat' dir='ltr'><strong>rerba</strong></span> <span class='ocrx_word' id='word_1_710' title='bbox 479 4826 701 4902; x_wconf 72' lang='lat' dir='ltr'><strong>predicationis</strong></span> <span class='ocrx_word' id='word_1_711' title='bbox 728 4825 867 4898; x_wconf 88' lang='lat' dir='ltr'><strong>audiunt,</strong></span> <span class='ocrx_word' id='word_1_712' title='bbox 896 4825 979 4884; x_wconf 91' lang='lat' dir='ltr'><strong>nullo</strong></span> <span class='ocrx_word' id='word_1_713' title='bbox 1000 4842 1098 4886; x_wconf 87' lang='lat' dir='ltr'><strong>corre·</strong></span> <span class='ocrx_word' id='word_1_714' title='bbox 1152 4829 1248 4884; x_wconf 73' lang='lat' dir='ltr'><strong>hema</strong></span> <span class='ocrx_word' id='word_1_715' title='bbox 1274 4827 1445 4886; x_wconf 73' lang='lat' dir='ltr'><strong>Andohristi</strong></span> <span class='ocrx_word' id='word_1_716' title='bbox 1469 4827 1653 4901; x_wconf 89' lang='lat' dir='ltr'><strong>commotio,</strong></span> <span class='ocrx_word' id='word_1_717' title='bbox 1689 4827 1721 4886; x_wconf 90' lang='lat' dir='ltr'><strong>in</strong></span> <span class='ocrx_word' id='word_1_718' title='bbox 1746 4843 1808 4901; x_wconf 91' lang='lat' dir='ltr'><strong>quo</strong></span> <span class='ocrx_word' id='word_1_719' title='bbox 1833 4826 1985 4886; x_wconf 80' lang='lat' dir='ltr'><strong>leviathan</strong></span> 
     </span>
     <span class='ocr_line' id='line_1_54' title="bbox 258 4904 1981 4996; baseline -0.002 -22"><span class='ocrx_word' id='word_1_720' title='bbox 258 4904 378 4994; x_wconf 81' lang='lat' dir='ltr'><strong>&#39;ptionis</strong></span> <span class='ocrx_word' id='word_1_721' title='bbox 387 4917 491 4996; x_wconf 87' lang='lat' dir='ltr'><strong>jaculo</strong></span> <span class='ocrx_word' id='word_1_722' title='bbox 500 4934 532 4976; x_wconf 88' lang='lat' dir='ltr'><strong>se</strong></span> <span class='ocrx_word' id='word_1_723' title='bbox 539 4915 1003 4992; x_wconf 78' lang='lat' dir='ltr'><strong>penetrarepermittuut,qniein</strong></span> <span class='ocrx_word' id='word_1_724' title='bbox 1013 4917 1098 4975; x_wconf 90' lang='lat' dir='ltr'><strong>omni</strong></span> <span class='ocrx_word' id='word_1_725' title='bbox 1150 4913 1328 4987; x_wconf 89' lang='lat' dir='ltr'><strong>ingreditur,</strong></span> <span class='ocrx_word' id='word_1_726' title='bbox 1356 4919 1390 4973; x_wconf 90' lang='lat' dir='ltr'><strong>ut</strong></span> <span class='ocrx_word' id='word_1_727' title='bbox 1431 4932 1486 4991; x_wconf 87' lang='lat' dir='ltr'><strong>per</strong></span> <span class='ocrx_word' id='word_1_728' title='bbox 1513 4932 1584 4975; x_wconf 90' lang='lat' dir='ltr'><strong>eum</strong></span> <span class='ocrx_word' id='word_1_729' title='bbox 1614 4915 1751 4991; x_wconf 88' lang='lat' dir='ltr'><strong>reprobis</strong></span> <span class='ocrx_word' id='word_1_730' title='bbox 1777 4915 1981 4991; x_wconf 87' lang='lat' dir='ltr'><strong>principetur:</strong></span> 
     </span>
     <span class='ocr_line' id='line_1_55' title="bbox 264 5002 1983 5083; baseline 0.001 -21"><span class='ocrx_word' id='word_1_731' title='bbox 264 5010 390 5082; x_wconf 87' lang='lat' dir='ltr'><strong>peceato</strong></span> <span class='ocrx_word' id='word_1_732' title='bbox 404 5003 488 5078; x_wconf 89' lang='lat' dir='ltr'><strong>quod</strong></span> <span class='ocrx_word' id='word_1_733' title='bbox 500 5003 623 5074; x_wconf 90' lang='lat' dir='ltr'><strong>faciunt,</strong></span> <span class='ocrx_word' id='word_1_734' title='bbox 636 5008 755 5064; x_wconf 87' lang='lat' dir='ltr'><strong>scutum</strong></span> <span class='ocrx_word' id='word_1_735' title='bbox 766 5003 904 5083; x_wconf 76' lang='lat' dir='ltr'><strong>superba</strong></span> <span class='ocrx_word' id='word_1_736' title='bbox 914 5003 1096 5062; x_wconf 89' lang='lat' dir='ltr'><strong>defensionis</strong></span> <span class='ocrx_word' id='word_1_737' title='bbox 1150 5007 1180 5062; x_wconf 89' lang='lat' dir='ltr'><strong>et</strong></span> <span class='ocrx_word' id='word_1_738' title='bbox 1207 5003 1232 5060; x_wconf 90' lang='lat' dir='ltr'><strong>si</strong></span> <span class='ocrx_word' id='word_1_739' title='bbox 1258 5009 1358 5078; x_wconf 89' lang='lat' dir='ltr'><strong>potest</strong></span> <span class='ocrx_word' id='word_1_740' title='bbox 1389 5005 1464 5074; x_wconf 88' lang='lat' dir='ltr'><strong>fleri,</strong></span> <span class='ocrx_word' id='word_1_741' title='bbox 1506 5011 1540 5064; x_wconf 92' lang='lat' dir='ltr'><strong>ut</strong></span> <span class='ocrx_word' id='word_1_742' title='bbox 1563 5005 1702 5066; x_wconf 85' lang='lat' dir='ltr'><strong>membra</strong></span> <span class='ocrx_word' id='word_1_743' title='bbox 1738 5006 1830 5064; x_wconf 87' lang='lat' dir='ltr'><strong>etiam</strong></span> <span class='ocrx_word' id='word_1_744' title='bbox 1867 5002 1983 5064; x_wconf 80' lang='lat' dir='ltr'><strong>bomini</strong></span> 
     </span>
     <span class='ocr_line' id='line_1_56' title="bbox 256 5091 1981 5170; baseline -0.002 -16"><span class='ocrx_word' id='word_1_745' title='bbox 256 5097 434 5170; x_wconf 82' lang='lat' dir='ltr'><strong>opponunt.</strong></span> <span class='ocrx_word' id='word_1_746' title='bbox 449 5092 521 5150; x_wconf 88' lang='lat' dir='ltr'><strong>ilino</strong></span> <span class='ocrx_word' id='word_1_747' title='bbox 535 5107 589 5166; x_wconf 91' lang='lat' dir='ltr'><strong>per</strong></span> <span class='ocrx_word' id='word_1_748' title='bbox 603 5091 762 5150; x_wconf 82' lang='lat' dir='ltr'><strong>ieremiam</strong></span> <span class='ocrx_word' id='word_1_749' title='bbox 774 5091 882 5150; x_wconf 90' lang='lat' dir='ltr'><strong>dicitur</strong></span> <span class='ocrx_word' id='word_1_750' title='bbox 912 5110 918 5150; x_wconf 94' lang='lat'><strong>:</strong></span> <span class='ocrx_word' id='word_1_751' title='bbox 949 5115 964 5144; x_wconf 72' lang='grc' dir='ltr'><strong>ιι</strong></span> <span class='ocrx_word' id='word_1_752' title='bbox 979 5091 1094 5151; x_wconf 83' lang='lat' dir='ltr'><strong>Reddas</strong></span> <span class='ocrx_word' id='word_1_753' title='bbox 1150 5091 1410 5168; x_wconf 87' lang='lat' dir='ltr'><strong>clectaperturhet</strong></span> <span class='ocrx_word' id='word_1_754' title='bbox 1425 5113 1432 5164; x_wconf 87' lang='lat'><strong>;</strong></span> <span class='ocrx_word' id='word_1_755' title='bbox 1448 5094 1601 5169; x_wconf 80' lang='lat' dir='ltr'><strong>quitantia</strong></span> <span class='ocrx_word' id='word_1_756' title='bbox 1615 5094 1709 5168; x_wconf 86' lang='lat' dir='ltr'><strong>signis</strong></span> <span class='ocrx_word' id='word_1_757' title='bbox 1722 5099 1752 5152; x_wconf 90' lang='lat' dir='ltr'><strong>et</strong></span> <span class='ocrx_word' id='word_1_758' title='bbox 1765 5093 1916 5169; x_wconf 86' lang='lat' dir='ltr'><strong>prodigiis</strong></span> <span class='ocrx_word' id='word_1_759' title='bbox 1930 5093 1981 5151; x_wconf 90' lang='lat' dir='ltr'><strong>uti-</strong></span> 
     </span>
     <span class='ocr_line' id='line_1_57' title="bbox 264 5179 1978 5259; baseline -0.004 -17"><span class='ocrx_word' id='word_1_760' title='bbox 264 5183 292 5242; x_wconf 89' lang='grc' dir='ltr'><strong>ιι</strong></span> <span class='ocrx_word' id='word_1_761' title='bbox 305 5183 410 5251; x_wconf 86' lang='lat' dir='ltr'><strong>sicem,</strong></span> <span class='ocrx_word' id='word_1_762' title='bbox 426 5179 563 5252; x_wconf 86' lang='lat' dir='ltr'><strong>Domine,</strong></span> <span class='ocrx_word' id='word_1_763' title='bbox 576 5179 663 5252; x_wconf 88' lang='lat' dir='ltr'><strong>juxta</strong></span> <span class='ocrx_word' id='word_1_764' title='bbox 675 5195 769 5256; x_wconf 87' lang='lat' dir='ltr'><strong>opera</strong></span> <span class='ocrx_word' id='word_1_765' title='bbox 781 5197 930 5239; x_wconf 88' lang='lat' dir='ltr'><strong>manuum</strong></span> <span class='ocrx_word' id='word_1_766' title='bbox 945 5197 1070 5240; x_wconf 83' lang='lat' dir='ltr'><strong>suerun</strong></span> <span class='ocrx_word' id='word_1_767' title='bbox 1086 5199 1093 5252; x_wconf 90' lang='lat'><strong>;</strong></span> <span class='ocrx_word' id='word_1_768' title='bbox 1150 5184 1207 5251; x_wconf 87' lang='lat' dir='ltr'><strong>tur,</strong></span> <span class='ocrx_word' id='word_1_769' title='bbox 1221 5186 1254 5239; x_wconf 91' lang='lat' dir='ltr'><strong>ut</strong></span> <span class='ocrx_word' id='word_1_770' title='bbox 1265 5181 1480 5240; x_wconf 85' lang='lat' dir='ltr'><strong>miraculorum</strong></span> <span class='ocrx_word' id='word_1_771' title='bbox 1492 5184 1625 5258; x_wconf 88' lang='lat' dir='ltr'><strong>potentie</strong></span> <span class='ocrx_word' id='word_1_772' title='bbox 1639 5183 1727 5259; x_wconf 90' lang='lat' dir='ltr'><strong>quasi</strong></span> <span class='ocrx_word' id='word_1_773' title='bbox 1740 5182 1880 5256; x_wconf 88' lang='lat' dir='ltr'><strong>quodam</strong></span> <span class='ocrx_word' id='word_1_774' title='bbox 1906 5181 1978 5255; x_wconf 83' lang='lat' dir='ltr'><strong>ignis</strong></span> 
     </span>
     <span class='ocr_line' id='line_1_58' title="bbox 255 5267 1978 5346; baseline -0.004 -12"><span class='ocrx_word' id='word_1_775' title='bbox 255 5273 349 5343; x_wconf 60' lang='lat' dir='ltr'><strong>„dahis</strong></span> <span class='ocrx_word' id='word_1_776' title='bbox 363 5271 405 5330; x_wconf 91' lang='lat' dir='ltr'><strong>eis</strong></span> <span class='ocrx_word' id='word_1_777' title='bbox 418 5274 538 5328; x_wconf 88' lang='lat' dir='ltr'><strong>scutum</strong></span> <span class='ocrx_word' id='word_1_778' title='bbox 552 5267 798 5328; x_wconf 88' lang='lat' dir='ltr'><strong>cordisleborem</strong></span> <span class='ocrx_word' id='word_1_779' title='bbox 810 5274 898 5330; x_wconf 90' lang='lat' dir='ltr'><strong>tuum</strong></span> <span class='ocrx_word' id='word_1_780' title='bbox 913 5270 1035 5341; x_wconf 74' lang='grc' dir='ltr'>(Τιιιιι.</span> <span class='ocrx_word' id='word_1_781' title='bbox 1050 5288 1091 5342; x_wconf 93' lang='grc' dir='ltr'>ιιι,</span> <span class='ocrx_word' id='word_1_782' title='bbox 1147 5267 1261 5332; x_wconf 88' lang='lat' dir='ltr'><strong>lumine</strong></span> <span class='ocrx_word' id='word_1_783' title='bbox 1275 5271 1467 5346; x_wconf 89' lang='lat' dir='ltr'><strong>resplendere</strong></span> <span class='ocrx_word' id='word_1_784' title='bbox 1480 5270 1625 5332; x_wconf 84' lang='lat' dir='ltr'><strong>rideatur.</strong></span> <span class='ocrx_word' id='word_1_785' title='bbox 1637 5272 1776 5346; x_wconf 86' lang='lat' dir='ltr'><strong>sequitur</strong></span> <span class='ocrx_word' id='word_1_786' title='bbox 1792 5271 1901 5332; x_wconf 71' lang='lat' dir='ltr'><strong>:ecee</strong></span> <span class='ocrx_word' id='word_1_787' title='bbox 1920 5275 1978 5344; x_wconf 69' lang='lat' dir='ltr'><strong>eju</strong></span> 
     </span>
     <span class='ocr_line' id='line_1_59' title="bbox 261 5356 1977 5436; baseline -0.001 -18"><span class='ocrx_word' id='word_1_788' title='bbox 261 5361 365 5428; x_wconf 74' lang='lat' dir='ltr'><strong>ulos).</strong></span> <span class='ocrx_word' id='word_1_789' title='bbox 383 5382 397 5412; x_wconf 74' lang='lat' dir='ltr'><strong>s</strong></span> <span class='ocrx_word' id='word_1_790' title='bbox 413 5357 552 5433; x_wconf 88' lang='lat' dir='ltr'><strong>Sequitur</strong></span> <span class='ocrx_word' id='word_1_791' title='bbox 568 5376 574 5414; x_wconf 95' lang='lat'><strong>:</strong></span> <span class='ocrx_word' id='word_1_792' title='bbox 590 5356 785 5430; x_wconf 79' lang='lat' dir='ltr'><strong>Compasium</strong></span> <span class='ocrx_word' id='word_1_793' title='bbox 806 5361 937 5432; x_wconf 66' lang='lat' dir='ltr'><strong>squam</strong></span> <span class='ocrx_word' id='word_1_794' title='bbox 963 5374 994 5417; x_wconf 87' lang='grc' dir='ltr'><strong>ιι</strong></span> <span class='ocrx_word' id='word_1_795' title='bbox 1015 5375 1093 5431; x_wconf 79' lang='lat' dir='ltr'><strong>pra·</strong></span> <span class='ocrx_word' id='word_1_796' title='bbox 1147 5365 1181 5416; x_wconf 81' lang='lat' dir='ltr'><strong>ut</strong></span> <span class='ocrx_word' id='word_1_797' title='bbox 1193 5360 1348 5432; x_wconf 75' lang='lat' dir='ltr'><strong>palpebre</strong></span> <span class='ocrx_word' id='word_1_798' title='bbox 1359 5361 1500 5418; x_wconf 83' lang='lat' dir='ltr'><strong>diluculi.</strong></span> <span class='ocrx_word' id='word_1_799' title='bbox 1525 5393 1561 5404; x_wconf 88' lang='lat'>-</span> <span class='ocrx_word' id='word_1_800' title='bbox 1584 5365 1638 5419; x_wconf 84' lang='lat' dir='ltr'><strong>Per</strong></span> <span class='ocrx_word' id='word_1_801' title='bbox 1659 5360 1764 5420; x_wconf 89' lang='lat' dir='ltr'><strong>oculos</strong></span> <span class='ocrx_word' id='word_1_802' title='bbox 1784 5359 1902 5436; x_wconf 85' lang='lat' dir='ltr'><strong>quippe</strong></span> <span class='ocrx_word' id='word_1_803' title='bbox 1917 5361 1977 5434; x_wconf 84' lang='lat' dir='ltr'><strong>ejus</strong></span> 
     </span>
     <span class='ocr_line' id='line_1_60' title="bbox 259 5445 1978 5526; baseline -0.001 -19"><span class='ocrx_word' id='word_1_804' title='bbox 259 5450 392 5508; x_wconf 82' lang='lat' dir='ltr'><strong>sentibus</strong></span> <span class='ocrx_word' id='word_1_805' title='bbox 417 5445 652 5520; x_wconf 72' lang='lat' dir='ltr'><strong>[praecellenti.</strong></span> <span class='ocrx_word' id='word_1_806' title='bbox 680 5477 717 5488; x_wconf 98' lang='lat'>-</span> <span class='ocrx_word' id='word_1_807' title='bbox 743 5449 843 5506; x_wconf 82' lang='lat' dir='ltr'><strong>Fertur</strong></span> <span class='ocrx_word' id='word_1_808' title='bbox 857 5447 929 5522; x_wconf 89' lang='lat' dir='ltr'><strong>quie</strong></span> <span class='ocrx_word' id='word_1_809' title='bbox 949 5446 1091 5506; x_wconf 89' lang='lat' dir='ltr'><strong>draconis</strong></span> <span class='ocrx_word' id='word_1_810' title='bbox 1146 5449 1308 5508; x_wconf 84' lang='lat' dir='ltr'><strong>consiliarii</strong></span> <span class='ocrx_word' id='word_1_811' title='bbox 1323 5449 1529 5523; x_wconf 87' lang='lat' dir='ltr'><strong>designantur,</strong></span> <span class='ocrx_word' id='word_1_812' title='bbox 1544 5451 1687 5526; x_wconf 88' lang='lat' dir='ltr'><strong>quidum</strong></span> <span class='ocrx_word' id='word_1_813' title='bbox 1702 5447 1853 5525; x_wconf 83' lang='lat' dir='ltr'><strong>perversis</strong></span> <span class='ocrx_word' id='word_1_814' title='bbox 1869 5447 1978 5508; x_wconf 87' lang='lat' dir='ltr'><strong>machi-</strong></span> 
     </span>
     <span class='ocr_line' id='line_1_61' title="bbox 258 5533 1976 5616; baseline -0.002 -20"><span class='ocrx_word' id='word_1_815' title='bbox 258 5553 369 5611; x_wconf 87' lang='lat' dir='ltr'><strong>eorpus</strong></span> <span class='ocrx_word' id='word_1_816' title='bbox 379 5535 513 5616; x_wconf 71' lang='lat' dir='ltr'><strong>squems</strong></span> <span class='ocrx_word' id='word_1_817' title='bbox 527 5533 644 5608; x_wconf 90' lang='lat' dir='ltr'><strong>tegitur,</strong></span> <span class='ocrx_word' id='word_1_818' title='bbox 658 5549 714 5593; x_wconf 87' lang='lat' dir='ltr'><strong>nec</strong></span> <span class='ocrx_word' id='word_1_819' title='bbox 729 5533 815 5593; x_wconf 88' lang='lat' dir='ltr'><strong>citius</strong></span> <span class='ocrx_word' id='word_1_820' title='bbox 825 5533 1009 5608; x_wconf 87' lang='lat' dir='ltr'><strong>jaculatione</strong></span> <span class='ocrx_word' id='word_1_821' title='bbox 1037 5552 1090 5610; x_wconf 91' lang='lat' dir='ltr'><strong>pe·</strong></span> <span class='ocrx_word' id='word_1_822' title='bbox 1145 5539 1319 5602; x_wconf 88' lang='lat' dir='ltr'><strong>nationibus</strong></span> <span class='ocrx_word' id='word_1_823' title='bbox 1334 5555 1401 5612; x_wconf 85' lang='lat' dir='ltr'><strong>quse</strong></span> <span class='ocrx_word' id='word_1_824' title='bbox 1414 5539 1543 5616; x_wconf 88' lang='lat' dir='ltr'><strong>qualiter</strong></span> <span class='ocrx_word' id='word_1_825' title='bbox 1565 5540 1687 5612; x_wconf 78' lang='lat' dir='ltr'><strong>agenda</strong></span> <span class='ocrx_word' id='word_1_826' title='bbox 1712 5537 1773 5598; x_wconf 87' lang='lat' dir='ltr'><strong>sint</strong></span> <span class='ocrx_word' id='word_1_827' title='bbox 1800 5537 1976 5613; x_wconf 65' lang='lat' dir='ltr'><strong>prevident,</strong></span> 
     </span>
     <span class='ocr_line' id='line_1_62' title="bbox 257 5621 1977 5704; baseline 0.001 -20"><span class='ocrx_word' id='word_1_828' title='bbox 257 5621 1088 5700; x_wconf 84' lang='lat' dir='ltr'><strong>netratur.itaomnecorpusdiaholi,ideet,multitudo</strong></span> <span class='ocrx_word' id='word_1_829' title='bbox 1147 5627 1288 5702; x_wconf 86' lang='lat' dir='ltr'><strong>malignis</strong></span> <span class='ocrx_word' id='word_1_830' title='bbox 1296 5629 1363 5703; x_wconf 83' lang='lat' dir='ltr'><strong>ejas</strong></span> <span class='ocrx_word' id='word_1_831' title='bbox 1372 5628 1516 5704; x_wconf 83' lang='lat' dir='ltr'><strong>operariis</strong></span> <span class='ocrx_word' id='word_1_832' title='bbox 1524 5629 1613 5704; x_wconf 85' lang='lat' dir='ltr'><strong>qnasi</strong></span> <span class='ocrx_word' id='word_1_833' title='bbox 1622 5625 1916 5702; x_wconf 77' lang='lat' dir='ltr'><strong>osemumpecuuus</strong></span> <span class='ocrx_word' id='word_1_834' title='bbox 1924 5627 1977 5686; x_wconf 81' lang='lat' dir='ltr'><strong>iter</strong></span> 
     </span>
    </p>
   </div>
   <div class='ocr_carea' id='block_1_3' title="bbox 0 0 2056 6162">
    <p class='ocr_par' dir='ltr' id='par_1_5' title="bbox 0 0 2056 6162">
     <span class='ocr_line' id='line_1_63' title="bbox 0 0 2056 6162; baseline 0 3"><span class='ocrx_word' id='word_1_835' title='bbox 0 0 2056 6162; x_wconf 95' lang='lat' dir='ltr'><strong> </strong></span> 
     </span>
    </p>
   </div>
  </div>
 </body>
</html>
