4120 6154
197 137 250 191 407
710 121 738 177 S.
760 120 889 179 onouts
909 113 1052 175 tantus
1072 111 1323 172 ctuutscsusts
1341 111 1367 168 ll
1856 103 1910 165 lon

198 255 286 312 vitate
309 249 531 318 constringant3
559 249 641 303 tanto
668 244 748 301 enim
765 243 942 316 semetipsos
963 256 1026 296 ore·
1042 241 1065 295 t
1082 237 1230 311 respicere
1254 240 1376 294 eeteros
1402 234 1593 306 dedignatur,
1622 230 1724 305 sicque
1745 247 1843 305 usque
1871 230 1911 288 ad

198 344 275 401 dunt
295 340 441 398 doctiores
471 335 637 402 ostendere,
663 337 778 408 quauta
802 348 834 388 se
866 333 1029 404 potuerunt
1082 328 1147 398 ejus
1163 327 1388 384 similitudinem
1403 324 1532 390 ducitur,
1554 323 1668 396 dequo
1683 322 1827 395 scriptum
1842 325 1909 376 est:

199 429 417 504 multiplicitate·
425 425 615 499 loquacitatis
630 423 755 497 aperire.
774 421 912 495 Sequitur
932 436 939 474 t
966 419 1028 474 Ad·
1083 439 1096 466 «
1115 419 1208 474 Omne
1223 415 1352 472 sublime
1368 413 1456 484 videt,
1473 417 1501 470 et
1515 413 1580 486 ipse
1593 415 1639 468 est
1654 427 1706 467 rex
1730 425 1823 484 super
1847 407 1911 464 uni·

201 516 463 589 tnrbadeothd
474 529 532 586 pra
552 515 612 570 Deo
639 515 756 584 loquar.
783 543 818 552 -
845 509 920 575 Quia
949 507 1029 564 enim
1082 502 1701 578 versassrliossuperbiastdolr.stulti),»
1725 503 1754 556 et
1772 498 1912 570 deouJ'us

199 623 280 681 srepe
295 607 351 662 sibi
367 603 499 661 sentiunt
514 601 619 659 silentii
633 594 1028 662 reverentiamnondelerri,
1084 611 1207 670 corpore
1230 595 1338 652 dicitur
1363 610 1369 650 :
1398 615 1412 643 «
1443 590 1599 650 Generatio
1619 590 1706 662 cujus
1718 588 1828 646 excelsi
1844 591 1915 644 sunt

201 697 251 756 ttei
265 708 488 768 nonnunquam
501 690 667 766 potentiam
682 689 720 746 de
734 705 796 762 quo
809 686 1032 761 quasiloquun·
1084 684 1172 755 oculi,
1188 690 1217 741 et
1229 683 1382 758 palpebre
1396 683 1461 754 eJus
1471 682 1501 738 in
1513 681 1573 737 alta
1583 683 1721 736 surrectse
1733 679 1914 746 (Proum,

200 793 248 844 tur
261 785 426 849 insinuant,
441 797 477 838 ac
491 779 548 837 sub
561 783 705 852 praetextu
720 777 797 833 illius
812 776 868 832 sibi
881 773 1031 832 silentium
1087 778 1140 844 ta).
1164 797 1178 824 »
1199 777 1291 830 ileum
1306 772 1418 846 quippe
1433 769 1541 828 imitari
1557 768 1707 826 desiderat
1730 767 1813 842 quia,
1833 766 1916 823 iasti-

200 875 333 945 exiguut‚
349 869 434 945 quod
448 869 572 926 minime
587 871 747 924 merentur.
765 865 840 931 Quia
862 879 933 920 vero
955 877 1032 919 non·
1086 865 1168 934 glum
1181 861 1321 937 potentiss
1334 861 1438 917 alienis
1452 859 1583 917 intentus
1597 856 1782 927 utilitatibus,
1810 859 1838 912 et
1854 871 1917 912 non

201 977 360 1036 nunquam
375 960 513 1017 doctores
528 957 624 1014 sancti
638 955 743 1012 crebro
757 957 904 1027 repetunt,
933 952 1033 1025 siqua
1087 953 1148 1008 suis
1174 950 1269 1007 elatus
1295 950 1446 1020 laudibus,
1476 947 1663 1006 administrat
1678 965 1684 1016 3
1709 945 1761 1019 qui
1775 943 1918 1019 praelatus

202 1050 360 1111 obscurius
373 1049 486 1118 dicunt,
502 1051 535 1104 ut
549 1063 618 1120 quae
632 1045 749 1102 occulta
768 1043 932 1117 praedicant
947 1040 1033 1097 audi·
1087 1041 1200 1099 oreteris
1219 1040 1363 1115 prodesse
1384 1039 1507 1114 appetit,
1532 1053 1594 1094 non
1615 1052 1753 1110 praeesse.
1780 1034 1919 1092 'tumoris

202 1149 302 1201 torum
328 1137 469 1196 cordibus
494 1151 569 1192 voce
595 1135 660 1190 brec
683 1132 847 1190 iterationis
863 1129 1033 1202 infundant,
1088 1147 1220 1204 namque
1236 1129 1334 1200 elatio,
1346 1143 1408 1186 non
1422 1128 1497 1185 ordo
1510 1131 1674 1202 potestatrs,
1687 1125 1717 1182 in
1729 1123 1852 1182 crimine
1863 1127 1918 1192 est,

203 1233 380 1307 plerumque
394 1229 452 1284 boc
466 1225 711 1300 appetuntetiam
725 1227 900 1292 arrogantes
913 1221 1033 1291 imitari,
1087 1219 1252 1294 potentiam
1270 1221 1347 1274 tleus
1362 1215 1472 1288 tribuit,
1496 1215 1655 1273 elationem
1682 1229 1752 1271 vero
1779 1211 1920 1288 potentiss
2034 1278 2035 1290 χ

204 1328 233 1378 et
249 1319 409 1376 insolenter
419 1331 456 1373 ea
468 1330 537 1389 quse
551 1313 680 1370 dixerint
693 1311 848 1386 replicant.
867 1310 1006 1383 Sequitur
1026 1325 1033 1364 t
1089 1307 1201 1364 malitia
1212 1311 1320 1364 nostrae
1335 1305 1442 1362 mentis
1456 1304 1576 1362 invenit.
1590 1303 1740 1362 'tollamus
1752 1317 1824 1372 ergo
1835 1297 1922 1374 quod

239 1405 521 1475 trasumenum
545 1403 701 1460 scientiane
719 1415 815 1456 meum
839 1399 1034 1469 aprincipto.
1089 1396 1127 1452 de
1139 1401 1241 1453 nostro
1258 1394 1450 1462 contulimus,
1466 1397 1495 1449 et
1508 1392 1590 1449 bona
1603 1395 1673 1448 sunt
1695 1407 1763 1465 quae
1787 1393 1847 1446 lleo
1866 1388 1924 1446 lar·
2035 1382 2036 1392 ’

203 1529 239 1540 -
266 1494 324 1553 Sed
352 1494 425 1567 quia
452 1493 609 1550 nominata
628 1489 751 1547 scientia
773 1493 872 1545 tumor
891 1486 989 1568 cordis
1005 1487 1036 1542 in
1091 1485 1187 1556 giente
1200 1484 1402 1558 possidemus.
1419 1483 1579 1556 Sequitur:

204 1601 278 1644 voce
293 1584 451 1648 claruerat,
463 1597 609 1654 arrogans
622 1584 723 1654 aperte
738 1579 919 1651 agnoscitur,
936 1577 960 1634 si
974 1591 1072 1647 nonss
1125 1577 1250 1632 Venstt.
1266 1574 1325 1630 Sed
1339 1570 1833 1642 nonsatoatimpr'os,etjndictnm
1848 1582 1924 1639 paa-
2037 1588 2038 1620 t

100 1688 121 1703 '¹
205 1675 290 1734 citius
314 1674 417 1746 aliquo
440 1671 589 1728 velamine
616 1669 755 1743 pallietur
782 1667 980 1741 :Sequiturt
1000 1667 1037 1723 ls't
1088 1665 1210 1736 peribas
1226 1665 1341 1720 iratast.
1356 1663 1549 1736 -Scriptura
1563 1677 1647 1717 sacra
1658 1660 1836 1733 plerumque
1849 1673 1925 1732 pau·
2038 1692 2039 1718 r

206 1769 392 1836 operatorem
420 1775 518 1818 meam
544 1760 670 1830 probato
689 1761 813 1829 jnstnm.
838 1787 874 1798 -
900 1759 943 1826 Ut,
963 1755 1036 1812 dum
1092 1769 1177 1828 peres
1192 1753 1320 1810 humiles
1334 1768 1441 1809 vocare
1455 1751 1620 1808 consuevit.
1644 1749 1725 1807 Unde
1739 1749 1770 1805 in
1786 1751 1923 1818 Evange-
2038 1731 2039 1768 l

206 1853 295 1928 <prasi
320 1867 377 1924 pro
405 1850 456 1907 llei
480 1849 594 1921 justitia
622 1847 763 1922 loquitur,
792 1847 873 1921 apud
902 1847 1038 1904 humanu
1092 1844 1212 1900 liocum
1229 1842 1395 1914 acijectione
1411 1841 1530 1916 spiritus
1545 1840 1749 1910 nominantur,
1765 1837 1839 1894 dum
1852 1837 1925 1893 dici·
2040 1898 2041 1924 ¹

204 1941 319 2015 judicia
333 1938 482 2014 quidquid
495 1941 669 2009 arroganter
683 1935 778 1994 atiluit
793 1939 961 1993 excusetur.
985 1935 1037 1990 Se·
1092 1937 1141 1990 tur
1157 1949 1163 1988 :
1178 1955 1191 1982 u
1209 1932 1285 1988 Beati
1301 1947 1449 2006 pauperes
1471 1929 1586 2003 spiritu,
1615 1929 1761 2002 quoniam
1784 1928 1924 2000 ipsorum

208 2032 328 2106 quitur:
1092 2026 1137 2078 est
1151 2036 1278 2091 regnum
1293 2017 1437 2077 coelorum
1452 2019 1571 2092 (ltattlr.
1587 2033 1626 2074 ru.
1642 2023 1679 2074 dt.
1702 2039 1716 2066 r
1741 2016 1817 2084 Quia
1842 2015 1926 2072 enim
2041 2002 2042 2030 ¹

242 2121 327 2176 Vens.
349 2121 377 2175 t.
410 2117 483 2175 Vere
503 2119 581 2176 enirn
597 2116 875 2191 adsqaernendaclo
890 2129 1039 2173 sermones
1093 2111 1202 2168 ‹livitiae
1217 2109 1369 2166 visibiliter
1381 2113 1516 2183 potentes
1530 2105 1703 2177 ostendunt,
1717 2105 1800 2180 apud
1816 2108 1927 2162 semet-
2042 2104 2043 2126 ¹

207 2209 276 2269 mn·
299 2239 333 2250 —
359 2209 433 2265 Cum
457 2206 497 2264 ab
523 2206 651 2264 infirmis
670 2205 859 2263 auditoribus
872 2219 904 2262 se
916 2203 1040 2275 intelligi
1094 2201 1176 2274 ipsos
1190 2203 1432 2273 pauperessunt,
1448 2197 1501 2272 qui
1515 2195 1583 2254 elati
1597 2197 1628 2253 in
1653 2196 1714 2253 suis
1737 2193 1928 2252 conscientiis
2043 2208 2044 2230 t

209 2314 270 2357 non
288 2311 381 2372 posse
402 2294 600 2370 conspiciunt,
626 2295 721 2352 solent
749 2294 927 2368 plerumque
951 2293 1040 2350 etiam
1094 2305 1156 2346 nou
1169 2293 1247 2346 sunt.
1265 2291 1321 2345 Eos
1337 2303 1406 2344 vero
1421 2287 1530 2362 impios
1544 2291 1642 2355 vocat,
1656 2286 1708 2360 qui
1732 2289 1785 2342 aut
1811 2300 1829 2342 a
1854 2282 1927 2340 fidei

206 2387 280 2462 justi
293 2385 419 2444 taudme
432 2384 515 2442 bona
529 2399 597 2458 qum
610 2383 723 2452 dicunt,
739 2399 801 2439 non
814 2382 898 2456 quod
910 2381 967 2455 ipsi
979 2380 1041 2437 suis
1095 2379 1202 2453 pietate
1228 2377 1370 2450 disjuncti
1394 2381 1473 2448 sunt,
1502 2380 1553 2433 aut
1572 2375 1603 2432 in
1625 2376 1682 2432 hoc
1697 2373 1781 2449 quod
1799 2371 1930 2431 fideliter

211 2475 354 2534 laudibus
370 2473 498 2544 inhiant,
511 2471 564 2529 scd
578 2471 662 2546 quod
676 2470 827 2528 auditores
840 2469 1042 2527 subaudiendi
1096 2466 1232 2538 credunt,
1246 2465 1347 2540 pravis
1360 2465 1416 2522 sibi
1430 2465 1567 2522 moribus
1581 2463 1799 2521 contradicunt.
1826 2463 1930 2521 Omni-

211 2562 408 2620 sollicitudine
422 2560 600 2628 accendant,
612 2559 728 2618 utdum
744 2575 849 2616 eorum
870 2573 941 2616 voce
965 2575 1041 2632 prae·
1096 2559 1203 2630 potens
1221 2558 1296 2611 lteris
1312 2554 1405 2612 elatos
1419 2555 1553 2622 destruit,
1567 2552 1695 2610 humiles
1709 2567 1781 2609 vero
1801 2567 1857 2626 per
1872 2555 1930 2624 ja-

211 2653 357 2721 ieruntur,
388 2648 427 2706 ab
450 2649 571 2706 illorum
590 2648 731 2706 cordibus
749 2647 917 2706 ardentiore
933 2647 1042 2706 affectu
1096 2646 1205 2702 dicium
1226 2644 1337 2701 liberos
1353 2644 1460 2713 reddit,
1476 2643 1523 2701 vel
1539 2643 1777 2714 certojadictam
1786 2643 1933 2713 paupert-

212 2729 377 2814 rapiahtur.
408 2737 491 2796 Unde
517 2735 638 2808 Paulus,
662 2754 732 2794 cum
752 2737 828 2794 mira
840 2737 999 2794 corinthiis
1015 2741 1043 2795 ot
1098 2735 1150 2792 bns
1162 2733 1278 2798 trn'bntt,
1291 2733 1363 2808 qnia
1376 2733 1405 2789 hi
1419 2733 1469 2807 qui
1483 2731 1619 2806 nequiter
1636 2731 1859 2805 opprimuntur,
1870 2730 1932 2804 ipsi

212 2828 307 2886 multa
318 2827 450 2896 dixisset,
465 2825 602 2898 adiunxit
618 2844 624 2882 :
640 2848 655 2876 s
675 2828 714 2884 Os
735 2829 874 2884 nostrum
899 2831 981 2901 patet
1003 2826 1043 2884 ad
1098 2827 1168 2882 tuno
1183 2839 1274 2896 super
1288 2838 1484 2897 oppressores
1500 2838 1570 2878 suos
1582 2819 1700 2894 judices
1716 2820 1848 2877 veniunt.
1877 2821 1931 2877 Se-
1976 2827 1981 2834 '

212 2933 276 2989 ros,
301 2933 319 2974 o
344 2915 502 2984 Corinthii;
526 2931 578 2972 cor
598 2919 735 2973 nostrum
759 2915 918 2973 dilatatum
942 2921 986 2973 est
1000 2917 1046 2988 (lt
1057 2945 1077 3000 c
1097 2913 1218 2987 quitur:

216 3008 284 3065 Gor.
299 3023 338 3074 vr,
356 3010 409 3074 tn.
427 3027 442 3056 »
458 3003 516 3064 Sed
528 3009 713 3077 armgantos,
728 3005 802 3064 dum
817 3021 868 3062 cor
891 3005 1042 3063 bonorum
1132 3005 1218 3059 Vens.
1235 3008 1262 3059 7.
1279 3003 1346 3059 Non
1362 3002 1479 3072 auferet
1492 3003 1605 3072 ajusto
1618 3001 1718 3058 centos
1733 3015 1811 3068 snos,
1834 3007 1863 3058 et
1882 3016 1931 3058 re-

139 3109 144 3122 ’
213 3097 360 3168 nesciunt,
376 3095 497 3154 etsolas
509 3095 777 3171 aliquandovoces
796 3095 957 3164 imitantur,
972 3095 1043 3153 etie-
1097 3107 1147 3162 aes
1164 3093 1195 3148 r'n
1208 3093 1282 3148 sotio
1297 3107 1350 3148 suo
1365 3091 1491 3148 collocat
1506 3091 1729 3162 inperpetuum
1751 3095 1779 3146 et
1799 3091 1850 3147 itti
1871 3091 1932 3148 eri·

211 3183 737 3258 runtlaudandoquredicunt,non
761 3185 844 3258 quod
871 3185 1044 3258 eistorpor
1097 3187 1221 3253 sternar.
1251 3213 1286 3222 -
1317 3181 1482 3238 Abstulisse
1503 3179 1581 3236 enirn
1608 3195 1625 3236 a
1638 3179 1725 3251 justis
1738 3178 1842 3236 oculos
1857 3196 1932 3236 suos

212 3273 400 3332 audientium
412 3271 559 3346 displicet,
574 3273 627 3328 sed
641 3271 725 3345 quod
744 3272 801 3328 sibi
813 3273 963 3329 inhianter
977 3272 1042 3345 pla·
1098 3270 1224 3327 tortasse
1241 3270 1384 3327 Dominus
1400 3269 1538 3337 ereditur,
1548 3269 1620 3343 quia
1634 3269 1814 3340 injustorum
1826 3269 1933 3326 crude-

212 3364 289 3417 oont.
311 3359 450 3432 Sequitur
466 3375 474 3415 ε
490 3361 532 3415 lit
556 3361 692 3430 perfecta
713 3361 837 3417 scientia
864 3360 1044 3430 probabitur
1098 3358 1229 3415 litatibus
1242 3357 1289 3416 bic
1303 3358 1365 3414 sine
1379 3357 1508 3414 vindicta
1522 3355 1701 3426 lacerantur,
1725 3355 1778 3413 sed
1797 3355 1933 3414 famulos

213 3449 276 3505 tibi.
288 3479 323 3489 -
337 3447 483 3505 Nimirum
508 3448 600 3504 sensit
624 3464 656 3504 se
676 3463 788 3518 magna
812 3449 972 3512 dicturum,
990 3449 1043 3505 sed
1099 3463 1170 3503 suos
1186 3452 1257 3504 tunc
1270 3447 1366 3518 magis
1379 3447 1509 3520 respicit,
1523 3463 1592 3503 cum
1606 3445 1718 3518 injuste
1728 3461 1780 3502 cos
1795 3446 1933 3520 nequitia

213 3536 340 3595 tumenti
353 3537 444 3594 corde
458 3536 516 3592 hoc
530 3537 612 3610 quod
638 3536 675 3593 de
696 3537 855 3610 semetipso
878 3537 1045 3594 sublimiter
1099 3536 1303 3610 persequentis
1319 3535 1432 3607 affligit.
1448 3535 1559 3592 videns
1572 3535 1652 3592 enim
1674 3533 1757 3608 quod
1779 3533 1934 3592 humiliter

213 3624 383 3693 estimavit,
400 3628 497 3681 tacere
516 3639 578 3681 non
593 3625 699 3698 potuit,
717 3625 870 3682 etidcirco
885 3625 968 3700 quod
980 3643 1044 3683 rec·
1099 3626 1233 3696 tolerent,
1250 3625 1392 3682 nimirum
1403 3625 1467 3697 jam
1480 3625 1633 3700 praevidet,
1654 3623 1728 3698 quid
1743 3623 1801 3682 illic
1816 3624 1858 3682 eis
1872 3625 1932 3682 mi-

213 3715 278 3770 tum
293 3712 395 3782 sensit,
409 3711 565 3770 laudando
579 3714 743 3786 procurrit,
758 3714 905 3788 quiajam
921 3716 1044 3789 quidem
1100 3711 1286 3772 soricorditer
1297 3719 1513 3789 recompenset.
1521 3717 1615 3785 Reges
1631 3718 1732 3770 autem
1745 3713 1822 3770 beno
1836 3714 1933 3772 sancti

213 3800 314 3858 divino
326 3799 521 3873 Judicioreus
542 3805 629 3871 esset,
659 3801 682 3858 si
708 3817 819 3874 magna
843 3803 881 3860 de
895 3821 926 3860 se
939 3803 1073 3861 saltem¹
1100 3804 1154 3860 viri
1178 3803 1337 3877 Scriptura
1362 3819 1454 3860 sacrae
1482 3801 1650 3860 testimonio
1676 3807 1830 3873 vocantur,
1856 3803 1933 3876 quia

215 3888 330 3947 silendo
345 3889 496 3947 sensisset.
512 3891 588 3948 Ante
604 3889 711 3949 subtile
734 3892 814 3948 enim
830 3891 960 3950 veritatis
977 3909 1045 3950 exa·
1100 3893 1297 3951 tentationum
1317 3909 1439 3950 suarum
1465 3892 1598 3949 motibus
1627 3907 1689 3950 non
1713 3891 1933 3949 consentiendo

215 3993 286 4036 men
299 3978 395 4035 securi
410 3977 534 4036 omnino
546 3993 608 4036 non
621 3995 736 4048 sumus,
762 3982 852 4038 etiam
867 3981 890 4038 si
911 3981 1046 4050 humano
1101 3982 1307 4051 succumbere,
1324 3982 1376 4038 sed
1391 3981 1523 4052 regendo
1538 3997 1665 4056 praeesse
1682 3985 1838 4038 noverunt.
1854 3981 1934 4047 Quia

213 4067 327 4141 judicio
341 4067 425 4142 quod
436 4067 467 4126 in
479 4068 567 4126 nobis
580 4069 758 4144 reprehendi
777 4069 887 4127 debeat
905 4087 967 4128 non
991 4071 1045 4128 ha·
1100 4073 1190 4143 igitur
1214 4071 1252 4129 ab
1278 4071 1335 4128 bac
1359 4075 1504 4146 potestate
1522 4070 1686 4144 regiminis,
1701 4070 1740 4128 ad
1754 4075 1933 4144 potestatem

215 4157 332 4215 bemus.
348 4156 504 4231 Sequitur:
1102 4165 1256 4219 transeunt
1270 4160 1472 4219 retributionis
1487 4159 1605 4216 dicatur
1618 4163 1696 4216 recte
1712 4177 1719 4216 :
1735 4161 1870 4232 liecestre
1884 4175 1934 4216 so-

252 4247 335 4302 Vsns.
351 4249 377 4302 t.
393 4246 472 4304 Dens
489 4252 622 4316 potentes
637 4262 697 4304 non
712 4248 826 4319 objicit.
851 4265 917 4308 cnm
942 4254 970 4306 et
986 4250 1048 4320 ipse
1065 4303 1086 4358 D
1103 4253 1143 4309 tio
1171 4253 1299 4308 collocat
1323 4252 1355 4307 r'n
1377 4255 1565 4322 perpetuam.
1596 4250 1776 4323 Semetipsos
1791 4249 1871 4306 enim
1889 4264 1938 4304 rc-

216 4337 255 4394 sit
269 4343 383 4407 poteras.
397 4369 431 4378 —
445 4337 478 4394 ln
493 4353 552 4396 usu
564 4337 632 4396 vitra
644 4339 778 4397 mortalis
792 4340 934 4414 quaedam
951 4357 988 4398 ex
1001 4357 1047 4398 se·
1102 4339 1201 4412 gendo
1216 4339 1255 4396 ad
1271 4343 1390 4414 tempus
1406 4338 1520 4410 fatigati
1536 4343 1616 4408 sunt,
1640 4339 1692 4396 sad
1712 4339 1742 4396 in
1756 4337 1841 4410 regni
1854 4353 1936 4396 erec-

217 4424 350 4498 metipsis
363 4427 434 4482 sunt
444 4425 545 4496 noxia,
559 4426 701 4500 quodam
715 4443 787 4485 vero
799 4443 835 4485 ex
851 4429 897 4485 tris
911 4445 979 4502 quse
995 4429 1049 4487 cir·
1102 4428 1191 4487 tionis
1205 4429 1329 4486 intemre
1345 4427 1421 4484 solio
1435 4427 1464 4483 in
1480 4431 1659 4502 perpetuum
1683 4427 1877 4496 collocantur,
1903 4429 1937 4483 et

218 4529 255 4570 ca
282 4511 349 4587 ipsa
375 4517 542 4572 vomantur.
563 4515 606 4572 Ex
629 4516 794 4591 semetipsis
811 4518 954 4592 quedam
978 4525 1048 4578 sunt
1102 4535 1138 4576 eo
1152 4516 1211 4575 illic
1224 4515 1375 4590 accipiunt
1388 4515 1556 4590 [incipiunt]
1576 4516 1650 4574 alios
1671 4516 1760 4588 digne
1782 4513 1933 4588 judicare,

217 4601 318 4674 noxia,
332 4601 544 4677 sicutpecoata
558 4606 648 4679 atque
662 4602 793 4676 ilagitia;
810 4603 951 4679 quedam
976 4619 1048 4661 vero
1102 4623 1164 4683 quo
1189 4607 1237 4664 bic
1265 4606 1402 4663 nesciunt
1429 4603 1598 4679 semetipsis
1631 4606 1771 4680 nequitur
1797 4619 1933 4678 parcere.

217 4707 440 4767 nonnunquam
450 4692 538 4750 nobis
552 4709 589 4751 ex
601 4693 648 4751 his
660 4709 729 4769 quae
743 4694 822 4752 eirca
834 4694 901 4769 ipsa
912 4699 983 4752 sunt
997 4709 1049 4752 no·
1103 4697 1177 4754 Hinc
1191 4695 1272 4752 enim
1286 4693 1360 4751 alios
1375 4693 1483 4749 dicitur
1499 4711 1505 4750 :
1522 4713 1536 4744 a
1555 4695 1654 4750 Donec
1669 4693 1782 4765 iustitia
1806 4708 1934 4749 conver-

218 4785 295 4850 cent,
309 4781 385 4839 sicut
397 4782 572 4857 temporalis
587 4783 719 4858 potentia
743 4783 789 4842 rel
812 4784 923 4859 copula
942 4783 1048 4857 conju·
1103 4794 1181 4848 tatur
1194 4788 1224 4844 in
1234 4785 1382 4859 judicium
1396 4785 1457 4854 (Ps.
1474 4801 1552 4856 saur,
1570 4785 1622 4858 tt).
1641 4808 1655 4836 »
1682 4787 1757 4859 Apte
1776 4789 1877 4842 autom
1900 4786 1936 4840 in

219 4869 304 4940 galis.
334 4872 451 4930 Bonum
474 4888 607 4947 namque
630 4877 684 4942 est,
710 4874 885 4946 conjugium
901 4875 954 4931 sed
968 4873 1050 4932 mala
1097 4881 1276 4951 perpetuum
1292 4873 1435 4942 subdens,
1453 4879 1520 4947 apte
1537 4875 1612 4948 quid
1627 4874 1707 4931 dieat
1725 4873 1880 4942 insinuat;
1909 4870 1936 4928 si

219 4962 368 5032 suntqure
382 4959 461 5018 circa
472 4960 547 5018 illud
559 4976 596 5018 ox
615 4962 705 5035 hujus
719 4963 826 5020 mundi
840 4979 914 5022 cura
934 4979 1048 5021 succre·
1103 4967 1183 5025 enim
1194 4965 1231 5021 de
1244 4963 1351 5021 terreni
1365 4963 1450 5034 regni
1463 4962 1537 5020 solio
1561 4963 1680 5028 diceret,
1704 4962 1876 5020 nullatenus
1900 4963 1936 5019 r'n

219 5051 317 5105 scunt.
334 5047 416 5106 Unde
426 5052 454 5107 et
469 5049 579 5108 Paulas
593 5050 634 5108 ait
646 5069 653 5107 :
667 5051 745 5119 «Oui
760 5056 860 5110 autem
873 5069 943 5109 cum
956 5069 1049 5110 uxore
1103 5059 1279 5128 perpetuam
1303 5051 1496 5120 subdidisset,
1524 5051 1597 5130 quia
1622 5051 1735 5126 quique
1759 5051 1833 5108 illud
1859 5051 1936 5108 arri-

219 5140 273 5211 est,
296 5136 408 5210 cogitat
434 5154 502 5212 quse
528 5143 598 5196 sunt
625 5141 742 5210 mundi,
762 5141 918 5216 quomodo
933 5141 1050 5216 placeat
1104 5144 1199 5218 piunt,
1223 5139 1357 5214 protecto
1385 5155 1447 5196 non
1473 5139 1504 5196 in
1529 5153 1565 5218 co
1591 5141 1844 5212 inperpetuum,
1879 5137 1934 5196 sed

219 5226 304 5284 uxori
320 5229 349 5294 tt
361 5227 431 5287 Cor.
447 5243 499 5300 vu,
514 5231 571 5298 33).
593 5251 607 5281 u
632 5231 738 5302 tdagna
753 5237 799 5289 est
812 5231 902 5290 etiam
916 5231 1050 5305 potentia
1104 5228 1307 5305 temporaliter
1320 5227 1513 5286 collocantur.
1530 5229 1606 5286 Bene
1620 5236 1721 5287 autem
1736 5227 1880 5297 subdidit,
1907 5233 1937 5286 et

219 5315 403 5389 temporalis,
418 5317 491 5394 quia
504 5317 700 5378 habetdeum
721 5322 862 5378 meritum
889 5337 989 5392 suum,
1011 5320 1049 5376 do
1105 5323 1169 5380 iltr'c
1183 5321 1351 5392 adeuntur,
1367 5333 1402 5374 ac
1416 5316 1440 5373 si
1452 5317 1607 5375 intentioni
1626 5319 1774 5376 audientis
1788 5317 1937 5376 invenerit

219 5403 301 5462 bona
314 5407 574 5468 administratione
588 5411 752 5484 regiminis.
769 5415 991 5483 Nonnunquam
1005 5413 1048 5466 ta·
1104 5410 1254 5486 [innuerit]
1269 5408 1372 5465 dicens
1393 5425 1399 5463 :
1421 5407 1496 5474 Quia
1517 5407 1564 5465 bic
1592 5407 1739 5466 humiliati
1767 5411 1847 5476 sunt,
1876 5407 1934 5464 illic

220 5507 290 5550 men
304 5495 675 5575 seipsoquopraeeminet
689 5500 814 5564 caeteris,
840 5499 975 5554 elationis
998 5513 1048 5554 oo·
1105 5500 1268 5570 eriguntur.
1307 5499 1422 5556 Sanctis
1465 5513 1598 5572 namque
1636 5499 1706 5556 viris
1748 5497 1802 5555 iste
1848 5497 1933 5554 locus

219 5581 361 5652 gitatione
375 5585 556 5662 intumescit,
571 5589 723 5662 subiectos
738 5587 873 5660 despicit,
900 5599 1049 5662 essequo
1103 5583 1279 5643 humilitatis
1306 5590 1368 5654 est,
1407 5590 1441 5643 ut
1476 5585 1524 5644 ille
1552 5587 1590 5646 sit
1617 5585 1809 5646 celsitudinis.
1852 5583 1934 5645 unde
