4120 6154
118 117 164 174 ist
501 112 649 171 eutrotia
667 110 850 172 donamus
868 111 898 168 S.
917 110 1020 170 GREG.
1035 111 1070 172 ΙΝ
1087 114 1159 174 tols.
1179 145 1215 158 -
1233 116 1301 175 ΗΒ.
1319 119 1418 178 mil.
1769 125 1823 180 482

119 248 179 291 esse
190 227 422 304 impenetrabilis
430 228 660 290 demonstratur.
672 233 737 306 lpse
749 247 818 288 vero
826 231 974 303 glorio-d
993 233 1133 293 terribilia
1144 234 1210 294 heo
1222 234 1319 294 facero
1333 235 1400 310 ipsa
1418 254 1486 313 quse
1500 239 1618 314 pertuli,
1642 239 1696 300 tihi
1718 245 1748 300 et
1760 257 1823 302 non
1854 249 1861 262 *

117 339 162 379 sus
174 325 224 386 est,
239 317 291 392 qui
305 317 379 376 dum
394 318 492 392 seipso
505 319 676 394 perfruitur,
692 319 854 377 accidentis
870 319 935 397 lauf
991 322 1066 380 mibi
1076 323 1193 398 ⁴deputo
1207 325 1290 382 bona
1304 326 1407 384 omnia
1420 344 1490 402 quae
1505 329 1609 388 iecisti.
1631 331 1658 390 Si
1670 348 1740 390 sero
1754 348 1823 408 pec-

116 410 159 468 dis
171 407 307 477 indigens
322 421 384 464 non
399 411 453 464 est.
467 407 533 481 lpse
548 411 686 480 speciosis
700 409 835 466 induitur
853 409 937 465 cesti-
991 417 1095 470 cantes
1108 413 1185 472 alios
1195 411 1382 488 respiciendo
1396 431 1459 472 non
1473 421 1558 491 potes
1572 419 1708 493 perdere,
1729 420 1823 496 liquet

117 498 176 567 tos,
188 493 239 569 qui
251 497 424 554 sanctorum
436 495 544 554 choros
558 513 636 570 quos
647 496 790 562 condidit,
802 495 832 554 in
844 511 936 552 usum
990 499 1074 574 quod
1088 507 1173 560 reatu
1186 503 1327 578 nequitie
1344 507 1395 561 tua
1407 509 1434 562 te
1453 503 1560 564 iirtute
1583 523 1645 566 non
1667 509 1820 568 liberares.

117 583 282 644 srddeeoris
302 584 476 657 assumpsit,
488 585 606 643 crvelut
630 585 798 660 quemdem
813 589 935 656 vestem,
992 591 1157 666 Sequitur:

115 673 269 746 gloriosum
285 672 342 729 sibi
370 673 530 760 Ecclesiam
557 675 686 734 exhibet,
716 697 730 726 ιι
742 679 805 732 Νοιι
820 673 936 732 baben·
1026 681 1111 738 Vms.
1130 685 1173 740 io.
1193 681 1270 740 Ecce
1291 682 1453 740 Behonotd
1475 699 1562 756 quem
1581 686 1644 756 soci
1665 693 1771 746 tecum.
1785 719 1824 731 -

114 767 169 821 iem
180 761 332 818 maculam
353 767 405 819 ant
426 778 535 834 rugam
552 765 671 836 (Epiros.
700 781 730 829 v,
743 769 827 832 ιη.»
854 762 937 821 Unde
991 768 1087 836 Quem
1101 768 1158 826 sub
1172 769 1335 829 Behemoth
1347 771 1481 843 nomine,
1504 771 1562 830 nisi
1581 774 1740 848 antiquum
1766 777 1822 834 ho-

114 857 140 909 et
149 867 200 926 per
213 850 394 924 Prophetam
409 851 540 910 dicitur:
565 875 579 904 ιι
597 854 819 912 confessionem
843 858 872 910 et
884 852 936 910 de·
990 862 1066 915 stem
1077 857 1220 929 insinuat,
1235 860 1288 934 qui
1303 860 1512 936 interpretatus
1536 878 1573 920 ex
1597 861 1722 921 liebrasa
1748 881 1821 922 vocs

114 956 208 997 eorem
222 938 355 1006 induisti,
369 962 383 990 ιι
396 943 451 996 cte.
468 940 560 1014 (Psoi.
578 957 634 1010 cur,
650 943 687 1014 1).
990 946 1021 1004 in
1034 947 1137 1006 Latina
1148 948 1261 1020 lingua,
1278 951 1394 1010 ocimol
1406 951 1517 1008 senati
1543 951 1600 1010 Sed
1622 968 1693 1010 eum
1707 952 1746 1012 de
1762 956 1822 1010 Deo

146 1029 228 1088 Vens.
245 1033 272 1086 o.
300 1031 445 1102 Disperge
471 1031 614 1102 superbos
637 1033 669 1088 ic
694 1033 800 1104 sorore
826 1039 885 1089 too.
902 1064 936 1074 -
990 1035 1107 1106 dicitur,
1122 1038 1273 1113 quiaiecit
1289 1040 1696 1114 omniasimul(liccli.rv1u,
1716 1043 1821 1114 l),hoc

113 1117 256 1177 Subaudis
276 1122 309 1176 ut
327 1133 395 1191 ego,
410 1119 463 1194 qui
487 1135 539 1178 eos
559 1120 780 1194 tranquillitatis
804 1125 936 1195 tempore
991 1126 1105 1184 animal
1118 1143 1188 1184 cum
1213 1129 1336 1186 homine
1360 1129 1463 1187 iecisse
1479 1130 1600 1203 indicat,
1625 1131 1700 1188 dum
1714 1137 1822 1189 cuneta

90 1220 93 1227 ·
110 1207 234 1266 immites
247 1211 354 1266 (eontra
370 1224 418 1266 me
432 1207 536 1282 tolero,
548 1213 577 1267 et
591 1209 742 1266 districtus
752 1209 936 1284 quandoque
990 1215 1062 1288 quia
1077 1215 1171 1272 semel
1181 1216 1283 1274 iecerit
1292 1222 1417 1276 constat.
1431 1221 1539 1276 ilerum
1551 1219 1664 1294 quippe
1678 1220 1821 1278 substan·

110 1295 238 1365 renisus,
252 1295 286 1354 in
298 1312 367 1354 meo
380 1312 433 1354 eos
448 1297 547 1355 lurore
562 1297 715 1371 dispergo.
739 1297 823 1356 Absit
836 1303 936 1356 autem
991 1303 1031 1360 tia
1045 1303 1134 1362 simul
1148 1309 1247 1364 creata
1261 1312 1315 1375 est,
1332 1306 1384 1364 sed
1397 1307 1486 1364 simui
1502 1323 1555 1381 per
1567 1309 1682 1382 speeies
1693 1311 1822 1368 iormata

110 1385 220 1459 utquis
234 1385 338 1444 credat
351 1386 436 1460 quod
457 1385 487 1444 in
510 1386 561 1444 illa
579 1387 742 1444 divinitatis
761 1387 937 1446 substantia
990 1397 1119 1450 nonest
1146 1409 1153 1449 :
1181 1398 1210 1451 et
1231 1395 1334 1468 quoad
1349 1395 1437 1452 simul
1461 1397 1568 1454 exstitit
1598 1413 1653 1472 per
1683 1399 1821 1458 substan·

109 1473 413 1550 furorelranquillites
428 1475 569 1534 varietur.
596 1475 667 1534 ltine
691 1476 772 1534 enim
792 1476 936 1550 scriptum
990 1480 1063 1538 tiam
1082 1483 1226 1552 materiae,
1253 1499 1314 1542 non
1342 1483 1431 1542 simul
1456 1486 1597 1558 apparuit
1618 1503 1673 1560 per
1692 1488 1822 1562 speciem
1941 1553 1945 1558 ,

109 1567 150 1620 est
165 1581 172 1620 :
189 1567 381 1634 saldaniam,
396 1565 532 1636 Domine,
550 1581 620 1624 cum
636 1565 846 1640 tranquillitate
859 1564 973 1638 judi-g
990 1568 1104 1628 iormae.
1133 1569 1191 1628 Sed
1214 1587 1268 1630 cur
1286 1571 1324 1630 de
1344 1573 1507 1630 Behemoth
1523 1574 1690 1646 specialiter
1702 1576 1820 1646 dieitur,

108 1651 253 1726 cast-Sep.
269 1669 320 1724 ιιι,
336 1652 388 1724 la).
404 1675 419 1704 ιι
436 1653 492 1712 Sed
507 1652 591 1711 furor
603 1653 723 1712 Domini
737 1653 768 1712 in
780 1653 858 1724 loeo,
874 1669 936 1710 non
992 1675 1062 1718 cum
1087 1659 1195 1718 beatus
1218 1661 1274 1718 tob
1299 1661 1424 1734 iactum,
1447 1661 1531 1736 quod
1558 1679 1720 1722 commune
1751 1681 1822 1722 curn

107 1739 290 1814 perturbatio
302 1741 412 1800 divinae
428 1741 680 1812 substantiane
694 1747 936 1817 superpeccato·
990 1749 1133 1806 creaturis
1159 1749 1301 1807 omnibus
1328 1750 1505 1822 generaliter
1524 1750 1698 1808 habeatur?
1717 1751 1822 1810 Subtili

106 1845 152 1886 res
167 1829 247 1888 mele
273 1830 412 1890 conscios
427 1831 608 1890 examinatio
618 1831 705 1903 iustae
715 1831 851 1890 vindictae¹
867 1830 937 1890 diei·
990 1841 1091 1894 autem
1104 1837 1289 1896 discussione
1305 1861 1320 1890 ιι
1340 1838 1429 1896 simrd
1446 1861 1460 1890 ιι
1480 1838 1592 1896 iactum
1612 1838 1753 1910 angelum
1768 1840 1822 1897 bo·

105 1923 161 1976 tur.
177 1919 316 1992 Sequitur
332 1937 340 1976 :
355 1921 394 1978 lit
410 1921 582 1992 respiciens,
607 1935 722 1978 emerem
743 1926 936 1992 arrogantem
990 1925 1165 2002 minemque
1179 1927 1410 2000 cognoscimus;
1427 1950 1441 1978 ιι
1459 1927 1558 1999 simul,
1576 1950 1591 1980 ιι
1605 1927 1742 1988 videlicet
1759 1944 1821 1988 non

105 2008 244 2066 humilio.
273 2039 309 2050 -
337 2011 378 2066 Ac
403 2007 428 2066 si
452 2007 542 2078 dieat,
558 2012 592 2066 ut
605 2023 673 2080 ego.
695 2008 817 2066 Duobus
835 2013 936 2066 summ
990 2013 1104 2072 unitate
1119 2016 1273 2089 temporis,
1294 2016 1347 2074 sed
1374 2017 1553 2088 cogitatione
1575 2017 1708 2075 rationis.
1738 2037 1754 2073 ι
1780 2018 1822 2076 Si·

103 2096 206 2154 modis
222 2113 241 2154 a
256 2095 382 2155 Domino
393 2101 533 2171 peccator
546 2097 935 2172 unusquisquerespioitur3
990 2100 1054 2158 mul
1069 2123 1084 2152 ιι
1097 2118 1150 2176 per
1165 2109 1321 2177 acceptam
1336 2103 1500 2176 imaginem
1524 2105 1688 2178 sapientia,
1712 2111 1742 2162 et
1758 2120 1821 2164 non

103 2201 175 2244 cum
189 2189 242 2244 aut
256 2191 408 2261 apeccato
423 2185 612 2256 convertitur,
628 2191 681 2243 aut
694 2202 729 2244 ex
742 2191 866 2259 peccato
879 2201 935 2260 pu·
991 2210 1005 2240 ιι
1027 2189 1117 2248 simul
1140 2213 1153 2242 ιι
1181 2207 1235 2266 per
1261 2191 1455 2264 conjunctam
1480 2193 1680 2252 substantiam
1705 2193 1820 2251 iormsa..

103 2273 194 2332 nitur.
210 2277 251 2332 De
266 2279 402 2349 respectu
415 2275 495 2333 enim
510 2274 716 2333 conversionis
732 2274 849 2346 dicitur,
864 2275 937 2349 quia
991 2278 1140 2352 Scriptum
1154 2295 1287 2354 namque
1302 2285 1346 2338 est
1359 2279 1398 2336 de
1410 2280 1532 2338 homine
1548 2298 1555 2337 :
1570 2302 1584 2332 ιι
1602 2281 1758 2338 Faciamus
1769 2281 1822 2340 ho-

105 2363 266 2438 arcspexit
280 2363 426 2422 Dominus
440 2366 569 2434 Petrum,
587 2386 601 2416 ιι
616 2369 670 2422 etc.
694 2365 777 2434 (Luc.
793 2380 864 2432 ιιιι,
878 2365 933 2436 61).
989 2367 1103 2424 minem
1131 2368 1170 2426 ad
1196 2369 1362 2440 imaginem
1386 2375 1415 2430 et
1437 2369 1664 2428 similitudinem
1685 2373 1821 2428 nostram

105 2453 144 2509 De
157 2456 297 2526 respectu
309 2467 429 2509 rursum
445 2450 565 2509 ultionis
577 2451 707 2534 dicitur:
730 2474 744 2502 ιι
760 2451 863 2510 Vultus
880 2469 935 2509 au·
989 2453 1073 2526 (Gen.
1089 2471 1108 2526 1,
1124 2457 1180 2529 26).
1193 2480 1207 2509 ιι
1219 2460 1252 2514 Et
1265 2472 1319 2530 per
1334 2458 1516 2516 Ezechielem
1528 2458 1568 2516 ad
1584 2461 1674 2518 Satan
1688 2457 1820 2516 dicitur:

105 2544 162 2598 tem
187 2531 306 2599 Domini
329 2555 421 2614 super
445 2540 588 2599 iacientes
603 2541 695 2614 mela,
722 2562 736 2592 ιι
762 2546 817 2598 etc.
838 2541 933 2614 (Psoi.
990 2565 1004 2593 ιι
1018 2546 1060 2600 Tu
1073 2545 1264 2618 signaculum
1280 2545 1482 2604 similitudinis
1496 2545 1603 2620 plenus
1624 2545 1777 2620 sapienties
1792 2549 1822 2604 et

103 2645 203 2699 ιιιιιι,
218 2631 432 2706 li).Sequitur:
988 2633 1137 2706 perfectus
1162 2633 1270 2692 decore
1297 2635 1328 2692 in
1357 2635 1470 2693 deliciis
1497 2634 1629 2709 paradisi
1658 2634 1710 2694 Dei
1738 2633 1821 2692 inisti

137 2720 210 2776 tiras
224 2724 252 2776 7.
278 2720 400 2790 Respice
423 2723 545 2776 cunctos
569 2718 721 2790 superbos,
741 2725 769 2776 et
784 2719 936 2790 confunde
990 2721 1103 2794 (Erech.
1117 2739 1218 2794 xxvur,
1234 2723 1288 2795 la).
1306 2746 1320 2774 ιι
1347 2724 1423 2792 Quia
1447 2739 1519 2796 ergo
1539 2723 1571 2780 in
1590 2727 1700 2783 cuncta
1714 2722 1820 2782 condi·

103 2822 158 2880 eos,
172 2815 201 2867 et
216 2815 339 2868 contem
350 2809 455 2880 impios
469 2811 502 2866 io
515 2810 579 2866 loco
593 2824 656 2866 saco.
685 2841 714 2850 -
740 2808 889 2866 Subaudis
903 2813 936 2865 ut
989 2809 1069 2867 tione
1079 2827 1191 2883 rerum,
1207 2811 1325 2868 nullum
1339 2812 1485 2870 rationale
1499 2812 1613 2870 animal
1623 2812 1678 2870 nisi
1694 2811 1821 2883 angelus
1924 2815 1925 2820 ’

100 2911 154 2968 ego
165 2897 293 2974 superbi
308 2897 389 2956 enim
401 2911 439 2955 ex
452 2902 590 2972 respectu
613 2897 729 2954 Domini
742 2896 934 2954 contundun—
949 2930 971 2988 C
989 2899 1122 2956 ethome
1137 2903 1182 2956 est
1195 2899 1345 2973 quidquid
1359 2900 1475 2957 ratione
1486 2901 1528 2956 nti
1555 2916 1615 2958 non
1638 2905 1735 2974 potest
1749 2917 1819 2958 cum

99 2991 153 3057 tur,
165 2993 218 3046 aut
229 2988 285 3046 hic
299 2987 336 3046 de
350 2986 459 3062 pietate
474 2991 690 3059 cognoscentes
707 2991 736 3044 et
756 2985 935 3044 damnantes
988 2986 1111 3045 bomine
1122 2987 1236 3046 iactum
1247 2992 1378 3046 nonest.
1394 2991 1471 3059 Ergo
1485 2988 1579 3046 homo
1593 3004 1664 3045 cum
1680 3005 1750 3045 eum
1765 2987 1820 3062 qni

98 3075 232 3146 erimina,
254 3075 381 3134 autillic
397 3073 545 3151 supplicia
566 3075 604 3133 de
628 3075 743 3148 justitia
765 3075 933 3134 sentientes.
988 3075 1104 3134 ratione
1114 3091 1218 3134 secum
1232 3075 1329 3134 iaetus
1343 3079 1390 3134 est
1401 3075 1527 3150 periisse
1552 3075 1731 3146 considerat,
1754 3075 1822 3133 vici-

97 3165 268 3240 lmpiormn
281 3180 352 3223 vero
364 3164 449 3222 locus
463 3164 530 3239 ipsa
543 3163 685 3245 superbia
701 3167 755 3232 est,
777 3163 849 3238 quia
864 3180 935 3222 cum
988 3177 1064 3220 num
1078 3161 1253 3232 sibicasum
1275 3162 1425 3236 superbier
1440 3179 1476 3220 ex
1495 3162 1562 3236 ipsa
1590 3161 1753 3236 propinqui
1775 3161 1822 3238 sui

97 3254 241 3329 scriptum
264 3252 302 3311 sit
321 3271 328 3309 :
347 3275 362 3304 ιι
382 3251 502 3310 initium
527 3251 626 3338 omnis
652 3251 768 3327 peccati
794 3249 935 3326 superbia
987 3250 1155 3326 perditione
1167 3250 1368 3325 pertimescat.
1387 3251 1548 3310 Sciendum
1571 3267 1642 3308 vero
1670 3255 1724 3322 est,
1748 3251 1821 3326 quia

96 3341 199 3414 (Ereti.
223 3361 263 3412 ι,
277 3345 363 3412 15).»
379 3340 462 3399 ltnde
476 3340 570 3398 oritur
583 3339 733 3414 impietas,
747 3337 790 3396 ibi
804 3339 935 3397 contim-
987 3340 1136 3398 nefarium
1151 3339 1303 3400 Manichaei
1315 3339 1430 3413 dogma
1445 3341 1494 3398 hic
1507 3339 1743 3414 reprehenditur,
1767 3339 1822 3414 qni

97 3435 151 3488 tor.
167 3431 321 3500 Quamvis
336 3445 391 3488 nec
405 3429 575 3504 quidquam
589 3444 608 3486 a
622 3424 764 3502 superbia
773 3426 865 3486 distat
876 3428 934 3485 im-

96 3519 199 3593 pietas.
225 3519 324 3578 Valde
346 3521 427 3578 enim
449 3517 603 3593 superbire
618 3522 663 3576 est
676 3517 714 3575 de
729 3521 851 3576 auctore
866 3533 933 3592 per·

97 3623 183 3668 versa
196 3609 321 3668 sentire.
337 3607 451 3683 impius
465 3623 538 3678 ergo
555 3607 588 3664 in
601 3605 668 3665 loco
683 3622 739 3664 suo
761 3606 932 3676 conteritur,

98 3699 169 3771 quia
195 3699 266 3774 ipsa
293 3697 444 3773 superbia,
470 3713 533 3772 qua
566 3697 708 3766 elevetur,
743 3695 931 3771 opprimitur.

98 3787 181 3844 linde
196 3785 350 3862 Propheta
363 3785 405 3844 ait
419 3802 427 3841 :
441 3807 454 3836 ιι
472 3785 607 3858 Dejeeisti
619 3799 671 3842 eos
684 3785 759 3842 dum
772 3781 934 3842 adoraren-

987 3428 1062 3486 dum
1076 3428 1138 3488 duo
1152 3429 1301 3503 principia
1320 3429 1462 3504 loquitur,
1484 3429 1676 3490 tenebrarum
1701 3433 1820 3502 gentem

987 3535 1050 3577 non
1064 3517 1144 3578 iacta
1159 3535 1294 3578 asserere
1308 3523 1444 3580 conatur.
1462 3519 1621 3587 Quomodo
1644 3518 1725 3578 enim
1749 3533 1821 3590 gen·

987 3611 1047 3666 tem
1070 3606 1140 3664 dicit
1163 3606 1381 3681 nequissimam
1409 3623 1471 3664 non
1499 3607 1621 3678 iactam,
1641 3605 1716 3664 dum
1732 3605 1822 3666 Deha-

987 3697 1082 3768 moth,
1095 3695 1188 3754 istum
1200 3695 1336 3754 videlicet
1345 3701 1500 3756 auctorem
1515 3697 1655 3770 nequitiae
1670 3711 1725 3770 per
1735 3700 1821 3752 natu·

986 3799 1053 3841 ram
1068 3781 1145 3840 bene
1163 3782 1320 3840 conditum
1334 3798 1366 3839 se
1387 3783 1532 3840 Dominus
1547 3783 1653 3841 iecisse
1667 3781 1821 3840 testatur?

98 3879 143 3934 tur
157 3877 259 3949 (Psol.
272 3891 360 3941 ιιιιι,
380 3875 432 3948 ts).
451 3896 465 3925 ιι
477 3874 636 3948 Sequitur:
986 3871 1126 3945 Sequitur
1141 3887 1149 3927 ι
1162 3872 1277 3930 Ferrum
1289 3872 1366 3929 sicut
1381 3871 1430 3930 tos
1446 3872 1582 3928 comedit.
1597 3902 1633 3912 —
1647 3871 1714 3929 llaec
1729 3871 1820 3929 etiam

128 3969 218 4024 Vens.
236 3968 264 4021 8.
279 3963 437 4021 discorde
448 3978 496 4022 coe
510 3963 542 4020 ic
555 3963 692 4034 patoes.
707 3994 743 4004 —
754 3965 795 4018 Ae
806 3961 830 4018 si
842 3961 932 4026 meat,
987 3958 1093 4016 eadem
1104 3957 1195 4016 isaias
1207 3958 1271 4016 ait:
1288 3980 1303 4008 ιι
1319 3959 1390 4016 bec-
1403 3957 1479 4016 sicut
1501 3957 1558 4016 bos
1572 3957 1704 4014 eomedit
1717 3957 1820 4032 paleas

94 4057 124 4114 ut
137 4070 211 4126 ego.
230 4049 383 4126 Superbos
395 4051 477 4110 enim
496 4054 586 4124 atque
600 4050 709 4123 impios
721 4051 805 4122 iusto
818 4049 933 4121 judicio
988 4047 1059 4122 (Iso.
1073 4063 1115 4114 ιι,
1130 4047 1169 4119 7).
1187 4068 1202 4098 ιι
1216 4045 1293 4111 Quid
1307 4051 1408 4104 antem
1423 4045 1483 4103 teni
1496 4045 1714 4120 palearumque
1724 4045 1821 4104 nomi·

93 4143 247 4202 Dominus
272 4139 304 4198 in
326 4138 448 4214 pulvere
474 4137 642 4209 abscondit,
681 4137 755 4212 quia
789 4135 933 4194 nimirum
986 4133 1287 4204 ne,nisicarnalium
1299 4134 1532 4208 ritasignaturt
1553 4137 1593 4192 De
1611 4149 1674 4208 qua
1688 4149 1820 4209 perpro-

93 4233 185 4306 quasi
199 4234 274 4289 ante
288 4229 394 4288 taciem
409 4227 472 4286 veri
485 4226 610 4286 luminis
621 4241 683 4284 non
699 4229 837 4300 apparet,
851 4219 969 4333 quis-'D
986 4223 1110 4298 phetam
1123 4222 1232 4282 dicitur
1247 4243 1254 4284 :
1273 4247 1288 4276 «
1297 4224 1401 4283 omnis
1416 4239 1487 4282 caro
1499 4223 1603 4282 fenum
1613 4223 1685 4294 (leo.
1697 4239 1744 4292 ιι,
1756 4223 1793 4296 6).
1804 4244 1820 4276 ιι

92 4323 161 4396 quis
175 4321 283 4380 adhuc
298 4335 334 4378 ea
348 4336 416 4394 quer
426 4317 533 4377 mundi
548 4321 628 4388 sunt
642 4315 755 4392 appetit
769 4321 860 4392 atque
874 4315 931 4374 sub
987 4312 1044 4382 Qui
1053 4328 1125 4385 ergo
1138 4312 1188 4371 hic
1202 4311 1437 4382 Behemoth‚illie
1450 4313 1517 4384 leo;
1534 4317 1563 4371 et
1574 4311 1628 4386 qui
1641 4312 1690 4370 bic
1703 4312 1818 4385 fenum,

93 4412 218 4486 pulvere
233 4415 359 4470 terrente
372 4407 561 4482 cogitationis
573 4407 653 4467 latet.
668 4407 754 4465 Hunc
768 4422 931 4481 pravarum
985 4400 1044 4458 illic
1057 4401 1380 4476 palleanominantur;
1391 4401 1576 4462 bovesenim
1588 4417 1701 4476 aquam
1711 4417 1820 4476 quam-

93 4503 315 4574 cogitationum
338 4499 493 4575 pulverem
517 4513 664 4573 oppressa
699 4512 787 4555 mens
813 4495 930 4562 tolerat,
984 4489 1058 4550 libet
1084 4489 1241 4550 sordidam
1265 4491 1384 4561 bibunt,
1407 4491 1460 4550 sed
1481 4491 1549 4550 tenc
1563 4491 1687 4550 nonnisi
1701 4490 1818 4549 mundo

92 4606 160 4664 quae
176 4588 496 4663 ventusnequissimae
512 4585 682 4646 tentationis
707 4587 854 4659 asportat.
881 4585 931 4643 Se-
984 4585 1156 4638 vescuntur.
1170 4581 1388 4654 Quidestergo
1402 4581 1485 4656 quod
1498 4581 1580 4651 bosi,
1595 4581 1649 4655 qui
1667 4581 1818 4640 mundum

91 4679 194 4752 quitur
209 4697 217 4738 ε
233 4679 336 4737 Sabaei
345 4684 372 4737 et
384 4679 481 4750 socies
495 4677 742 4747 eorumdemerge
754 4675 786 4732 io
798 4675 929 4746 soocom.
984 4669 1124 4738 comedit,
1140 4669 1305 4728 Debemoth
1315 4669 1370 4728 iste
1385 4669 1653 4742 comparatur‚nisi
1664 4669 1723 4726 hoc
1733 4665 1819 4742 quod

92 4796 126 4810 —
139 4771 183 4826 de
197 4767 227 4825 si
241 4767 378 4837 dicat,ut
392 4781 458 4838 ego.
479 4767 565 4824 tusto
588 4778 722 4838 namque
744 4762 859 4836 judicio
880 4779 931 4820 su·
984 4759 1023 4818 de
1035 4759 1093 4818 isto
1103 4759 1227 4834 antiquo
1239 4759 1325 4818 hoste
1339 4775 1393 4834 per
1407 4759 1588 4834 prophetam
1601 4758 1818 4818 diciturilisca

89 4855 261 4928 perborum
275 4853 366 4912 iacies
380 4853 525 4912 Dominus
539 4852 571 4910 in
591 4851 712 4911 foveam
728 4850 845 4925 mergit,
858 4850 931 4926 quia
984 4849 1050 4922 eius
1063 4847 1148 4907 electi
1161 4849 1286 4922 (Hebae.
1302 4865 1322 4921 1,
1341 4849 1395 4919 lc).
1412 4869 1426 4900 ιι
1447 4851 1559 4906 Senum
1573 4863 1646 4920 crgo
1659 4847 1818 4908 comedere

89 4941 293 5003 intentionem
320 4941 419 5000 cordis
443 4958 550 5001 eorum
571 4957 637 4999 sese
659 4941 739 4998 ultra
753 4955 859 4998 omnes
873 4940 930 4998 eri·
985 4937 1062 4997 sicut
1087 4939 1144 4998 bos
1168 4938 1291 5013 appetit,
1319 4937 1392 5013 quia
1417 4938 1621 5012 suggestionis
1643 4956 1706 4998 sum
1729 4939 1818 4996 dente

89 5037 213 5102 gentem
240 5031 365 5090 interius
391 5029 501 5104 dejicit.
531 5033 595 5089 lma
621 5029 702 5088 enim
730 5027 861 5104 respicit.
876 5044 932 5086 en·
985 5032 1137 5087 conterere
1151 5027 1299 5086 mundam
1313 5027 1405 5086 vitam
1425 5025 1605 5102 spiritalium
1627 5028 1743 5104 querit.
1760 5025 1818 5084 Sed

86 5121 137 5193 jus
165 5123 263 5182 iacies
291 5121 412 5180 foveam
440 5119 575 5180 asendit.
612 5121 700 5180 Recte
725 5133 798 5190 ergo
826 5133 933 5176 eorum
985 5115 1184 5191 quaerendum
1198 5119 1245 5174 est
1258 5115 1364 5174 siteno
1377 5115 1438 5174 rita
1452 5116 1816 5188 carnalinmdesiguatur,

87 5207 181 5270 iacies
216 5211 251 5269 in
280 5210 398 5270 ioveam
425 5208 560 5281 demergi
596 5207 818 5284 perhibentur,
860 5206 933 5282 quia
986 5203 1141 5278 quemodo
1155 5203 1258 5262 ionum
1274 5203 1436 5263 comedens
1448 5219 1549 5264 eseam
1567 5203 1660 5262 habet
1679 5201 1815 5260 electam.

88 5305 256 5374 soquentes
282 5299 398 5370 intima,
422 5297 463 5357 ad
481 5297 589 5356 interni
601 5297 782 5356 barathrum
794 5293 934 5372 tendunt,
988 5291 1047 5352 Sed
1071 5293 1129 5352 hoc
1148 5292 1234 5352 citius
1255 5293 1394 5364 occurrit,
1412 5295 1485 5369 quia
1508 5291 1646 5351 nonnulli
1656 5286 1816 5348 hominum

90 5388 261 5464 Sequitur:
987 5387 1016 5442 et
1036 5383 1118 5459 apud
1145 5383 1240 5442 Deum
1267 5384 1371 5443 lenum
1395 5387 1473 5452 sunt,
1500 5386 1530 5440 et
1562 5377 1645 5453 apud
1677 5375 1816 5438 homines

122 5482 212 5546 Vsus.
230 5481 259 5535 9.
275 5479 315 5536 lit
329 5493 382 5550 ego
397 5475 558 5546 confitebor
572 5479 643 5549 quio
657 5476 780 5534 solem
795 5473 933 5546 tepescit
987 5473 1150 5532 sanctitatis
1178 5473 1301 5532 nomine
1332 5475 1499 5560 censentur.
1537 5469 1578 5524 De
1612 5467 1723 5542 quihus
1762 5484 1816 5542 per

89 5567 223 5642 micro
251 5573 323 5642 troo⁸¹
345 5598 379 5609 -
401 5566 444 5624 ilc
469 5564 495 5622 si
518 5567 620 5638 aperte
643 5564 777 5624 diceret:
799 5563 829 5622 Si
848 5567 934 5638 potes
988 5562 1180 5622 Salomonem
1204 5563 1335 5622 dicitur:
1356 5583 1370 5612 «
1387 5557 1451 5618 Vidi
1464 5557 1574 5632 impios
1597 5558 1740 5634 sepultos,
1756 5557 1817 5632 qui
