4104 6162
111 223 156 276 sii
636 219 882 278 coccineam
901 216 992 277 iiiiii
1010 216 1107 277 raas.
1128 249 1162 262 -
1181 193 1246 278 iia.
1267 225 1288 278 i.
1765 215 1818 281 sii

110 357 175 400 vere
192 347 326 400 cernunt.
343 343 428 410 Quod
438 344 469 400 in
484 343 533 400 illo
550 343 660 416 juvene
676 345 820 415 signatur,
844 347 974 416 quemlt
992 345 1028 401 de
1042 346 1128 402 domo
1141 343 1235 418 Deitl
1244 345 1326 402 Petr.
1340 361 1379 414 iv,
1396 351 1450 411 tit.
1476 348 1506 405 Si
1527 351 1629 404 antem
1653 346 1819 420 primariis

110 432 252 490 Dominus
267 450 336 490 cuni
351 451 370 490 a
389 433 539 490 daemonio
560 433 937 508 liberaretitapaalnlum
991 433 1089 504 nobis,
1118 436 1186 508 quis
1211 433 1279 489 finis
1306 447 1411 490 aarum
1439 435 1492 506 qui
1523 451 1585 492 non
1612 435 1738 491 credunt
1767 435 1819 491 liei

107 523 204 594 jacere
233 521 377 594 permisit,
405 527 436 578 nt
460 537 477 578 a
503 523 602 579 multis
627 529 764 580 mortuus
778 523 935 592 diceretur,
992 523 1178 592 Evangelio?
1205 527 1328 579 Peccata
1354 523 1469 594 quippe
1493 535 1689 596 nequaquam
1718 523 1819 580 divina

109 609 252 684 qnoniam
267 611 319 682 qui
334 610 501 684 spiritaliter
514 612 614 669 virere
630 613 777 680 nesciunt,
800 627 870 668 eum
885 611 937 684 qui
992 613 1133 669 severitas
1145 613 1238 670 inulta
1252 627 1407 669 remanere
1421 613 1572 684 permittit,
1594 613 1646 669 sed
1661 613 1705 669 ira
1715 613 1819 684 judicii

109 699 272 756 immundis
285 697 438 756 desideriis
452 707 540 771 caret,
561 703 695 758 inutilem
710 701 827 776 penitus
847 706 937 775 atque
992 715 1010 757 a
1024 705 1129 758 nostra
1142 702 1188 759 liic
1202 702 1389 775 correptione
1398 701 1527 770 inchoat,
1537 705 1569 756 nt
1580 701 1611 756 in
1620 701 1818 773 reproborum

109 789 287 845 exstinctum
302 788 493 846 arbitrantur.
516 791 668 848 Undelob
683 791 724 848 ait
747 809 753 846 :
777 791 939 847 Desiderat·
991 789 1185 848 damnatione
1200 791 1402 864 conquiescat.
1430 792 1551 862 Propter
1572 792 1713 862 utrosque
1737 790 1818 846 enim

103 879 183 950 justi
200 879 376 949 simplicitas
397 881 462 950 (Job
477 897 526 948 xii,
543 882 580 953 4),
605 881 677 954 quia
701 881 837 938 videlicet
863 879 937 936 dum
991 877 1048 934 ioli
1063 880 1103 935 ait
1119 897 1126 934 ε
1143 880 1177 936 Si
1190 881 1298 950 impius
1311 881 1465 949 sicerave
1479 877 1554 933 mibi
1567 880 1817 947 est,·etsijastiis,

109 967 179 1024 loris
194 965 274 1023 idem
284 967 383 1039 justus
398 969 555 1042 temporali
572 970 665 1039 gloria
679 987 741 1026 non
756 969 936 1042 resplendet,
991 979 1051 1020 noa
1068 967 1169 1023 levabo
1185 975 1274 1038 copel
1288 968 1354 1038 (Job
1367 983 1396 1031 x,
1413 969 1468 1039 lt),
1494 968 1645 1022 saturatus
1660 963 1818 1021 afflictione

108 1057 150 1112 eis
166 1054 312 1128 quintilla
325 1055 407 1112 bona
421 1057 479 1112 nisi
493 1057 625 1114 carnalia
638 1073 765 1131 pensare
780 1059 885 1124 sciunt,
905 1055 937 1114 in
991 1057 1019 1109 et
1033 1054 1162 1112 miseria.
1186 1057 1299 1130 impius
1315 1063 1446 1128 namque
1466 1058 1556 1127 caput
1581 1054 1630 1110 hic
1654 1053 1743 1120 levat,
1766 1052 1818 1125 qui

107 1145 249 1217 despectu
265 1145 352 1200 venit.
371 1145 453 1201 Unde
467 1144 543 1202 benc
555 1147 669 1218 Moyses
689 1145 851 1202 electorum
863 1159 936 1201 voce
991 1145 1141 1218 prosperis
1155 1145 1203 1202 hic
1217 1146 1345 1216 inicitur,
1362 1146 1415 1202 sed
1426 1145 1510 1218 quod
1525 1145 1729 1218 sequiturnon
1750 1157 1818 1199 eva-

108 1233 148 1289 ait
168 1251 175 1290 :
196 1234 439 1290 Aboiiiiiiatienes
467 1237 688 1306 AEppptiorum
718 1235 937 1292 immolabimus
991 1232 1059 1301 det;
1087 1235 1229 1307 superbia
1252 1236 1333 1291 enim
1359 1239 1425 1305 ejus
1448 1239 1559 1290 aeterna
1581 1231 1816 1288 ultioneleritur.

106 1323 232 1380 Domitio
246 1323 354 1394 (Exuit.
371 1339 432 1394 viii,
447 1325 935 1398 26).AEgyptiidedignantiiroves
989 1325 1089 1378 lustris
1117 1339 1188 1379 varo
1216 1341 1379 1397 oppressus
1402 1323 1523 1379 miseria
1543 1325 1634 1394 ceput
1645 1321 1744 1378 levare
1755 1331 1818 1376 non

106 1411 203 1479 edere,
220 1411 273 1468 sed
295 1412 379 1485 quod
402 1413 443 1469 illi
463 1414 686 1482 abominantur,
711 1415 768 1471 hoc
799 1413 936 1470 israelitae
991 1410 1105 1478 sinitur,
1119 1412 1171 1466 sed
1184 1413 1360 1468 transitoriis
1369 1411 1524 1468 doloribus
1534 1410 1671 1483 expiatus
1685 1410 1724 1468 ab
1737 1413 1819 1465 aeter·

106 1505 166 1558 lleo
181 1502 319 1564 atterunt,
333 1501 406 1574 quia
420 1503 547 1576 simplex
568 1501 728 1558 humilium
742 1503 804 1558 vita
825 1505 883 1558 beo
905 1501 935 1557 in
990 1513 1029 1554 no
1043 1499 1165 1556 verbere
1176 1501 1329 1557 liberatur.

106 1591 286 1648 sacrificium
300 1592 432 1662 vertitur,
445 1607 539 1664 quam
555 1591 677 1666 superbi
692 1595 720 1648 et
742 1591 876 1664 duplices
891 1591 934 1647 ia·
1025 1591 1122 1644 llllll.
1146 1591 1241 1661 Caput
1266 1589 1367 1661 itaque
1386 1587 1459 1660 justi
1480 1585 1554 1642 Abel
1565 1587 1596 1641 in
1612 1591 1739 1642 mortem
1753 1599 1819 1657 pre-

105 1681 241 1736 tuitatem
256 1685 363 1753 putant
375 1695 448 1738 esse.
465 1685 609 1738 Fraternas
626 1681 716 1736 credis
729 1681 800 1736 Cain
815 1681 934 1753 spirans
950 1703 971 1758 B
990 1675 1090 1746 mitur,
1114 1681 1142 1733 et
1169 1676 1279 1748 impius
1295 1676 1367 1732 Cain
1387 1675 1417 1730 in
1429 1673 1622 1730 effrenatione
1638 1690 1699 1728 suae
1714 1673 1819 1729 volun·

104 1769 180 1854 bbel
194 1769 274 1826 loras
288 1769 389 1840 egredi
402 1769 524 1838 suadet3
539 1771 619 1826 laras
642 1774 742 1827 autem
764 1769 866 1839 egredi
880 1775 933 1836 est,
989 1765 1057 1820 tatis
1071 1765 1154 1822 abire
1168 1765 1284 1833 sinitur,
1298 1765 1372 1820 utin
1385 1763 1436 1819 illo
1449 1763 1518 1818 felix
1541 1763 1691 1818 bonorum
1712 1760 1818 1817 adrer-

104 1857 248 1928 neglectis
265 1857 435 1914 coelestibus
450 1857 538 1915 bonis
554 1859 698 1915 exteriora
721 1875 864 1932 querere.
891 1858 936 1914 Ad
991 1853 1074 1920 sitas,
1102 1853 1133 1909 in
1161 1854 1217 1910 isto
1243 1853 1392 1910 malorum
1416 1851 1517 1906 infelix
1536 1848 1718 1922 prosperitas
1734 1861 1819 1904 mon-

107 1945 192 2020 quod
219 1947 355 2004 videlicet
381 1947 533 2018 agendum
561 1947 697 2003 nonnulli
720 1949 773 2020 qui
792 1947 936 2021 appetitui
990 1946 1140 1998 straretur.
1167 1943 1209 1998 Fit
1231 1943 1311 1998 enim
1335 1942 1512 2014 plerumque
1535 1943 1568 1995 ut
1587 1937 1817 2008 sicutilletunc,

103 2043 293 2094 terrenorum
322 2038 535 2107 succiimbunt,
562 2053 613 2093 eos
639 2053 710 2092 vero
740 2037 793 2109 qui
826 2043 937 2093 aeterna
991 2031 1349 2103 sicnuncunusquisque
1364 2031 1475 2098 malus,
1500 2043 1601 2085 cuma
1614 2029 1688 2100 jugo
1709 2026 1817 2082 divine

104 2126 193 2197 sequi
214 2125 354 2181 videntur
374 2125 533 2196 inflectere,
561 2125 608 2181 val
633 2125 696 2181 solo
722 2126 870 2199 exemplo,
890 2125 937 2180 vel
991 2117 1138 2173 servitutis
1147 2117 1256 2174 collum
1266 2119 1373 2174 mentis
1383 2115 1591 2182 excusserit,in
1601 2113 1818 2186 perpetratione

104 2214 198 2271 etiam
211 2214 310 2271 verbis
326 2215 430 2272 solent.
445 2219 523 2280 Quos
537 2231 613 2271 uxor
627 2213 705 2271 beati
720 2215 775 2271 loli
786 2215 938 2271 evidenter
992 2206 1149 2276 cujuslibet
1164 2211 1262 2263 reatus
1277 2206 1386 2276 agendi
1398 2205 1566 2261 laenitatem
1574 2203 1685 2259 habere
1698 2201 1819 2274 permit-

102 2304 343 2376 expressitque
358 2303 451 2360 rerba
463 2303 659 2376 blasphemie
674 2303 738 2359 viro
753 2303 854 2360 suasit.
864 2305 937 2360 Nam
991 2297 1078 2349 talut-
1096 2294 1152 2360 Oui
1165 2294 1239 2350 dum
1253 2295 1311 2350 sub
1323 2293 1432 2350 divinis
1447 2292 1603 2365 praecptis
1626 2305 1687 2346 non
1700 2287 1819 2344 restrin-

103 2395 133 2449 et
148 2391 180 2447 bi
194 2397 316 2466 propter
327 2391 495 2466 professam
506 2391 791 2448 lidemiairasinnm
802 2392 936 2462 Ecclesiae
991 2382 1078 2454 gitur,
1103 2383 1179 2438 dum
1203 2383 1233 2438 in
1257 2383 1382 2452 figendis
1405 2381 1492 2438 malis
1515 2379 1608 2452 impla
1619 2377 1753 2434 libellam
1766 2389 1819 2448 P0·

101 2479 246 2538 fidelibus
262 2479 380 2537 admisti
395 2487 473 2546 sunt,
488 2497 611 2553 qucseo
626 2479 866 2554 imitabilespene
881 2479 937 2536 sibi
992 2472 1060 2527 iiiut
1080 2485 1087 2525 ἱ
1108 2471 1259 2527 interdum
1282 2471 1369 2527 licere
1399 2470 1455 2526 sibi
1481 2473 1566 2542 putat
1594 2483 1684 2524 omne
1719 2464 1818 2538 quod·

102 2569 229 2638 iaciunt,
245 2585 481 2642 quoeosusque
501 2569 540 2626 ad
563 2569 635 2625 fidei
658 2569 755 2626 cubile
779 2569 934 2642 recipiunt.
989 2559 1069 2628 libet,
1098 2560 1178 2616 unde
1203 2559 1281 2615 bene
1310 2560 1347 2615 de
1383 2575 1418 2615 6⁰
1451 2558 1595 2631 Scriptum
1620 2559 1663 2611 est
1688 2573 1695 2610 ἰ
1727 2552 1820 2621 Quali

103 2657 164 2716 Sed
183 2657 319 2732 quisquis
333 2657 396 2713 vult
412 2655 616 2714 crudelitatem
632 2657 704 2714 Cain
719 2659 853 2724 evadere,
877 2661 936 2714 stu-
986 2649 1108 2717 pultum
1140 2647 1256 2719 Onapii'
1282 2647 1407 2703 libitum
1438 2661 1469 2703 ⁸0
1494 2649 1583 2715 imm
1609 2642 1675 2713 (³⁰b
1693 2653 1734 2710 Χῖ,
1762 2643 1817 2708 ¹2l·

104 2745 179 2802 deat
192 2745 314 2802 internis
327 2745 590 2817 desideriisjungi,
616 2749 710 2801 cesset
724 2745 869 2802 exteriora
883 2761 937 2819 per
991 2738 1107 2806 Onager
1134 2735 1243 2790 dicitur
1276 2735 1378 2792 asinus
1414 2733 1549 2803 agrestis.
1587 2729 1724 2801 agrestia
1749 2741 1818 2784 vero

104 2835 247 2909 exempla
259 2851 421 2909 pravorum
437 2835 562 2892 ambire.
579 2839 653 2892 Nam
671 2834 718 2891 ille
733 2835 763 2890 in
777 2835 936 2904 Evangelio
991 2823 1132 2879 animalia
1146 2823 1311 2879 libertatem
1325 2823 1437 2878 habent
1465 2825 1493 2877 et
1516 2821 1558 2875 ire
1577 2833 1639 2892 quc
1662 2817 1819 2886 voluntat

99 2925 236 2982 latrones
257 2941 319 2981 non
341 2924 514 2988 incurreret,
536 2923 559 2980 sl
584 2923 623 2980 ab
646 2923 837 2994 Hierusalem,
853 2921 937 2996 quod
990 2913 1142 2983 (lulesssseffl
1157 2911 1282 2983 quando
1296 2911 1409 2966 VOIUssl·
1429 2909 1483 2974 Qut
1498 2923 1570 2976 ‘³8⁰
1591 2905 1715 2978 impleffl
1737 2903 1819 3002 ¹¹¹⁸}ss

100 3019 148 3071 est
162 3013 238 3070 visio
252 3013 344 3090 pacis,
359 3029 421 3069 non
434 3014 551 3084 exisset,
563 3029 661 3086 neque
675 3011 768 3068 filiam
780 3013 871 3069 Jacob
885 3029 936 3068 rex
950 3047 970 3101 Ο
990 3017 1057 3073 tl¹1ffl
1072 2999 1221 3054 desiderat
1235 3015 1289 3072 l>er
1309 2999 1484 3054 “ffrssssfllaffl
1510 2996 1680 3094 libellam?
1701 2996 1817 3094 qllffillls

103 3109 193 3161 terrie
205 3103 395 3175 corrupisset,
410 3100 467 3158 nisi
480 3101 531 3157 illa
546 3101 585 3158 ad
598 3101 743 3157 videndas
754 3101 831 3156 illins
842 3101 936 3170 regio-
991 3089 1193 3163 pss110011³tisi
1208 3105 1274 3144 ⁰³³0
1291 3088 1395 3144 Similis
1410 3085 1603 3158 ⁰0⁰0Ulli⁵0¹t2
1626 3082 1692 3138 ‘³¹¹⁵
1716 3080 1818 3136 ildeb·

100 3207 160 3247 nes
183 3189 324 3246 mulieres
349 3187 552 3262 processisset.
580 3187 651 3244 ilinc
672 3187 709 3242 de
724 3188 830 3245 eodem
845 3187 936 3243 Jacob
991 3178 1120 3251 oetquia
1140 3177 1178 3233 ad
1194 3177 1275 3233 aliud
1291 3193 1352 3232 non
1376 3179 1554 3241 reservatur,
1581 3171 1638 3226 sub
1661 3167 1819 3241 disciplina

101 3280 213 3336 dicitur
240 3296 247 3335 τ
274 3277 358 3346 Quod
380 3278 509 3348 simplem
533 3279 564 3333 iit
588 3277 770 3334 habitaculis
790 3277 938 3333 habitavit
991 3267 1078 3339 quasi
1094 3266 1217 3338 agrestis
1231 3265 1326 3321 hesli&
1340 3259 1819 3332 nonleslrissssifflr·flssm⁰³1¹l0m

102 3371 190 3439 (Gen.
207 3383 274 3434 xxx,
290 3366 346 3438 Ἦ).
364 3369 441 3421 Esau
453 3381 532 3433 vero,
542 3381 634 3438 quem
646 3367 723 3421 lleus
736 3363 805 3420 odio
820 3363 935 3430 habuit,
991 3356 1043 3429 qul
1057 3356 1095 3412 ad
1110 3360 1285 3429 sequentem
1302 3354 1392 3410 altam
1407 3352 1526 3420 dicitur,
1540 3359 1662 3406 neeesse
1683 3349 1728 3402 est
1750 3357 1819 3418 pro-

101 3457 150 3514 vir
167 3471 280 3526 gnarus
294 3453 424 3511 venandi
439 3453 502 3509 fuit.
991 3444 1077 3512 secto,
1091 3450 1123 3501 ut
1137 3445 1167 3500 in
1180 3444 1294 3500 cunctis
1310 3442 1441 3499 motibus
1462 3441 1520 3496 sub
1533 3435 1696 3511 disciplinae
1719 3435 1819 3506 dispe

139 3546 242 3603 xxxa,
268 3543 379 3600 Patitur
393 3547 494 3599 aurem
511 3543 587 3600 neus
603 3542 793 3598 innocentem
809 3541 884 3597 Abel
898 3541 937 3598 ab
992 3535 1097 3590 sitione
1108 3534 1256 3603 religetur,
1272 3537 1301 3589 et
1314 3532 1401 3604 quasi
1415 3525 1737 3587 domesticumanimal
1748 3523 1818 3581 loris

101 3633 201 3708 inqiio
218 3633 289 3690 cain
302 3631 443 3702 jugulari,
460 3647 550 3698 quem
570 3633 671 3687 tamen
694 3631 756 3704 ipse
782 3630 935 3703 suscepit:
990 3625 1125 3679 vinctum
1154 3623 1273 3686 serviat,
1304 3627 1393 3694 atque
1422 3619 1540 3676 eternis
1572 3613 1818 3688 dispositionibus

101 3723 253 3798 quoniam
267 3721 429 3778 electorum
452 3723 496 3776 est
519 3720 567 3776 hic
582 3720 663 3776 mala
677 3721 801 3792 perpeti,
828 3719 877 3776 liic
892 3719 936 3775 di·
990 3714 1142 3770 restrictus
1155 3713 1246 3768 vivat.

100 3811 201 3869 versis
215 3809 314 3866 modis
331 3808 449 3880 flagella
464 3809 622 3877 sustinere,
639 3809 751 3882 quihus
770 3813 937 3865 reservatur
967 3879 970 3886 ι
1026 3805 1133 3859 lllllllV.
1151 3803 1215 3874 lpse
1229 3804 1329 3856 autem
1348 3813 1437 3855 verus
1461 3797 1536 3854 Abel
1564 3799 1686 3852 cunctas
1708 3793 1818 3848 nosbae

101 3901 140 3958 de
160 3897 329 3956 haereditate
346 3897 477 3968 gaudere
491 3903 610 3954 [eterna.
625 3901 699 3954 Nam
715 3897 738 3953 sl
754 3898 815 3966 tilii,
831 3901 860 3954 et
875 3898 935 3953 hie·
991 3891 1190 3951 tribulationis
1216 3891 1367 3948 molestias
1389 3888 1559 3952 consolans,
1585 3885 1714 3942 mirabili
1734 3895 1818 3938 com-

100 3989 202 4046 redes.
217 3987 278 4044 Filii
295 4002 364 4044 vero
379 4001 443 4043 esse
459 4001 495 4042 ex
510 3987 576 4058 ipsa
590 3985 749 4042 afflictione
773 3991 937 4042 noscuntur
991 3983 1132 4056 passione
1146 3985 1241 4037 totum
1254 3995 1291 4036 ex
1305 3983 1450 4052 potestate
1465 3977 1613 4042 sustinuit,
1633 3973 1717 4046 quod
1731 3971 1818 4027 nobis

98 4080 192 4150 juxta
206 4076 278 4132 illud
292 4095 298 4132 z
310 4077 463 4146 Ftopettut
478 4091 592 4131 omnem
605 4076 703 4144 fitium
719 4089 804 4146 quem
827 4077 937 4144 recepit
991 4089 1025 4130 ex
1041 4071 1217 4128 necessitate
1232 4069 1442 4124 sustinendum
1460 4068 1553 4132 novit,
1569 4071 1600 4121 nt
1612 4079 1668 4119 nos
1679 4059 1817 4118 homines

101 4169 210 4236 (Helii.
226 4183 277 4232 xii,
291 4167 329 4238 6).
345 4165 422 4222 licet
434 4165 516 4220 enim
531 4179 594 4220 non
608 4164 644 4220 sit
658 4164 737 4219 illius
762 4164 860 4220 omnis
885 4163 937 4236 qni
990 4161 1074 4234 quod
1088 4175 1124 4215 ex
1140 4158 1245 4214 merita
1259 4157 1355 4230 culpae
1374 4156 1515 4228 patimur,
1538 4167 1600 4209 non
1622 4149 1817 4220 refugiamus,

101 4255 284 4327 flagellatur,
297 4259 398 4311 tamen
411 4253 511 4309 nullus
527 4257 570 4309 est
584 4253 663 4308 filius
675 4254 726 4326 qui
738 4267 798 4309 non
810 4252 936 4323 flagelle—
991 4265 1061 4306 oum
1076 4249 1122 4304 ille
1137 4247 1190 4320 qui
1206 4249 1281 4302 [leus
1294 4249 1384 4302 estex
1399 4243 1462 4300 sola
1473 4240 1725 4300 condescensione
1736 4239 1819 4293 mnia

100 4353 164 4404 tur.
182 4345 245 4402 llali
260 4361 332 4402 vero
345 4345 409 4400 siae
428 4343 550 4399 verbere
563 4343 781 4415 relinquuntur,
807 4347 839 4398 ut
861 4343 937 4398 sicut
992 4341 1136 4396 sustinere
1148 4338 1289 4407 dignatus
1304 4339 1357 4391 est.
1374 4337 1437 4390 Non
1452 4333 1552 4406 itaque
1567 4335 1640 4405 puto
1655 4327 1820 4402 quemlibet

101 4437 133 4492 in
147 4435 227 4491 libro
241 4449 312 4490 xxiv
326 4433 481 4490 Moralium
496 4432 616 4488 dicitur:
626 4433 735 4489 Saltem
749 4431 827 4488 hanc
842 4432 935 4488 vitain
951 4400 972 4454 Β
992 4435 1053 4484 tam
1068 4432 1356 4501 praesumptuosum,
1368 4428 1400 4480 ut
1413 4424 1502 4496 quasi
1523 4422 1561 4478 de
1585 4418 1728 4488 singulari
1755 4427 1818 4472 meb

102 4525 171 4582 sine
186 4524 283 4598 poenis
299 4523 419 4588 ducant,
434 4521 485 4595 qui
501 4522 540 4578 ad
552 4525 701 4577 tormenta
716 4521 780 4576 sine
794 4520 853 4576 tlne
868 4537 936 4592 quae
991 4519 1056 4584 rite,
1073 4515 1119 4572 vel
1133 4513 1261 4585 digniori
1279 4519 1387 4569 natura
1410 4525 1610 4585 praesumens,
1640 4509 1818 4579 presentem

103 4618 179 4670 sunt
202 4611 284 4668 mala
311 4611 428 4680 agendo
455 4609 604 4666 festinant.
637 4611 835 4681 Nequaquam
856 4608 936 4663 enim
990 4607 1084 4662 vitam
1111 4605 1174 4660 sine
1202 4603 1345 4660 molestiis
1372 4605 1489 4674 qureret
1514 4599 1570 4654 sibi
1595 4593 1726 4668 disponi,
1748 4605 1818 4690 cum

101 4700 308 4760 retributionis
342 4700 486 4770 gaudium
525 4699 562 4755 de
594 4699 755 4755 aeternitate
780 4697 935 4768 colligatur,
990 4697 1054 4769 ipse
1080 4709 1202 4768 quoque
1230 4696 1333 4749 auctor
1354 4691 1434 4754 vitae,
1455 4689 1518 4743 sine
1542 4685 1644 4742 dolore
1670 4681 1819 4755 passionis

101 4792 191 4866 quod
217 4806 279 4846 non
307 4789 355 4846 liic
380 4789 463 4862 prius
487 4789 537 4862 pia
556 4787 745 4844 tribulatione
761 4787 935 4844 seminatur.
991 4784 1031 4840 ab
1046 4785 1152 4840 eadem
1167 4783 1228 4838 rita
1240 4795 1301 4836 non
1316 4778 1394 4834 exiit.
1412 4775 1600 4843 Quibuslibet
1622 4771 1703 4830 enlm
1725 4769 1818 4872 virtu:

102 4885 182 4938 Eant
218 4879 307 4950 igitur
339 4879 481 4952 reprobi,
519 4881 547 4934 et
582 4877 730 4935 desideria
759 4893 814 4934 sua
845 4875 937 4932 inulte
990 4874 1070 4929 tibus
1091 4872 1211 4944 polleat,
1240 4868 1313 4942 quur
1334 4867 1426 4936 digna
1447 4863 1819 4936 estvitapeecetcruni,si

101 4973 305 5037 consumant,
339 4969 411 5043 qula
436 4973 513 5026 certe
540 4969 578 5025 ad
606 4973 705 5025 reatus
733 4967 936 5024 testimonium
991 4965 1055 5034 ejus
1071 4965 1099 5017 el
1111 4961 1171 5017 vita
1182 4974 1238 5033 pro
1253 4955 1340 5014 nobis
1352 4953 1471 5025 flagello
1487 4949 1647 5024 subjacuit,
1664 4965 1732 5024 quae
1748 4949 1819 5006 suba

101 5065 185 5118 Deus
209 5059 354 5117 convertit
377 5059 465 5116 etiarn
493 5059 593 5131 ipsum
619 5061 750 5132 tempus,
780 5057 864 5130 quod
895 5055 937 5110 eis
991 5052 1053 5107 dita
1067 5050 1140 5106 nulli
1154 5053 1277 5122 peccato
1291 5047 1368 5104 fuit?
1382 5047 1416 5102 Ut
1429 5045 1510 5102 enim
1524 5035 1637 5116 aliquid
1648 5042 1707 5097 sub
1721 5055 1820 5096 exem·

101 5151 145 5207 ad
161 5146 366 5222 peanitentiam
376 5147 487 5218 tribuit,
497 5152 525 5204 et
535 5149 615 5204 iram
630 5163 723 5222 quam
737 5161 818 5202 nunc
832 5145 938 5202 retinet
990 5141 1041 5215 plo
1054 5141 1201 5206 dicamus,
1215 5137 1333 5194 Barneh
1348 5134 1530 5208 discipulum
1543 5133 1676 5189 ieremias
1691 5129 1819 5226 proplie-

100 5237 293 5312 quandoque
333 5235 584 5294 irretractabiliter
616 5235 753 5292 inlundit.
785 5233 871 5301 Quod
900 5251 936 5291 ex
991 5234 1027 5286 te
1043 5229 1143 5285 divina
1157 5239 1216 5284 vox
1229 5225 1390 5296 redarguit,
1405 5239 1441 5281 ec
1453 5223 1537 5297 quod
1552 5220 1664 5314 ceteris
1685 5218 1715 5271 in
1728 5217 1819 5286 eapti-

101 5327 267 5384 afflictione
281 5325 431 5382 bonorum
457 5325 612 5398 colligitur,
631 5339 708 5398 quos
734 5322 885 5379 cernimus
910 5325 938 5378 et
990 5318 1113 5374 vitatem
1139 5313 1420 5386 transmigrantibus
1449 5310 1580 5384 quietem
1607 5305 1664 5360 slbr
1684 5313 1818 5374 quarere

100 5416 259 5488 piaagere
274 5419 302 5470 et
317 5413 449 5470 crudelia
465 5413 560 5470 multa
582 5412 718 5469 tolerare.
741 5414 814 5466 Nam
839 5410 936 5467 distri·
990 5405 1192 5482 presumpsit.
1232 5403 1370 5478 Alioquin
1399 5401 1516 5456 diversa
1548 5390 1650 5492 itinere
1684 5386 1819 5446 ambulat

100 5509 173 5560 ctus
185 5503 280 5574 judex
293 5508 408 5576 quanta
424 5503 483 5558 illic
505 5501 766 5558 animadversione
780 5499 846 5555 farlt
859 5515 936 5573 quos
991 5497 1173 5555 Christianus
1187 5495 1282 5564 miles,
1300 5494 1324 5549 si
1339 5489 1450 5561 gaudia
1469 5490 1497 5541 at
1511 5482 1726 5582 delectationes
1739 5493 1820 5552 qure-

98 5591 258 5666 reprcbat‚
274 5591 298 5647 si
311 5592 358 5648 liic
372 5595 435 5648 tam
448 5591 580 5648 districte
596 5589 707 5647 cruciat
730 5605 807 5663 quos
825 5589 936 5646 amati
990 5588 1040 5656 rit,
1053 5587 1101 5642 cui
1113 5586 1174 5642 dux
1195 5601 1268 5640 suus
1290 5583 1352 5639 vias
1376 5571 1584 5673 amaritudinis
1609 5569 1749 5626 ostendit.
1778 5572 1818 5624 be

101 5681 183 5738 ilinc
195 5683 296 5738 Petrus
312 5681 373 5740 ait:
391 5683 515 5754 Tempus
529 5685 572 5739 est
587 5685 620 5738 ut
640 5680 768 5752 incipiat
785 5679 936 5750 judicium
990 5676 1101 5750 quibus
1112 5675 1168 5732 iiis
1183 5673 1328 5746 scriptum
1343 5671 1409 5725 est:
1426 5665 1532 5722 Omnes
1550 5673 1615 5720 aras
1626 5662 1690 5730 ejus
1704 5658 1818 5716 tittettt·
