4110 6138
241 151 290 206 'ldl
761 144 788 200 S.
809 94 939 200 OllthlS
957 139 1101 198 teneris
1120 140 1371 198 etuniaenttsis
1391 143 1425 196 ll.
1468 189 1474 196 .

1894 137 1950 192 732

239 269 311 348 stria
323 269 445 352 tandem
458 270 596 352 reparata
609 267 765 340 pulchrius
795 266 961 324 videbatur.
979 265 1067 322 Multo
1085 265 1109 318 A
1124 281 1204 321 nunc
1219 265 1303 322 Pario
1332 263 1491 334 candidus,
1513 277 1595 318 nuno
1618 274 1742 334 quoque
1756 257 1880 331 prasino
1907 257 1951 313 ri·

242 359 322 416 enim
336 357 490 413 decentius
518 372 608 424 nunc,
629 374 723 430 quam
751 361 819 413 ante
838 356 921 412 illam
944 353 1067 410 combu-

242 447 369 502 stionem
382 443 477 515 fuerit,
488 449 610 518 compta
628 445 783 516 renitebat,
794 444 883 515 longe
895 448 994 499 tamen
1020 441 1065 497 in·

241 533 331 588 iarius
346 549 440 606 quam
454 533 559 606 priscis
573 532 770 606 temporibus,
786 533 857 605 quia
880 548 961 587 nunc
974 531 1067 602 [lunc]

241 627 270 678 et
283 621 421 678 crustulis
442 619 620 679 marmoreis
649 622 729 678 intus
745 621 876 678 obducta
904 625 976 676 erat.
993 621 1069 676 Nam

240 701 394 768 interdum
405 697 575 768 protonisso
590 726 741 768 marmore
757 710 857 784 paries
870 708 1067 776 rubicundus,

242 853 323 923 bitae,
339 852 381 908 sic
395 851 528 908 habent:
544 875 558 902 ιι
573 853 606 907 ιιι
622 852 672 908 Dei
687 851 809 908 nomine
823 851 991 907 adefonsus
1014 858 1069 922 pro

244 923 350 982 Christi
359 928 445 990 nutu,
462 929 553 1005 atque
567 924 700 995 potentia
727 924 875 995 Hispaniae
898 937 960 985 rex,
977 922 1071 978 Chris-

245 994 414 1053 tianissimo
425 1009 518 1064 gregi,
535 999 563 1050 et
577 995 741 1050 cultoribus
753 995 859 1056 tumuli
867 993 946 1050 beati
957 993 1071 1048 confes-

245 1065 320 1122 soris
343 1065 447 1132 Christi
460 1065 571 1124 Martini
583 1066 761 1122 Turonensis
772 1065 912 1131 ecclesia,
926 1064 955 1119 in
972 1063 1069 1120 Chris-

246 1139 288 1206 tc,
304 1139 332 1190 et
348 1135 403 1208 'per
430 1135 587 1200 Christum,
608 1141 750 1192 aeternam
784 1136 920 1192 salutem.
950 1135 1069 1190 Litteras

246 1205 451 1262 sanctitudinis
480 1213 596 1272 vestrae,
623 1219 700 1280 quas
726 1219 782 1280 per
810 1207 1009 1275 mansionem,
1039 1221 1069 1260 es

245 1278 493 1347 datumtdeferri
520 1280 702 1350 procurastis
717 1279 756 1334 ad
777 1280 930 1346 egregium
949 1278 1070 1349 pontiti-

245 1347 496 1419 cemapostolicie
509 1350 613 1406 lacobi
628 1350 706 1406 sedis
726 1351 985 1422 archiepiscopum
1000 1348 1070 1404 Sisi-

1123 353 1194 408 ridis
1207 353 1323 408 varium
1345 357 1373 408 et
1399 352 1469 408 satis
1484 350 1645 424 pulchrum
1671 347 1793 404 schema
1812 345 1951 419 praelere-

1123 442 1185 510 bat,
1200 447 1229 498 el
1243 441 1313 498 loris
1342 440 1469 498 aureolis
1494 437 1686 514 sapphirinis,
1712 442 1801 508 atque
1826 435 1951 490 musivis

1124 529 1257 600 fulgebat
1283 529 1401 604 lapillis.
1431 527 1488 586 Sed
1516 532 1544 584 ct
1571 531 1682 583 tectum
1708 524 1842 595 stagneis
1856 525 1950 596 [stan-

1123 621 1196 691 neis]
1234 619 1307 692 (ire)
1341 619 1449 676 tabulis
1477 623 1540 674 erat
1568 621 1717 690 opertum.
1752 613 1847 669 liciis
1873 628 1952 684 quae

1123 711 1196 766 dam
1222 709 1321 766 adhuc
1357 707 1468 766 indicia
1491 711 1612 773 suntet
1639 703 1790 778 quosdam
1812 699 1951 772 granda-

1124 851 1201 908 rium
1215 847 1375 906 diffinitum
1404 847 1599 905 direxerimus
1627 845 1713 902 vobis
1731 841 1870 919 peritios
1886 853 1955 915 pae-

1124 928 1205 988 tum;
1221 923 1374 978 nonenim
1388 922 1532 988 minuere,
1561 918 1614 974 sed
1642 931 1752 986 arigerc
1773 919 1802 972 et
1816 914 1952 986 locuple·

1126 999 1186 1049 tare
1211 1009 1334 1049 eausam
1358 993 1489 1050 ecclesiae
1513 995 1617 1046 vestrae
1632 989 1764 1045 nitimur.
1781 990 1910 1058 insuper
1924 989 1952 1039 et

1124 1080 1251 1120 munera
1291 1064 1322 1120 in
1346 1062 1563 1119 adminiculum
1589 1060 1709 1116 labricae
1737 1073 1887 1136 conamur
1903 1071 1954 1128 per

1125 1137 1228 1192 iratres
1240 1139 1353 1190 vestros
1368 1133 1453 1190 vobis
1468 1132 1631 1206 possidere.
1650 1129 1737 1196 Quod
1752 1129 1776 1183 si
1794 1127 1952 1201 placuerit,

1124 1207 1309 1262 remittemus
1323 1219 1390 1261 eam
1401 1219 1508 1261 sanam
1523 1203 1598 1276 [per]
1612 1201 1721 1258 ditatos
1735 1199 1852 1260 iratres,
1869 1203 1900 1253 et
1915 1198 1954 1252 oh

1124 1277 1276 1334 fastidium
1290 1276 1496 1349 locupletatos.
1512 1278 1589 1331 Sane
1600 1278 1742 1346 optamus
1753 1275 1890 1349 vestram
1906 1269 1954 1323 he·

1125 1349 1351 1417 nignolentiani,
1368 1353 1400 1404 ut
1410 1345 1558 1420 quidquid
1568 1346 1771 1416 conscriptum
1787 1341 1909 1398 hahetis
1919 1339 1955 1394 de

245 1419 579 1496 nandumzpostquam
606 1437 656 1476 eas
671 1420 718 1478 ille
734 1422 860 1490 gratiose
887 1419 1027 1490 suscepit,
1043 1423 1072 1474 et
1124 1420 1374 1492 virtutibusque
1405 1419 1435 1474 iii
1467 1417 1592 1473 ecclesia
1624 1423 1722 1470 vestra
1768 1417 1815 1468 ost
1837 1411 1956 1466 obitum

245 1487 332 1546 avide
347 1495 523 1564 percurrens
539 1507 635 1562 usqne
660 1487 699 1546 ad
727 1497 860 1547 nostram
882 1491 1071 1546 clementiam
1126 1491 1219 1545 sancti
1235 1490 1357 1548 Martini.
1369 1487 1613 1558 gratiactmerito
1627 1486 1721 1558 ipsius
1756 1485 1956 1562 eoannuente

245 1559 394 1616 destinare
419 1562 544 1617 solerter
566 1577 627 1617 non
647 1563 789 1642 pepercit,
807 1563 936 1616 recitatis
950 1573 1071 1632 qnoque
1126 1561 1210 1617 factae
1220 1565 1297 1630 sunt,
1309 1560 1458 1616 nobisdlri
1500 1573 1529 1613 re
1541 1571 1601 1614 non
1613 1555 1788 1628 gravemini.
1803 1555 1957 1632 Ouomam

244 1632 348 1688 vestris
363 1631 509 1704 apicibus,
526 1632 563 1688 de
578 1637 720 1703 sospitate
733 1639 828 1688 vestra
837 1632 936 1703 gavisi
948 1647 1069 1686 sumus:
1087 1619 1107 1678 Β
1126 1638 1226 1688 tamen
1242 1633 1343 1688 nosde
1359 1631 1464 1687 mirabi
1478 1629 1546 1686 ihus
1560 1629 1625 1699 ejus
1637 1627 1786 1708 habemus
1800 1639 1956 1704 conscrip-

246 1701 284 1758 dc
313 1706 565 1766 Nortmannorum
594 1710 695 1758 autem
721 1703 860 1773 audacia,
880 1703 1071 1775 quidomum
1125 1709 1199 1768 tum,
1216 1719 1284 1775 qma
1301 1704 1330 1762 in
1344 1703 1404 1776 vita
1418 1702 1514 1774 ipsius
1530 1698 1811 1776 usqueadohitum
1829 1701 1957 1775 mystice

247 1771 327 1827 beati
356 1773 470 1828 llartini
499 1773 706 1846 incenderunt,
733 1773 930 1838 suffoderunt,
957 1773 1071 1844 acejus
1147 1779 1246 1830 eracta
1261 1775 1338 1830 sint:
1355 1789 1410 1829 nos
1436 1788 1558 1844 quoque
1580 1770 1743 1826 mullorum
1775 1782 1911 1822 virorum
1929 1758 1957 1820 il-

246 1835 362 1968 pascua
376 1843 608 1914 depascuerunt,
622 1843 708 1899 dolor
718 1845 824 1900 exinde
834 1845 1071 1918 impatiensnos·
1125 1790 1262 1900 fustrium
1277 1845 1377 1909 vitam,
1392 1841 1522 1908 virtutes,
1537 1846 1566 1897 et
1585 1837 1733 1896 mirabilia
1749 1842 1852 1919 utpote
1877 1852 1957 1891 eme-

274 1912 416 1968 oinfinus
435 1918 479 1969 est
491 1917 619 1986 pectore.
651 1915 706 1971 Sed
722 1917 792 1987 quia
819 1920 932 1971 certum
959 1919 1002 1970 est
1016 1926 1071 1987 pro
1126 1921 1276 1971 retensum
1290 1915 1518 1986 †evidenterae
1533 1913 1681 1985 sapienter
1695 1915 1884 1992 conscriptas
1907 1907 1957 1962 ha-

247 1988 421 2055 contemptu
435 1985 604 2040 divinorum
619 1992 849 2059 praeceptorum.
864 1991 893 2041 et
903 1992 1071 2054 transgres-
1125 1987 1244 2050 bemus,
1268 2003 1335 2058 quse
1360 1991 1392 2042 ut
1406 2000 1541 2042 remoror
1553 1984 1585 2040 in
1612 1982 1746 2038 Archivrs
1769 1984 1880 2060 vestris
1894 1994 1955 2033 non

248 2054 331 2110 sione
347 2055 571 2124 mandatorum,
586 2057 734 2123 iudaeam,
757 2064 785 2114 et
798 2057 960 2114 Jerusalem
975 2057 1071 2128 perni·
1125 2058 1284 2114 habentur.
1299 2057 1383 2124 Quod
1401 2058 1425 2112 si
1439 2054 1644 2112 vobisutililas
1658 2053 1754 2117 luerit,
1766 2051 1956 2131 dirrgereeas

247 2125 323 2180 ciem
339 2125 515 2204 sustinuisse
532 2143 749 2198 pressurarum,
764 2145 798 2184 ac
813 2129 939 2184 domum
956 2129 1015 2190 liei,
1031 2127 1070 2182 le·
1125 2129 1364 2202 procurabimus
1379 2129 1418 2183 De
1431 2131 1537 2182 caetero
1552 2125 1636 2198 quod
1659 2125 1852 2196 conqueritis
1869 2137 1957 2200 cnjus

247 2191 376 2268 gemqi'ie
399 2194 536 2252 ‘divinam
566 2213 583 2253 a
600 2197 700 2253 multis
727 2199 825 2271 stirpis
839 2201 860 2270 -ι
876 2199 989 2254 vicibus
1004 2213 1070 2253 esse
1127 2199 1262 2272 apostoli
1276 2197 1410 2254 tumulus
1424 2198 1472 2253 hic
1492 2213 1585 2269 penes
1601 2208 1657 2251 nos
1671 2193 1808 2258 habetur,
1826 2196 1957 2272 certissi-

247 2269 366 2338 captam
381 2271 471 2339 atque
484 2281 672 2324 succensam.
684 2269 740 2325 Sed
757 2271 901 2342 qnoniam
912 2285 973 2325 non
997 2270 1028 2324 ιιι
1040 2270 1073 2324 ιι-’
1127 2287 1174 2326 me
1187 2271 1354 2343 pernoscite
1366 2269 1468 2325 iacobi
1484 2267 1612 2340 apostoli
1634 2265 1770 2324 zebedei,
1797 2267 1957 2330 Bonargis,

245 2351 315 2392 nem
331 2337 467 2393 irascitur
482 2340 635 2406 Dominus,
650 2355 668 2395 a
683 2342 752 2396 lesu
777 2339 933 2396 sacerdote
948 2355 1070 2405 magno,
1126 2342 1178 2414 qui
1192 2341 1231 2398 ab
1246 2341 1361 2396 Herode
1375 2340 1539 2396 decollatus
1550 2343 1605 2418 est,
1621 2333 1959 2414 sepulcrumhabemus

246 2411 275 2472 et
288 2407 462 2474 zorobabel,
478 2414 507 2465 et
522 2410 623 2480 Esdra,
640 2417 667 2466 et
680 2413 831 2480 belamin,
847 2413 877 2480 in
897 2412 1003 2468 melius
1017 2427 1072 2483 pro
1127 2414 1157 2468 in
1183 2412 1280 2468 archis
1306 2415 1365 2470 Mar
1400 2411 1497 2483 aricia,
1520 2409 1676 2484 provincia
1700 2406 1846 2486 Galaesus.
1869 2408 1959 2461 Manu

246 2477 298 2533 Dei
309 2478 397 2548 jussu
414 2495 519 2536 omnes
534 2481 627 2542 ruina
643 2481 762 2538 fuerunt
786 2488 956 2550 contractae,
972 2499 1006 2538 ac
1021 2481 1073 2536 do·
1128 2484 1205 2538 enini
1222 2483 1338 2538 Domini
1354 2498 1393 2552 gu
1416 2487 1548 2546 ernante,
1565 2483 1598 2534 ut
1621 2479 1721 2535 multra
1735 2475 1876 2532 veridicae
1888 2489 1959 2530 con-

247 2565 316 2604 inus
330 2549 382 2604 Del
393 2549 571 2606 ¹restaurata.
587 2549 671 2607 Unde
687 2552 867 2608 confidimus
882 2553 1030 2608 inmerito
1045 2557 1072 2608 et
1128 2555 1220 2610 tinent
1246 2553 1388 2616 historie,
1413 2551 1509 2626 'usque
1535 2549 1647 2606 ibidem
1662 2565 1716 2622 per
1728 2553 1823 2604 ratem
1846 2563 1960 2618 corpus

246 2619 414 2701 interventu
426 2624 521 2701 saneti
535 2623 658 2703 Martini,
673 2624 725 2695 qui
739 2624 826 2678 vobis
840 2624 967 2679 domuin
984 2637 1072 2678 suam
1127 2626 1191 2695 ejus
1206 2625 1354 2696 perlatum
1380 2629 1425 2679 est
1446 2629 1537 2695 atque
1556 2620 1839 2702 sepultum3t1ujus
1858 2617 1960 2697 sepul-

247 2695 371 2762 spiravit
385 2707 503 2747 munire
517 2697 546 2747 et
559 2699 737 2758 instaurare,
750 2700 783 2750 ut
796 2694 873 2750 ultra
886 2710 947 2750 non
968 2694 1073 2750 oculus
1093 2730 1096 2747 .
1128 2712 1211 2752 οιιιιιι
1226 2695 1326 2751 niriltis
1342 2694 1434 2752 claret
1446 2695 1591 2750 hactenus
1606 2689 1804 2772 mirabihbus,
1816 2689 1958 2768 lacman·

248 2761 1072 2888 [ponculcsst‘eamsuperbus,neccontaminetpollutus.
1128 2767 1388 2847 tur†diemones,
1430 2766 1515 2846 caecis
1545 2764 1680 2846 redditur
1701 2761 1813 2843 lumen,
1839 2759 1958 2885 ιίιιιιιιιιε

247 2833 391 2983 latai
405 2833 1073 2988 attractantlatrina-‘itinn
1128 2833 1958 2990 attremittlt}tttt.¹{,⁸.ttlt¹tt¹3¹amtttttt5

247 2987 278 3028 in
293 2979 391 3029 vestra
404 2977 541 3042 ecclesia,
569 2976 652 3049 loqui
673 2983 784 3048 mutos,
814 2977 889 3033 solvi
908 2977 1072 3044 colligatos,
1089 2966 1109 3019 0
1128 2985 1156 3036 et
1169 2979 1334 3051 pontifices,
1359 2983 1389 3033 et
1414 2977 1483 3034 olen
1511 2991 1606 3104 ipsius
1632 2977 1833 3031 narraverunt
1857 2973 1959 3028 nohis.

247 3043 480 3114 audiresurdos,
501 3048 583 3103 auxit
606 3047 695 3103 nohis
724 3049 849 3105 milliare
865 3049 1009 3118 gaudium
1025 3049 1075 3104 be-
1129 3054 1201 3107 Nam
1218 3049 1409 3122 quoinodcin
1419 3051 1520 3106 leroso
1532 3062 1605 3120 yma
1616 3045 1776 3102 abHerode
1791 3043 1961 3102 decollatus

246 3114 384 3170 nedictus
399 3117 552 3178 Dominus.
565 3118 616 3191 qui
626 3134 679 3191 per
689 3135 831 3190 magnam
840 3119 1075 3179 misericordiam
1128 3127 1182 3184 est.
1198 3127 1226 3178 et
1240 3121 1299 3176 huc
1310 3125 1460 3194 aporiatus
1475 3123 1564 3190 atque
1575 3117 1719 3190 sepultus,
1744 3113 1788 3171 vel
1803 3131 1868 3188 quo
1890 3123 1961 3170 tem-

247 3186 423 3264 corroborat
436 3203 466 3242 in
482 3189 564 3244 omni
580 3189 768 3246 tribulatione
792 3190 950 3248 Ecclesiam
975 3200 1072 3246 suam.
1128 3208 1210 3263 porc,
1226 3191 1272 3247 vel
1287 3190 1453 3264 quomodo,
1469 3189 1620 3245 evidenter
1642 3186 1836 3244 manifestum
1862 3185 1960 3241 omni-
2048 3241 2049 3250 ,

247 3256 317 3312 ldco
334 3255 633 3328 optamusvoshene
654 3259 760 3329 valere,
776 3261 858 3317 etsie
884 3266 1073 3334 utprospere
1127 3261 1195 3334 bus,
1238 3267 1267 3317 et
1291 3261 1428 3318 veridicae
1452 3265 1624 3316 nostrornm
1662 3257 1961 3330 archiepiscoporum
2048 3309 2049 3312 ,

248 3327 355 3398 agatis,
370 3343 513 3400 peragere
528 3337 697 3402 procurate,
714 3332 878 3388 etdomum
894 3332 988 3387 sancti
1003 3335 1071 3388 liar·
1127 3333 1269 3406 epistolae,
1290 3337 1319 3389 et
1333 3336 1451 3388 Petrum
1466 3331 1607 3400 historias,
1622 3334 1651 3387 et
1665 3329 1829 3386 multorum
1843 3333 1959 3384 testan-

247 3398 300 3454 tini
328 3397 477 3457 instudete
501 3403 628 3458 munire.
659 3403 830 3460 Gaudemus
855 3403 941 3459 valde
964 3403 1001 3459 de
1016 3403 1074 3462 hoo
1127 3409 1175 3460 tur
1187 3404 1316 3486 eloquia.
1342 3403 1428 3470 Quod
1443 3402 1646 3470 siadsingula
1661 3400 1753 3458 modo
1768 3399 1954 3456 voluerimus

246 3468 331 3542 quod
356 3475 436 3540 recte
460 3471 564 3536 facitis.
592 3475 624 3528 Et
649 3490 701 3529 ma
724 3473 748 3528 is
764 3479 864 3530 autem
891 3474 999 3530 horum
1017 3490 1073 3530 nos
1127 3492 1162 3532 ea
1177 3475 1263 3532 vobis
1278 3490 1411 3542 narrare,
1435 3474 1466 3530 in
1480 3473 1599 3543 longius
1625 3475 1750 3528 veretur
1774 3475 1803 3528 st
1824 3469 1960 3541 lus,quo

246 3540 395 3622 habemus
409 3539 564 3612 gaudium,
581 3560 650 3598 cum
662 3489 803 3600 audimus
816 3561 870 3600 vos
885 3545 915 3599 in
946 3545 1002 3598 viis
1018 3547 1073 3599 ilo·
1127 3545 1253 3602 modum
1268 3545 1445 3600 excedemus
1460 3543 1590 3618 epistolae
1604 3543 1701 3614 juata,
1719 3487 1960 3622 imosbstinatio

246 3625 320 3668 mini
334 3611 501 3678 ambulare,
517 3618 545 3668 et
560 3611 687 3669 domum
704 3615 752 3670 liet
761 3622 937 3683 restaurare,
947 3615 1072 3687 ejusque
1128 3629 1196 3672 nem
1214 3617 1385 3686 gerulorum
1401 3615 1452 3688 qui
1469 3613 1630 3670 noluerunt
1647 3627 1801 3670 remorari.
1817 3612 1875 3668 Sed
1892 3627 1958 3692 opi-

247 3683 322 3739 aii-ia
334 3683 462 3752 munire,
478 3687 510 3738 ut
528 3684 595 3756 ipso
609 3689 778 3757 praestante,
795 3687 872 3742 ultra
888 3699 949 3741 non
964 3691 1074 3758 paveat
1127 3688 1239 3744 tutante
1253 3691 1322 3752 ileo,
1338 3687 1412 3741 dum
1426 3686 1516 3742 vestri
1531 3685 1570 3741 ad
1587 3699 1644 3740 nos
1660 3683 1835 3741 devenerint
1848 3682 1959 3750 clerici,

246 3755 376 3810 ruinam.
391 3757 431 3810 lle
443 3759 549 3811 cetero
564 3755 648 3828 quod
662 3772 782 3812 rursum
796 3756 985 3826 insinuastis,
1002 3757 1074 3830 quia
1128 3759 1230 3832 omnia
1255 3757 1397 3830 liquidius
1417 3761 1445 3812 et
1469 3757 1637 3824 enucleata,
1661 3755 1744 3812 nulla
1767 3770 1804 3810 ue
1818 3753 1961 3810 lucubra-

246 3839 340 3896 penes
359 3841 414 3881 vos
443 3842 587 3882 coronam
609 3827 795 3900 imperialem
817 3827 933 3894 habetis
948 3843 984 3884 ex
999 3843 1072 3883 auro
1130 3827 1668 3902 tioneretcnta,sedqu'0dasanctis
1683 3829 1750 3883 Patr
1785 3842 1819 3880 us
1844 3841 1918 3880 acce
1943 3825 1963 3880 ι

247 3898 275 3951 et
297 3896 424 3966 gemmis
457 3903 621 3970 comptam,
653 3903 761 3954 nostrre
797 3899 945 3955 serenitati
973 3897 1074 3954 condi·
1130 3917 1206 3960 mus.
1223 3904 1252 3955 et
1266 3903 1402 3956 tenemus
1417 3901 1447 3954 in
1462 3899 1581 3971 scripta,
1597 3897 1684 3954 vobis
1695 3897 1822 3966 dirigere
1835 3911 1899 3951 non
1934 3911 1961 3948 e·

247 3971 350 4038 g'nam,
365 3972 392 4022 et
407 3964 446 4024 ob
465 3969 496 4024 id
511 3969 707 4042 apostolicam
723 3972 910 4027 serenitatem
924 3969 1073 4025 Sisinandi
1128 3984 1286 4040 negamus,
1304 3973 1362 4026 [leo
1377 3974 1537 4036 annuente,
1552 3973 1580 4024 et
1592 3975 1694 4025 amota
1704 3968 1787 4023 omni
1799 3967 1961 4022 haesitatio

246 4039 455 4102 intervenistis,
472 4045 506 4095 ut
525 4041 613 4096 nobis
636 4041 694 4097 hoc
708 4041 862 4098 insinuare
882 4045 1032 4114 procuret,
1045 4044 1074 4096 et
1128 4058 1176 4110 ne,
1191 4047 1268 4097 certe
1281 4041 1417 4108 credatis,
1431 4039 1514 4122 quod
1528 4045 1642 4096 rectum
1653 4045 1683 4096 et
1691 4041 1807 4111 justum
1819 4043 1962 4094 tenemus

246 4125 346 4166 emere
358 4115 538 4182 peroptaret,
552 4111 593 4168 ita
608 4117 640 4169 ut
653 4117 743 4168 restat
757 4113 815 4183 [res
833 4111 911 4195 istal,
925 4113 948 4168 si
964 4116 1074 4168 nostre
1130 4112 1216 4179 Quod
1226 4117 1327 4169 autem
1337 4111 1506 4194 exquisistis
1542 4115 1667 4168 uantum
1691 4115 1730 4166 ab
1745 4111 1864 4166 Oceano
1881 4107 1961 4189 mari

246 4179 461 4252 complacuerit
475 4181 630 4248 voluntati,
660 4183 799 4254 apicibus
818 4183 941 4239 redditis
966 4181 1073 4238 certifi-
1128 4185 1248 4240 eminus
1262 4182 1352 4239 distat
1365 4199 1430 4254 eJus
1446 4187 1510 4238 tuni
1545 4198 1589 4248 us,
1601 4181 1649 4238 vel
1667 4181 1698 4237 in
1712 4195 1774 4254 quo
1798 4181 1867 4235 loco
1882 4185 1961 4235 situs

247 4265 316 4306 care
332 4251 416 4330 robis
429 4267 491 4308 non
505 4251 668 4309 differatur.
685 4254 814 4326 ideoque
841 4253 954 4325 placuit
967 4257 1074 4308 nostrae
1128 4259 1181 4322 est,
1197 4271 1215 4312 a
1230 4254 1305 4310 mari
1320 4253 1392 4310 virio
1403 4255 1424 4324 †
1435 4252 1604 4325 pernoscite
1619 4267 1714 4333 usquc
1726 4251 1765 4310 ad
1776 4250 1960 4330 locumuuhi,

247 4321 396 4376 serenitati
408 4321 465 4378 lioc
491 4323 572 4394 quod
602 4323 792 4380 sermocinati
814 4329 893 4393 estis,
910 4328 938 4378 et
952 4322 1020 4378 insu
1043 4337 1074 4378 er
1090 4326 1111 4380 l)
1130 4325 1256 4381 Domino
1283 4324 1480 4394 guhamante,
1507 4324 1584 4380 duos
1599 4323 1716 4392 fluvios,
1738 4337 1817 4395 quos
1830 4327 1961 4395 antiqua

247 4391 423 4463 opulentam
449 4392 654 4464 impendimus
682 4393 799 4450 consilii
826 4394 914 4450 vestri
931 4337 1074 4465 [comdiis
1130 4401 1259 4452 vetustas
1287 4395 1453 4452 nominavit
1479 4393 1604 4466 Voliam,
1619 4397 1774 4464 etSarem,
1789 4393 1821 4448 iii
1845 4392 1962 4462 locum,

246 4460 509 4543 vespis]graham.
521 4463 725 4528 Quamobrem
739 4465 906 4545 pernoscite
934 4463 1074 4520 navalem

246 4537 474 4602 remigaticnem
488 4533 632 4590 intervos
647 4538 674 4590 et
690 4549 822 4592 amicum
832 4539 967 4592 nostruin
979 4533 1075 4590 Amal-

246 4603 352 4660 vinum
367 4604 477 4660 ducem
504 4604 713 4662 Burdelensem
732 4606 839 4673 inesse,
867 4611 895 4663 et
911 4605 1074 4679 opitulante

247 4674 297 4732 alti
310 4675 372 4735 Poll
385 4675 518 4748 potentia
529 4676 561 4733 in
574 4676 632 4732 hoc
647 4692 738 4743 anno,
754 4677 806 4750 qui
818 4681 862 4733 est
869 4675 1073 4733 incarnatione

247 4746 365 4803 Domini
375 4750 437 4817 906,
448 4747 609 4804 indictione
623 4751 650 4810 9,
666 4747 741 4805 inter
752 4754 859 4804 cratera
872 4748 1003 4805 maxime
1014 4747 1072 4803 dis-

246 4817 413 4890 posuimus,
440 4823 473 4874 ut
500 4833 604 4874 mense
633 4818 728 4876 Medio
754 4825 863 4876 nostras
889 4835 983 4876 naves
999 4835 1070 4874 eum

246 4887 348 4960 pueris
367 4888 470 4960 palatii
491 4889 586 4945 nostri
611 4905 707 4962 usque
734 4891 954 4956 Burdelensem,
971 4889 1071 4945 civita-

249 4963 308 5014 tem
321 4959 477 5028 remigant.
490 4961 548 5016 Vos
561 4965 672 5028 lamen,
688 4961 710 5016 si
726 4969 762 5018 ex
778 4962 867 5018 corde
877 4961 934 5017 hoc
949 4959 1072 5032 implere

247 5028 385 5092 nitimini,
400 5029 515 5098 dirigite
534 5030 632 5102 ipsam
641 5047 784 5088 coronam
797 5047 850 5104 per
864 5037 980 5088 vestros
1001 5031 1073 5086 tide·

245 5099 377 5156 lissimos
385 5100 490 5156 fratres
498 5099 537 5156 ad
547 5100 741 5158 amaluinum
757 5103 896 5159 comitem
913 5102 1072 5159 Burdelen-

247 5187 321 5237 sem,
336 5175 369 5228 ut
382 5170 541 5227 sitibidem
555 5170 586 5227 in
600 5187 702 5228 mense
717 5172 843 5230 diffinito
857 5173 1006 5230 mediante
1016 5175 1073 5228 lla·

247 5243 308 5312 dic,
318 5247 347 5299 et
360 5257 427 5299 eain
443 5242 556 5298 ibidem
564 5243 656 5298 nostri
667 5244 754 5316 pueri
768 5244 922 5300 inveniant
936 5262 942 5299 :
958 5243 1072 5300 ratione

247 5319 377 5383 serram,
406 5318 558 5370 utnostrae
580 5312 693 5370 ibidem
722 5320 896 5372 remaneant
921 5330 1025 5382 nares,
1045 5317 1074 5369 et

246 5386 330 5456 pueri
356 5385 458 5448 nostri,
482 5401 551 5442 oum
567 5384 719 5456 aliquibus
736 5402 772 5441 eii
788 5385 930 5442 fratribus
953 5383 1071 5451 vestris,

185 5463 189 5474 ·
247 5469 406 5538 quousque
418 5457 479 5512 duo
495 5461 547 5512 aut
565 5461 623 5512 tres
647 5473 685 5512 ex
708 5457 780 5528 ipsis
801 5457 905 5513 vestris
921 5455 1071 5522 iratribus,

248 5539 317 5580 cum
333 5527 524 5596 aliquantulis
538 5543 574 5584 ex
589 5528 698 5583 nostris
709 5527 810 5600 pueris
826 5534 854 5584 ct
868 5543 937 5582 cum
948 5527 1015 5598 ipsa
1026 5542 1074 5580 co-

245 5610 322 5652 rona
337 5610 428 5651 unam
444 5597 654 5654 tantummodo
667 5597 832 5654 ascendant
852 5613 973 5658 navem.
988 5602 1020 5653 ut
1034 5596 1073 5652 oi-

244 5666 304 5724 tius
320 5664 461 5727 desolent
473 5681 571 5739 usque
585 5667 626 5726 ad
639 5673 786 5736 nostram,
815 5671 876 5726 beo
902 5667 1073 5736 auxiliante,

243 5736 446 5811 pomnen
472 5737 606 5806 Quodsi
632 5739 788 5812 pecierit,
802 5739 952 5814 extemplo
970 5739 1076 5814 plana·

1130 4467 1182 4548 qui
1209 4466 1316 4524 dicitur
1343 4466 1444 4532 Bisria,
1469 4469 1574 4522 vestra
1596 4465 1676 4522 sedis
1698 4463 1841 4530 irriensis,
1867 4463 1963 4543 eccle

1131 4554 1181 4593 siae
1203 4543 1313 4595 sanctae
1337 4536 1465 4604 Eolaliae,
1490 4535 1640 4594 habentur
1654 4535 1747 4594 millia
1771 4551 1792 4590 x
1806 4539 1835 4591 et
1850 4535 1962 4590 exinde

1131 4625 1226 4736 uspffle
1248 4609 1287 4665 ad
1315 4608 1480 4678 gloriosum
1501 4607 1566 4679 ejus
1595 4607 1778 4681 sepulcrum,
1805 4605 1962 4662 habentur

1130 4695 1171 4736 mi
1205 4695 1285 4737 ain.
1302 4702 1316 4730 ιι

1165 4752 1275 4806 Verum
1302 4749 1350 4805 hic
1378 4747 1546 4821 Hispanicae
1574 4748 1742 4805 devotionis
1768 4745 1896 4804 allectm
1922 4747 1962 4804 ad

1129 4820 1312 4877 laudabilem
1326 4835 1388 4876 non
1403 4819 1538 4894 pervenit
1552 4818 1700 4876 effectum.
1715 4819 1789 4884 lino,
1818 4819 1897 4874 sicul
1918 4823 1963 4874 est

1130 4891 1211 4963 apud
1226 4897 1420 4962 anonymum
1438 4890 1554 4962 Maioris
1578 4890 1746 4947 lionaslerii
1761 4889 1961 4954 monachum,

1130 4963 1208 5018 lianc
1217 4962 1311 5018 sancti
1319 4961 1431 5018 llartini
1443 4961 1623 5020 ‹ecclesiam
1635 4962 1720 5018 toties
1731 4967 1960 5018 concrematam

1130 5033 1289 5105 optimates
1303 5033 1448 5106 quinque,
1464 5031 1561 5089 clerici
1575 5037 1604 5088 et
1618 5033 1785 5102 burgenses
1796 5031 1958 5088 reaedifica·

1129 5107 1246 5172 verunt,
1260 5109 1288 5160 et
1298 5119 1336 5159 ne
1351 5103 1453 5160 leviter
1478 5119 1528 5160 am
1550 5102 1608 5158 lius
1622 5103 1856 5177 opprimeretur,
1871 5118 1961 5158 muro

1129 5172 1369 5256 firmaveruntct
1381 5173 1513 5230 turribus
1523 5121 1617 5256 drniis
1627 5173 1883 5232 etmunitiissiinis
1893 5189 1963 5252 cep-

1130 5250 1241 5302 serunt.
1258 5269 1271 5296 i·
1289 5248 1420 5318 lienique
1432 5243 1673 5302 combustionem
1688 5251 1829 5318 quartam
1858 5245 1960 5300 reiecit

1129 5317 1478 5374 Herceustllesuurarius
1491 5317 1585 5386 ipsius
1594 5319 1695 5373 sancti
1700 5317 1853 5386 presulis,
1867 5331 1959 5388 quem

1130 5386 1236 5444 Glaher
1251 5387 1425 5459 Rodulphus
1440 5387 1518 5444 male
1534 5391 1561 5443 et
1576 5389 1742 5445 Hearicum
1750 5393 1780 5444 et
1792 5388 1959 5444 Hertneuni

1130 5459 1336 5514 eirluhlcvum
1349 5457 1481 5530 appellat
1490 5457 1541 5515 lib.
1555 5475 1594 5524 in,
1610 5475 1676 5586 cap.
1692 5461 1719 5516 l.
1941 5527 1945 5536 ,

1165 5531 1240 5596 (126)
1249 5529 1308 5586 Sed
1321 5535 1349 5584 et
1360 5531 1606 5588 tectumstnnneis
1617 5536 1648 5586 tc
1670 5531 1727 5586 ulis
1740 5535 1888 5600 opertum.
1901 5527 1961 5584 Pn-

1131 5597 1961 5673 inamsupercorpussanctiltartinihasilicamiedifica·

1130 5670 1306 5750 aitsanctus
1321 5671 1461 5742 briccius,
1477 5673 1542 5744 ejus
1551 5671 1584 5728 iii
1597 5673 1773 5754 episcopatu
1788 5685 1956 5736 successor,

1129 5743 1273 5814 mmet
1287 5742 1423 5820 sepultus
1438 5746 1495 5812 est,
1506 5747 1579 5808 teste
1587 5745 1728 5818 Gregorio
1735 5743 1844 5804 lmen.
1858 5739 1912 5804 liti.
1923 5757 1959 5802 a.
