4120 6154
228 170 280 240 tit
747 173 776 231 a.
797 171 928 231 oocurs
946 167 1093 228 sensus
1112 171 1365 236 ciunuuuusrs
1384 174 1418 234 n.
1889 173 1944 232 uc

227 302 362 361 titudine.
379 297 471 356 Paulo
492 296 583 354 eham
606 295 772 368 attestante,
795 290 849 369 qui
871 291 913 351 ait
930 308 936 348 ι
952 314 967 344 «
982 291 1099 358 oues
1149 297 1475 358 inseruissemus
1498 311 1628 369 maanus
1646 297 1767 354 vincens
1789 295 1944 354 amentem

229 390 284 448 etsi
298 387 551 446 crucifixusestex
563 385 745 449 infirmitate,
754 383 807 442 sed
818 383 891 440 vivit
905 397 942 438 ex
952 380 1059 436 virtute
1112 391 1255 445 nostrum.
1265 418 1300 430 -
1316 387 1457 462 Superius
1468 385 1599 443 dixerat:
1615 387 1692 442 licre
1707 387 1784 442 Deus
1799 385 1943 442 meeum.

229 479 279 535 Dei
293 475 493 546 (Mor-¹111,
509 475 549 547 4).
566 495 581 525 n
597 473 756 548 Sequitur:
779 472 893 529 Nullus
908 471 935 528 ei
953 469 1058 526 similis
1113 477 1196 532 Nunc
1219 476 1327 533 iterum
1342 476 1430 534 dicit:
1441 477 1520 532 [5000
1541 475 1621 532 Deru
1639 487 1779 544 anaqam,
1796 470 1877 538 Quid
1890 475 1944 543 eat,

228 567 259 624 iu
292 563 525 637 thwtoribus.
559 562 721 635 Lessidator
748 563 873 634 Moyses,
907 556 1059 630 beltildim·
1112 563 1196 636 quod
1210 564 1248 622 de
1261 566 1323 621 Deo
1348 564 1485 638 loquens,
1506 577 1571 621 ecce
1594 561 1675 632 dicit,
1690 565 1721 618 et
1743 575 1810 618 ecee
1828 560 1945 634 repetit,

226 650 325 726 iosus,
352 651 537 724 legislatores
561 651 652 708 etiam
679 649 844 724 prophete.
865 645 1059 718 Legislatores
1111 651 1170 709 nisi
1189 653 1273 727 quod
1299 669 1367 710 0000
1382 652 1511 709 dicimus
1529 651 1567 708 de
1581 651 1639 707 hac
1664 665 1697 706 re
1712 665 1806 724 quam
1821 649 1854 706 in
1868 663 1946 722 pm-

228 747 351 801 eunctos
374 737 474 799 dicere
496 753 671 815 possumus,
696 755 774 813 quos
799 753 835 795 ex
857 736 923 808 lege
945 735 1058 793 scimus
1114 742 1190 798 senti
1212 745 1429 808 monstramus,
1446 745 1476 797 et
1495 741 1568 812 quin
1591 741 1669 796 neus
1683 737 1797 812 ubique
1811 751 1947 812 praesens

228 833 422 892 admonuisse
438 835 519 889 recta
531 830 690 904 populum.
707 829 764 887 Sed
777 827 847 885 huic
862 825 1013 885 llediatori
1027 826 1058 882 in
1113 833 1166 896 est,
1183 846 1252 886 eum
1265 830 1373 887 dicitur
1383 829 1421 886 de
1436 828 1496 898 illo,
1510 843 1586 897 core,
1597 827 1688 885 etiam
1698 843 1760 884 non
1772 825 1947 884 videntibus

230 922 453 995 translatoribus
464 922 570 980 similis
590 921 694 978 nultus
709 925 761 978 est.
778 917 854 986 Ouia
867 917 915 974 isti
928 915 1059 989 gratuitu
1114 917 1218 976 adesse
1233 919 1439 976 memoraturi
1453 919 1532 976 Bene
1543 921 1644 974 autem
1658 915 1778 974 vincere
1793 931 1864 973 eum
1876 930 1947 972 nos·

228 1010 504 1084 vocatiexpeccatis
519 1009 559 1067 ad
569 1009 771 1067 innocentiam
779 1007 915 1078 redeunt,
923 1009 952 1063 et
963 1004 1003 1063 ab
1012 1001 1059 1061 bis
1112 1011 1191 1065 tram
1204 1008 1359 1066 scientiam
1373 1011 1485 1079 narret,
1499 1021 1592 1080 quem
1603 1005 1699 1063 rideri
1719 1004 1758 1062 ab
1769 1003 1947 1062 hominibus

230 1117 298 1176 qua
310 1101 341 1158 in
366 1099 536 1174 semetipsis
551 1098 663 1173 experti
678 1101 758 1168 sunt,
774 1095 969 1171 praedicando
983 1093 1058 1152 alios
1113 1095 1237 1165 dixerat,
1253 1097 1325 1170 quia
1338 1095 1393 1152 etsi
1405 1111 1441 1152 ex
1456 1094 1571 1151 ratione
1584 1091 1777 1166 conspicitur,
1792 1091 1947 1162 magnitu-

229 1190 386 1249 reducunt.
411 1191 591 1264 Redemptor
621 1193 723 1246 autem
748 1191 850 1244 noster
876 1186 968 1243 homo
996 1183 1059 1242 sine
1113 1183 1153 1241 do
1167 1183 1245 1240 illius
1260 1183 1343 1241 nulla
1359 1183 1573 1240 nostrisensus
1589 1181 1751 1240 subtilitate
1761 1183 1948 1254 peneuatur.

229 1285 352 1356 peccato
366 1284 420 1345 est,
435 1279 515 1336 tilius
530 1279 595 1336 sine
612 1277 784 1353 adoptione,
799 1291 855 1332 nee
878 1272 1060 1348 perpetravit
1115 1272 1431 1345 SequitursNumerus
1452 1285 1601 1328 annuum
1624 1272 1689 1342 qus
1716 1269 1947 1328 inestimabilis.

229 1385 361 1443 unquam
377 1367 460 1442 quod
470 1367 634 1440 redarguit,
651 1371 680 1425 et
693 1366 735 1424 sic
748 1364 911 1423 mundcex
923 1361 1060 1420 humani-
1113 1393 1148 1404 -
1165 1359 1264 1418 Dicere
1287 1365 1440 1434 uteunque
1455 1359 1651 1417 aeternitatem
1676 1358 1778 1426 voluit,
1797 1362 1827 1416 et
1848 1357 1949 1432 ipsam

228 1462 287 1516 tute
300 1458 442 1532 loquitur,
458 1461 492 1514 ut
505 1461 607 1515 umen
621 1455 720 1513 eidem
734 1453 851 1512 mundo
865 1455 934 1509 ante
950 1450 1060 1508 saecula
1114 1449 1286 1508 oetemitatis
1300 1448 1519 1521 longitudinem
1534 1464 1631 1506 annos
1643 1447 1769 1505 vomuit.
1777 1450 1851 1506 Cum
1867 1448 1950 1504 enim

229 1563 266 1604 ex
281 1547 437 1604 divinitate
451 1546 633 1603 dominetur.
651 1543 810 1618 Sequitur:
1113 1539 1289 1598 brevitatem
1313 1537 1457 1612 temporis
1482 1537 1607 1595 dilatare
1624 1537 1776 1608 volumus,
1792 1541 1951 1594 momenta

266 1638 348 1692 Vnus.
363 1639 409 1692 2³,
424 1635 495 1702 Quis
505 1635 617 1705 potera
628 1633 762 1690 scrutari
770 1632 916 1702 oiasejus,
928 1634 983 1688 ont
993 1629 1059 1701 quis
1115 1645 1169 1704 per
1180 1629 1281 1698 horas,
1295 1629 1386 1686 horas
1395 1627 1532 1702 perdies,
1544 1627 1608 1685 dies
1619 1641 1813 1702 permenses,
1825 1641 1951 1684 menses

231 1726 260 1783 ei
269 1725 386 1781 dicere:
400 1724 552 1793 Operatur
564 1723 774 1796 iniquitatem?
783 1753 818 1763 -
832 1721 909 1777 hesi
926 1719 1058 1776 dicatur:
1116 1723 1217 1775 autem
1231 1732 1285 1791 per
1300 1732 1397 1774 annos
1413 1715 1614 1773 extendimus.
1631 1715 1708 1782 Quia
1722 1731 1794 1787 ergo
1808 1713 1950 1788 amplum

231 1813 323 1884 cujus
350 1811 530 1886 perscrutari
545 1811 622 1870 aetio
637 1825 699 1868 non
717 1813 826 1885 potest,
841 1825 903 1883 quo
915 1812 1004 1883 pacto
1018 1822 1062 1864 re·
1115 1806 1262 1881 quiddam
1276 1805 1374 1862 dicere
1386 1805 1488 1874 voluit,
1504 1804 1557 1862 sed
1572 1803 1646 1878 quid
1656 1803 1768 1861 diceret
1778 1803 1870 1861 latius
1885 1818 1950 1860 non

231 1900 376 1974 prehendi
397 1900 519 1974 potasti
533 1903 626 1956 Nemo
648 1899 728 1955 enim
749 1899 824 1954 bene
841 1897 957 1969 judicat
978 1892 1062 1969 quod
1115 1895 1238 1965 invenit,
1255 1893 1314 1950 Deo
1327 1909 1424 1950 annos
1445 1892 1508 1950 sine
1523 1891 1720 1950 estimatione
1734 1891 1853 1948 numeri
1873 1890 1950 1948 mul-

230 1989 359 2059 ignorat.
368 1991 541 2058 Tantoergo
553 1986 701 2044 debemus
713 1984 967 2056 subejusjudiciis
976 1982 1063 2040 silen-
1115 1983 1267 2058 tiplicavit‚
1287 1981 1391 2040 dicens
1413 1999 1420 2038 :
1447 1983 1599 2040 Numerus
1613 1996 1763 2038 annorum
1778 1981 1843 2051 eius
1857 1981 1949 2038 ines·

231 2076 272 2134 do
280 2076 446 2150 quiescere,
458 2080 572 2149 quanto
586 2081 615 2133 at
628 2075 776 2134 rationem
782 2073 967 2146 judiciorum
983 2071 1062 2129 illius
1118 2073 1271 2143 timebitis,
1287 2075 1319 2128 ut
1337 2070 1411 2127 dum
1429 2084 1547 2144 eaquae
1578 2068 1663 2143 apud
1690 2085 1721 2125 se
1746 2071 1816 2126 sunt
1831 2067 1951 2142 prolixa

230 2181 286 2223 nos
298 2165 448 2222 cernimus
462 2180 524 2222 non
539 2164 651 2222 videre.
667 2163 752 2221 Unde
768 2167 797 2220 et
815 2163 892 2220 bene
906 2161 1060 2218 subditur:
1116 2161 1312 2236 multiplicat;
1337 2159 1507 2217 aeternitatis
1529 2158 1748 2230 longitudinem
1777 2173 1808 2214 se
1829 2157 1951 2214 mentiri

269 2257 356 2312 Vsus.
368 2257 414 2312 24.
429 2255 578 2312 Menenio
604 2254 684 2327 quod
713 2255 832 2326 ι’ροονοο
853 2267 927 2323 epus
942 2255 1015 2323 qus,
1027 2252 1064 2306 de
1117 2267 1179 2309 non
1188 2266 1278 2325 posse
1292 2249 1450 2306 infirmitas
1460 2249 1597 2305 humana
1606 2250 1779 2320 cognoscat.
1792 2247 1950 2320 Sequitur:

232 2359 290 2416 quo
309 2344 598 2402 cen'neruntcut.-
611 2347 645 2399 ln
660 2339 811 2416 Scriptura
824 2357 910 2399 sacra
924 2341 1062 2414 aliquan·
1153 2343 1238 2398 Vsus.
1254 2343 1298 2397 tt.
1314 2338 1371 2407 Qui
1384 2335 1487 2410 anseri
1510 2339 1614 2396 stellas
1629 2339 1754 2409 pluvie,
1774 2342 1801 2394 et
1819 2337 1952 2408 effundit

231 2431 272 2489 do
286 2431 342 2489 viri
355 2431 464 2504 angeli,
481 2431 645 2506 aliquando
665 2435 767 2488 autem
778 2430 916 2505 pertenta
929 2429 997 2486 vitae
1008 2429 1063 2486 ho·
1117 2430 1224 2487 imbres
1239 2429 1281 2486 od
1300 2430 1398 2486 instar
1420 2427 1585 2500 garritum.
1598 2457 1634 2468 -
1656 2427 1730 2484 Sunt
1742 2425 1823 2482 euim
1837 2425 1868 2481 in
1882 2423 1953 2482 coeli

232 2522 329 2578 mines
356 2525 573 2578 memorantur.
589 2525 664 2579 Nam
678 2520 752 2594 quia
776 2519 940 2594 aliquando
954 2519 999 2576 vir
1013 2534 1065 2575 en·
1119 2519 1192 2576 tacie
1211 2517 1276 2574 aliae
1300 2517 1391 2574 stellae
1412 2531 1489 2591 quas
1506 2515 1589 2573 nulle
1610 2515 1713 2591 pluvie
1743 2514 1952 2588 subsequitur,

237 2609 323 2681 gelus
346 2609 464 2678 dicitur,
488 2609 590 2666 Daniel
612 2609 760 2682 propheta
778 2611 913 2677 testatur,
928 2607 980 2681 qui
1001 2607 1062 2664 eit:
1118 2611 1147 2665 et
1161 2607 1226 2664 aliae
1240 2605 1391 2682 prodeunt
1416 2622 1484 2680 quae
1509 2609 1645 2663 arentem
1667 2608 1777 2662 terram
1799 2603 1955 2661 imbribus

233 2719 248 2748 ο
262 2700 336 2754 Εοοο
350 2697 396 2754 vir
411 2696 529 2755 Gabriel
557 2698 647 2770 (Dan.
658 2711 699 2768 rx,
714 2699 770 2770 tt).
787 2713 802 2750 s
819 2699 932 2753 Rursus
950 2694 1003 2770 qui
1023 2694 1066 2751 vi·
1117 2695 1290 2752 infundunt.
1304 2694 1397 2767 Igitur
1408 2695 1525 2768 quoties
1544 2693 1575 2750 in
1596 2697 1701 2751 sancta
1724 2691 1856 2750 Ecclesia
1868 2696 1956 2749 reete

234 2800 340 2842 rorum
353 2785 477 2842 nomine
491 2783 630 2860 perfectae
650 2784 718 2842 vitae
737 2784 876 2842 homines
890 2783 1064 2858 exprimun-
1118 2783 1243 2859 φιιάοιιι
1254 2783 1360 2841 vivunt
1374 2782 1428 2840 sed
1442 2787 1543 2841 umen
1558 2782 1721 2856 praedicare
1734 2781 1874 2838 eamdem
1888 2797 1958 2838 ree-

233 2877 289 2942 tur,
305 2873 336 2930 iu
362 2872 529 2930 Proverbiis
555 2873 708 2947 Sapientia
727 2872 861 2946 loquitur
877 2872 999 2929 dicens:
1013 2874 1063 2929 «0
1119 2873 1277 2931 titudinem
1286 2873 1433 2942 nesciunt,
1446 2871 1537 2930 stellre
1551 2871 1674 2946 quidem
1689 2873 1768 2943 sunt,
1783 2871 1874 2928 sedin
1890 2870 1954 2928 sic-

232 2962 287 3020 viri
296 2962 337 3020 ad
355 2977 408 3019 vos
420 2961 541 3020 clamito
555 2963 637 3031 (Pro.
651 2977 714 3032 vui,
727 2963 766 3035 4).
783 2983 799 3013 o
815 2963 855 3018 De
869 2961 997 3018 Domino
1010 2960 1064 3031 igi·
1079 2991 1100 3046 0
1119 2962 1205 3020 eitate
1216 2963 1294 3020 aeris
1309 2966 1398 3032 nate,
1413 2961 1486 3035 quia
1498 2977 1552 3036 per
1566 2959 1739 3034 exemplum
1751 2959 1830 3018 bene
1847 2960 1954 3017 viven-

231 3055 281 3110 tur
290 3050 347 3109 viri
356 3056 480 3123 canum,
496 3067 565 3109 cum
579 3052 644 3124 ejus
657 3051 745 3108 nobis
766 3049 933 3124 potentiam
947 3049 995 3106 vel
1017 3065 1065 3105 su-
1118 3051 1150 3109 di
1169 3051 1268 3110 lucere
1294 3051 1407 3109 ceteris
1433 3055 1571 3124 possunt,
1587 3049 1640 3107 sed
1654 3066 1709 3123 per
1728 3049 1954 3124 predicationis

231 3140 317 3216 perui
331 3141 463 3216 spiritus,
487 3139 534 3198 vel
553 3139 676 3215 perfecti
689 3139 804 3214 quique
826 3139 965 3197 doctores
978 3139 1064 3196 iuno·
1118 3140 1245 3198 verbum
1259 3140 1362 3215 pluere
1377 3143 1540 3214 nequeunt.
1557 3139 1632 3196 Dum
1646 3153 1718 3196 vero
1729 3139 1761 3196 in
1772 3154 1809 3196 ea
1822 3137 1955 3211 quidam

231 3233 358 3287 tuscum.
371 3229 429 3287 Sed
447 3233 550 3287 tamen
565 3244 639 3299 epus
661 3231 726 3300 ejus
753 3227 919 3300 ignoratur,
934 3227 1008 3300 quia
1022 3227 1066 3284 ni-
1119 3233 1148 3286 et
1179 3233 1257 3286 recte
1286 3229 1402 3298 vivunt,
1432 3232 1460 3285 et
1485 3227 1551 3285 aliis
1573 3225 1714 3286 eamdem
1740 3225 1955 3284 rectitudinem

232 3317 468 3389 mirumjudicia
481 3316 560 3374 illius
574 3317 633 3391 ipsi
648 3315 1065 3390 etiamquihuncpredicant
1118 3317 1216 3374 verbis
1248 3315 1471 3392 predicationis
1502 3314 1643 3384 miluunt,
1666 3314 1754 3388 quasi
1776 3313 1816 3370 ad
1848 3313 1954 3388 prote-

231 3406 430 3478 impenetreta
443 3410 634 3462 veneantur.
644 3407 678 3461 lit
692 3404 791 3462 sciunt
798 3419 870 3474 ergo
879 3420 948 3478 quae
957 3404 1064 3478 prodi·
1118 3405 1227 3462 reudes
1240 3405 1359 3479 pluvias
1372 3404 1403 3462 in
1417 3403 1529 3461 eoelum
1543 3403 1634 3460 stellae
1646 3401 1854 3478 producuntur
1863 3418 1955 3476 ;quee

232 3499 312 3562 eant,
338 3498 368 3551 et
395 3497 497 3551 umen
525 3493 591 3565 ejus
619 3507 713 3567 opera
739 3493 890 3564 ignorant,
919 3493 992 3566 quia
1015 3508 1064 3548 co·
1118 3493 1159 3550 sic
1188 3493 1257 3550 vitre
1279 3509 1342 3550 sure
1368 3491 1480 3550 meritis
1500 3491 1619 3549 luceant
1642 3495 1676 3548 ut
1697 3490 1787 3548 etiam
1810 3505 1955 3548 sermone
2055 3537 2056 3552 .

233 3586 383 3654 gnoscuut
395 3597 447 3639 eos
461 3597 515 3656 per
538 3581 697 3653 gretiama
715 3596 777 3654 quo
799 3580 868 3638 iacti
889 3585 969 3638 sunt.
992 3581 1064 3636 ilinc
1117 3577 1339 3656 praedicationis
1355 3581 1469 3654 pluant.
1484 3583 1530 3637 An
1543 3595 1606 3638 nou
1624 3579 1656 3637 in
1667 3580 1726 3638 hoc
1743 3578 1819 3636 coelo
1833 3582 1954 3636 οοιιιιιιι

232 3671 389 3728 Psalmista
408 3671 467 3728 eit:
492 3692 507 3721 ι(
528 3669 585 3737 Dui
612 3670 715 3744 posuit
741 3669 881 3727 tenebras
903 3668 1064 3726 latibulum
1117 3669 1226 3744 pluvie
1259 3673 1375 3744 tloyses
1406 3669 1547 3727 exstitit?
1572 3669 1621 3728 Sic
1652 3669 1765 3743 quippe
1798 3667 1890 3724 isaias
1921 3673 1956 3726 et

233 3775 323 3818 suum
337 3758 741 3834 (Psot.xvr1,ttt.nlititem:
756 3757 896 3816 «iudicia
911 3762 962 3816 tua
976 3757 1065 3830 abys-
1116 3759 1270 3830 leremias,
1294 3763 1324 3816 et
1350 3758 1447 3816 ceteri
1478 3757 1633 3832 prophetae
1662 3751 1793 3828 inerunt,
1817 3772 1954 3832 quorum

233 3865 284 3906 sus
298 3848 394 3906 multe
416 3848 513 3920 (Prot.
527 3863 616 3914 xxxv,
631 3849 670 3914 7).
686 3869 700 3898 ιι
714 3851 754 3904 tc
769 3847 795 3904 si
816 3851 917 3921 aperte
931 3847 1061 3904 diceret:
1116 3846 1262 3917 videlicet,
1279 3847 1397 3904 animas
1420 3847 1460 3904 ab
1482 3847 1540 3904 hac
1561 3845 1747 3921 corruptibili
1767 3861 1855 3904 carne
1880 3861 1953 3902 sus-

233 3941 273 3996 De
285 3953 348 4012 quo
362 3936 455 3994 tortes
472 3936 586 4010 quique
603 3935 695 3993 locuti
718 3935 877 4007 strateius
898 3951 990 4010 opere
1005 3939 1063 3992 tuoe
1117 3941 1228 4012 captas,
1241 3937 1313 4012 quia
1327 3953 1364 3995 ex
1377 3937 1587 4012 presentivita
1601 3951 1733 4010 superna
1740 3937 1853 4010 judicia
1863 3936 1954 3994 aule-

233 4027 340 4085 meutis
361 4025 456 4084 oculis
470 4025 711 4094 absconduntur,
725 4025 799 4099 quia
811 4039 987 4082 mensuram
1007 4027 1064 4081 tuse
1116 4030 1196 4098 runt,
1210 4027 1298 4101 quasi
1320 4043 1339 4084 a
1353 4026 1421 4084 coeli
1432 4026 1507 4084 facie
1524 4025 1615 4084 stelle
1639 4025 1748 4100 pluviae
1763 4025 1953 4084 subtrahun-

231 4116 355 4183 nonus,
368 4131 405 4173 eo
429 4115 513 4188 quod
536 4115 691 4172 huminate
707 4113 966 4183 circumscribetis,
982 4117 1063 4171 uan-
1117 4120 1174 4186 tur,
1189 4121 1219 4174 et
1231 4117 1271 4174 ad
1285 4115 1437 4174 occultum
1461 4119 1543 4173 astra
1565 4116 1702 4187 redeunt,
1721 4131 1792 4172 cum
1816 4115 1951 4189 peractis

233 4209 329 4262 scunt.
344 4203 505 4278 Sequitur:
1117 4205 1180 4262 suis
1194 4205 1334 4262 cursibus
1350 4207 1523 4262 sanctorum
1538 4203 1646 4262 anime
1666 4204 1699 4261 iu
1720 4203 1869 4261 thesauris
1885 4203 1952 4260 dis-

268 4296 354 4350 Vens.
369 4296 414 4348 tt.
432 4291 539 4348 Omnes
550 4291 682 4348 homines
696 4291 799 4348 vident
812 4306 890 4352 eum.
903 4291 1063 4364 unumun-
1116 4294 1273 4368 positionis
1287 4293 1397 4350 intimae
1413 4292 1628 4350 reconduntur.
1645 4291 1715 4364 Sed,
1729 4308 1800 4350 eum
1815 4291 1951 4366 prophe-

233 4384 435 4455 queintnetnr
448 4381 567 4452 prorui.
580 4411 615 4421 -
637 4380 740 4438 Dmnis
756 4379 850 4436 homo
864 4396 900 4436 eo
919 4379 987 4453 ipso
1001 4396 1063 4454 quo
1117 4386 1163 4440 tas
1186 4381 1317 4451 abstulit,
1329 4398 1434 4440 eorum
1448 4383 1511 4440 viee
1522 4382 1669 4440 Dominus
1690 4381 1845 4458 apostolos
1856 4381 1950 4446 misit,

232 4468 444 4528 rationalisest
459 4467 608 4540 conditus,
631 4467 720 4524 debet
733 4483 770 4524 ex
783 4467 898 4526 ratione
924 4467 1063 4541 colligere
1117 4473 1170 4547 qni
1196 4473 1228 4530 in
1250 4472 1477 4530 similitudinem
1500 4472 1654 4544 gurgitum
1674 4472 1825 4546 pluerent,
1845 4471 1878 4528 id
1900 4477 1952 4529 est

233 4575 304 4617 eum
317 4557 369 4632 qui
384 4573 416 4614 se
442 4555 577 4614 madidit
591 4559 685 4613 Deum
712 4571 788 4622 esse,
801 4571 892 4628 quem
919 4557 1064 4615 nimirum
1117 4561 1254 4618 uberiore
1266 4560 1478 4636 predicatione
1488 4565 1673 4618 emanarent.
1688 4563 1815 4617 Possunt
1824 4573 1951 4634 quoque

230 4649 295 4721 jam
310 4647 411 4705 videre
426 4650 481 4720 est,
495 4645 732 4704 dominationem
753 4643 832 4702 illius
857 4645 1063 4704 ratiocinando
1117 4665 1171 4724 per
1199 4650 1299 4708 stelles
1320 4649 1430 4725 plurim
1454 4649 1549 4707 sancti
1572 4649 1701 4724 apostoli
1714 4648 1876 4720 designari.
1905 4650 1951 4706 De

233 4738 417 4813 conspicere,
431 4735 537 4811 procul
563 4735 769 4810 quippenam
793 4734 902 4792 intueri
925 4741 979 4805 est,
1001 4751 1064 4793 non
1117 4738 1229 4812 quibus
1250 4739 1360 4796 iudaeae
1379 4737 1546 4812 reprobate
1565 4753 1619 4811 per
1633 4737 1793 4796 ieremiam
1814 4736 1950 4794 dicitur:

231 4827 295 4898 iam
307 4827 392 4884 illum
406 4843 461 4902 per
473 4825 604 4900 speciem
620 4839 751 4896 cernere,
765 4823 818 4882 sed
829 4823 930 4882 adhuc
942 4840 978 4882 ex
1000 4825 1064 4883 sola
1118 4827 1306 4886 ‹Prohibitoe
1335 4832 1405 4885 sunt
1432 4827 1522 4884 stellae
1546 4827 1718 4900 pluviarum
1743 4831 1772 4884 et
1800 4827 1951 4884 serotinus

234 4929 363 4986 operum
396 4930 521 4971 suorum
556 4913 755 4970 admiratione
793 4928 933 4988 pensare.
959 4914 1065 4972 Procul
1118 4916 1215 4972 imber
1242 4931 1302 4972 non
1333 4916 1386 4973 luit
1415 4919 1486 4985 tter.
1518 4931 1560 4983 ιιι,
1591 4915 1629 4987 3).
1657 4936 1672 4966 s
1706 4914 1809 4973 Stellas
1837 4914 1951 4989 pluviae

233 5001 319 5059 illum
343 5002 392 5059 hic
407 5003 497 5060 etiam
523 5003 608 5060 electi
632 5002 916 5078 conspiciuntque
933 5003 1064 5061 necdum
1118 5019 1190 5076 ergo
1212 5005 1357 5060 Dominus
1373 5003 1527 5075 abstraxit,
1542 5007 1633 5078 atque
1661 5003 1700 5062 ad
1724 5003 1819 5060 instar
1840 5003 1951 5080 ,gugi-

233 5089 374 5149 clsuitatis
388 5089 467 5148 illius
479 5106 533 5164 per
547 5106 676 5148 acumen
690 5090 802 5149 intimae
821 5092 947 5150 visionis
961 5108 1066 5167 appre·
1118 5097 1183 5150 tum
1206 5093 1319 5150 imbres
1340 5093 1426 5164 fudit,
1441 5094 1513 5168 quia
1536 5109 1608 5150 cum
1627 5093 1730 5150 iudan
1751 5093 1952 5167 praedicantes

233 5181 319 5250 dunt,
330 5179 379 5238 eui
393 5183 437 5236 est
452 5179 477 5236 si
488 5179 555 5252 jam
569 5194 765 5253 peramorem
775 5181 862 5254 juxta
874 5187 952 5251 sunt,
965 5181 1065 5240 adhuc
1119 5182 1273 5257 apostolos
1302 5182 1434 5252 abstulit,
1460 5182 1597 5240 docuine
1619 5197 1705 5240 novae
1732 5182 1833 5254 matie
1860 5198 1951 5239 mun-

234 5268 445 5328 temenabillo
457 5271 581 5326 terrene
591 5267 785 5326 habitationis
803 5269 937 5343 pondere
951 5270 1065 5343 disiun-
1118 5271 1193 5330 dum
1208 5272 1349 5344 irrigavit.
1368 5271 1425 5330 Sed
1447 5271 1557 5329 ablatis
1582 5271 1672 5330 stellis
1692 5270 1802 5345 pluvia
1820 5269 1852 5327 in
1864 5283 1950 5327 mare

235 5363 358 5430 guntur,
369 5374 463 5434 quem
474 5355 618 5414 nimbum
632 5355 752 5430 reprobi
763 5357 853 5414 etiam
866 5375 935 5416 cum
947 5359 978 5415 in
988 5359 1067 5430 judi·
1119 5361 1271 5434 gurgitum
1290 5361 1402 5419 imbres
1421 5360 1582 5436 dedit,qui
1595 5359 1685 5418 etiam
1698 5359 1830 5417 reductis
1844 5359 1884 5416 sd
1897 5375 1951 5414 su·

234 5445 315 5502 sium
322 5445 491 5504 venientem
498 5444 638 5516 viderint,
646 5444 752 5518 procul
761 5445 997 5519 intuentur,quia
1004 5461 1066 5503 non
1119 5465 1213 5524 perna
1227 5449 1381 5523 apostolis,
1393 5465 1447 5524 per
1467 5449 1671 5523 expositorum
1691 5448 1881 5522 sequentium
1893 5447 1951 5504 lin·

235 5534 349 5594 eumin
363 5535 647 5604 diviniitfitformh
660 5533 714 5592 tid
736 5534 768 5591 in
789 5533 864 5604 ⁸01⁸,
876 5539 973 5608 quati
982 5550 1064 5592 com·
1120 5554 1205 5612 goes,
1219 5538 1453 5597 fluentadivinae
1479 5538 1608 5596 scientie
1632 5538 1686 5595 diu
1699 5535 1952 5595 absconditalar-

233 5623 496 5712 prehendiponrit,
509 5625 695 5686 humanitate
703 5623 1064 5701 conspiciuntsequitur:
1122 5625 1950 5703 gindetlustonepatelecit.Namquodillisubbrevitate
