4106 6148
257 133 307 188 aa
835 117 863 175 s.
883 111 1013 174 oooa1s
1033 103 1193 168 saonae.
1213 105 1386 166 amensa.
1865 115 1900 172 „2

257 254 310 309 aut
319 247 438 304 cuilibet
447 243 574 318 principi
584 240 709 310 dederit,
718 240 779 296 sive
790 235 967 312 promiserit,
981 233 1082 290 subin-
1095 235 1122 288 Α
1140 231 1219 300 suis;
1235 229 1360 286 Eudoldi
1372 228 1462 285 curtis
1473 243 1542 283 cum
1554 225 1782 300 appenditiissuis
1791 249 1796 294 ;
1806 233 1901 293 carinia-

259 336 388 396 lerendee
404 331 606 390 maledictioni
629 329 807 400 subjacebit.
826 327 867 384 Sit
885 326 975 394 igitur
989 323 1086 378 cidem
1141 337 1194 378 cus
1208 337 1278 376 cum
1301 319 1415 374 mansis
1430 317 1469 374 ad
1485 315 1901 396 sepertinentibus.tutilaque

259 426 338 484 cella
353 423 464 482 abhas.
486 420 655 478 secundum
680 418 816 488 regulam
831 415 925 472 sancti
940 411 1087 470 Benedicti
1140 409 1258 479 dicitur,
1275 408 1368 465 Frisia
1380 423 1472 480 snper
1483 405 1609 461 lluvium
1625 407 1775 472 Summam,
1785 407 1901 468 ‹luulecia

260 514 449 576 constitutus,
465 515 494 567 et
513 508 653 566 monachi
668 506 797 576 regulari
824 503 998 560 districtioni
1020 501 1088 556 airh
1143 499 1239 554 mansi
1253 514 1331 570 quos
1355 513 1410 569 pro
1431 494 1641 552 commoditate
1652 493 1766 566 piscium
1783 496 1858 553 eidem
1875 517 1903 556 ec·

258 602 338 674 iacti,
352 617 430 674 qnos
441 600 478 656 de
491 598 581 656 rebrrs
596 596 732 669 ejusdem
744 594 824 651 cella
833 592 957 665 aliquod
971 591 1089 662 dispea-
1142 589 1237 644 clasiae
1253 587 1464 660 perpetualiter
1478 585 1587 640 habere
1601 583 1685 640 liceat
1686 623 1734 638 .....
1748 584 1839 656 Siquis
1858 601 1903 640 rea

260 692 345 748 dium
355 690 481 764 perpeti,
497 703 565 744 cum
577 687 660 743 omni
673 685 799 757 imperio
811 682 1017 755 prohibemus.
1034 683 1088 736 Res
1142 684 1246 734 contra
1270 678 1360 748 hujus
1376 675 1529 749 apostolici
1549 671 1687 746 privilegii
1707 671 1813 728 tutelam
1826 674 1904 746 aliquid

261 777 486 850 argoejusdem
510 774 640 832 ecclcsiae
663 779 732 829 sunt
756 770 941 828 humolarias
965 767 1089 834 villain
1144 768 1263 823 molitus
1289 766 1375 822 luerit
1381 805 1433 821 .....
1454 765 1535 820 hunc
1538 803 1591 819 .....
1609 761 1867 818 excommunicamus
1870 805 1905 818 .....

261 885 323 943 qua
337 867 411 924 cella
426 868 597 922 constructa
611 869 740 930 est‚cum
751 859 962 917 mansionibus
976 858 1090 914 cunctis
1144 861 1177 912 ut
1192 857 1248 911 sub
1261 856 1350 926 hujus
1366 851 1567 910 anathematis
1586 851 1700 906 vinculo
1713 851 1844 923 paenaliter
1853 851 1907 907 intio

263 957 303 1015 ad
313 973 344 1014 se
356 954 587 1030 pertinentibus:
600 951 711 1010 Uerulti
722 951 813 1007 curtis
827 965 897 1006 curn
912 947 1089 1020 adjacentiis
1145 945 1243 1012 datus,
1259 943 1295 1000 sit
1305 943 1434 1000 anathea
1449 938 1665 997 amaranatha,
1679 937 1748 1002 Fiat,
1761 937 1812 992 fiat.

903 1304 1001 1353 ANNO
1026 1301 1155 1351 DOMINI
1176 1300 1337 1350 DCCCLXI.

776 1467 1197 1616 SANCTUS
1260 1465 1462 1610 000

812 1723 1110 1785 ARCHIEPISCOPUS
1140 1723 1425 1780 cahrcaaraa'srs.

962 1871 1274 1888 Ἠ

717 2004 882 2120 <ella
941 1991 1194 2124 SANcit
1267 1998 1535 2123 ODONlS

579 2217 750 2301 Auctore,
771 2219 808 2282 at
830 2217 989 2298 videtur,
1009 2217 1177 2283 Osanaao
1198 2216 1373 2283 manacho
1389 2213 1660 2281 cantuariensi.

394 2376 489 2448 (Apud
501 2376 602 2431 Mabil.
614 2378 686 2431 Acta
697 2381 863 2430 sanctornm
877 2376 988 2431 ordinis
999 2377 1026 2432 S.
1043 2374 1146 2431 Bened.
1162 2391 1196 2427 ex
1212 2375 1406 2445 manuscripto
1420 2373 1517 2428 codice
1532 2369 1833 2437 Thurino-colbertino).

738 2647 1191 2736 OBSERVATIONES
1248 2647 1509 2738 PRAEVIAE.

310 2986 334 3037 l.
351 2980 409 3038 Etsi
432 2980 525 3052 hujus
552 2979 625 3036 Vitas
637 2979 766 3052 scriptor
779 2979 987 3052 antiquitatem
1002 2979 1050 3036 vel
1064 2995 1100 3034 ex
1117 2981 1137 3037 B
1154 2995 1213 3036 nus
1238 2978 1382 3036 sectarius
1395 2991 1526 3034 errorem
1552 2981 1653 3048 vocat,
1673 2981 1760 3050 atque
1776 2977 1868 3031 certum
1883 2983 1926 3023 esse

272 3051 476 3126 manuscripto
490 3051 591 3108 codice
606 3051 712 3124 sapiat,
726 3067 788 3108 non
798 3056 898 3108 tamen
911 3051 936 3122 ej
942 3068 975 3106 us
988 3067 1101 3108 nomen
1155 3050 1345 3107 Nothelmum
1360 3049 1495 3122 aliosque
1514 3049 1678 3106 nonnullos
1701 3047 1847 3114 saecrdares,
1860 3046 1882 3096 nt
1892 3053 1926 3094 ro·

273 3129 427 3181 aetatemvc
452 3126 551 3194 signat
573 3121 667 3178 codex
696 3119 1038 3190 Thuano-Colbertinus,
1064 3137 1101 3177 ex
1155 3119 1441 3194 eana'presbyteros
1456 3119 1663 3177 cantuariensi
1679 3109 1926 3192 Ecclesiaeantettde

272 3207 334 3268 qrro
349 3195 426 3251 hanc
440 3195 536 3251 Vitam
559 3193 783 3266 descripsimus.
801 3197 827 3248 ls
843 3199 947 3250 auctor
973 3193 1046 3248 mihi
1060 3191 1101 3248 vi·
1155 3209 1225 3248 nem
1237 3191 1402 3265 praefuisse.
1419 3192 1530 3247 Verum
1550 3191 1635 3248 nullo
1648 3187 1845 3263 argumentoid
1855 3189 1927 3258 certas

272 3271 359 3322 detur
370 3280 434 3321 esse
450 3265 600 3322 osbernus
616 3263 836 3321 Cantuariensis
860 3265 1028 3322 monachus
1044 3263 1100 3319 snb
1154 3263 1262 3319 rescire
1282 3267 1379 3336 potest
1390 3262 1563 3330 Godwinus,
1575 3277 1671 3335 quam
1692 3262 1753 3321 cdo
1769 3261 1825 3334 ipse
1837 3260 1876 3312 aut
1886 3249 1928 3305 wh-

273 3337 440 3393 lanfranco
461 3337 697 3408 archiepiscopo,
720 3336 773 3408 qui
797 3335 949 3393 Osbernus
974 3336 1011 3403 de
1038 3336 1101 3391 Vita
1154 3333 1274 3403 lelmus,
1310 3335 1476 3406 primorum
1515 3339 1687 3406 temporum
1720 3332 1928 3405 vicinioresenet

273 3407 385 3464 Odonis
410 3406 629 3464 cantuariensis
649 3406 865 3478 archiepiscopi
879 3407 988 3464 librum
1005 3422 1100 3462 unum
1156 3411 1273 3462 constat
1287 3405 1476 3461 h'othalmnm
1491 3406 1692 3463 monachatus
1709 3408 1844 3478 expertem
1854 3398 1925 3454 fusa.

274 3477 330 3604 cl
354 3475 1102 3620 iacticcccccccccacciiii,c
1155 3475 1427 3604 ccccliiii
1440 3464 1930 3606 ccccc?ccciccc

274 3617 368 3675 oculis
395 3617 534 3674 habuerit
558 3618 589 3673 in
613 3616 823 3674 concinnando
852 3617 964 3675 adonis
992 3618 1099 3688 elogio,
1156 3620 1297 3675 Ecclesiae
1314 3619 1520 3688 presbvteram
1545 3625 1648 3676 vocat:
1670 3567 1704 3677 {t
1717 3619 1770 3674 hoc
1785 3613 1883 3672 nomine
1897 3606 1931 3684 de

274 3689 358 3763 quod
372 3688 468 3770 libror
481 3689 519 3746 de
535 3688 628 3745 Gestis
651 3687 828 3761 pontificum
844 3689 1009 3760 anglorum
1025 3689 1102 3746 inse·
1155 3705 1228 3746 nare
1242 3689 1380 3748 solebant
1392 3690 1535 3746 monachi
1547 3691 1732 3760 sacerdotem
1743 3695 1769 3746 et
1781 3683 1930 3754 cecata-:n

273 3761 342 3844 ruit.
359 3759 520 3842 habitandi
538 3761 613 3817 ratio
628 3757 703 3842 inde¹
713 3761 821 3833 petitur
835 3761 918 3835 quod
935 3759 1101 3817 Willelmus
1156 3760 1281 3835 epistola
1303 3760 1342 3816 ad
1364 3761 1555 3818 Nothelmum
1577 3759 1674 3826 illum,
1697 3759 1869 3819 uenerabilem
1886 3751 1931 3819 stt·

273 3847 305 3890 1n
319 3831 471 3888 nonnulhs
486 3831 586 3900 rebus,
602 3829 721 3887 levioris
738 3835 839 3888 tamen
856 3833 1011 3902 momenti,
1032 3847 1102 3887 cum
1157 3839 1231 3889 trem
1251 3837 1386 3888 nostiam
1401 3833 1592 3890 Nothelmum
1611 3833 1810 3904 presbyteram
1823 3821 1932 3900 appetat:

275 3903 473 4030 Osbernossic
488 3917 558 3960 enm
583 3917 690 3959 vocare
705 3903 822 3959 interim
841 3901 939 3968 hosat)
953 3919 1014 3960 non
1029 3919 1101 3959 con·
1156 3919 1225 3976 quae
1249 3902 1341 3958 verba
1369 3904 1554 3960 monachum
1582 3903 1742 3975 designant
1767 3899 1932 3976 potiusquam

274 3975 365 4031 venit.
381 3976 419 4032 Os
442 3990 533 4031 ernas
546 3974 661 4047 qnippe
680 3975 877 4039 sicodonem
892 3991 953 4031 suaa
966 3973 1103 4030 electioni
1157 3973 1366 4046 presbyterum
1391 3974 1574 4032 saecularem.
1591 3977 1766 4033 llonachum
1788 3970 1867 4028 induit
1882 3961 1933 4044 cdo·

274 4046 306 4102 in
323 4045 426 4128 sedem
448 4046 694 4127 cantuariensem
709 4049 928 4118 repugnantem
943 4059 1004 4102 non
1019 4046 1103 4172 {rim
1158 4044 1306 4116 simrdque
1320 4045 1389 4118 ipsa
1404 4046 1640 4104 monasticarum
1657 4047 1778 4104 vestium
1791 4041 1934 4120 suscephqnt

275 4131 474 4187 consensisse,
489 4133 582 4198 quam
595 4116 694 4174 missis
710 4117 876 4174 Floriacum
886 4117 1024 4186 legatisa
1048 4116 1102 4172 ba·
1157 4115 1310 4190 protessus
1324 4120 1370 4172 est
1394 4115 1451 4174 sub
1476 4133 1591 4174 annum
1613 4123 1676 4182 937,
1691 4134 1751 4192 quo
1765 4121 1877 4185 tempore
1895 4103 1935 4158 lla·

275 4190 335 4244 tem
350 4187 523 4254 arcessierit,
560 4185 610 4242 nia
635 4203 704 4244 eum
724 4185 762 4243 ad
773 4187 989 4244 monachatum
1009 4185 1104 4243 indita
1157 4187 1291 4244 riacense
1305 4187 1521 4244 monasterium
1542 4189 1580 4246 ad
1607 4189 1779 4246 strictiorem
1793 4169 1935 4252 regularul·

276 4258 393 4341 cuculle
407 4203 670 4315 iniectusiuisset:
685 4257 847 4314 willelmus
857 4257 948 4314 habet
956 4257 1102 4324 odonem,
1158 4261 1223 4315 tum
1231 4263 1405 4314 revocatum
1420 4259 1476 4315 luit
1494 4275 1587 4333 opera
1607 4259 1720 4318 odonis
1735 4257 1840 4317 abbatis
1852 4251 1935 4328 Clunia·

277 4333 404 4385 transito
418 4331 508 4394 mari,
522 4331 606 4399 apud
619 4330 793 4386 Floriacam
816 4329 999 4386 monachilia
1020 4343 1103 4386 acce·
1121 4331 1141 4389 c
1159 4329 1265 4386 censis.
1280 4328 1325 4386 Ab
1346 4345 1382 4386 eo
1405 4329 1506 4403 itaque
1532 4331 1596 4388 Odo
1623 4331 1816 4389 monasticum
1837 4320 1935 4379 habitam

298 4401 363 4466 isse,
377 4400 512 4457 osberno
522 4400 680 4457 cervasius
692 4400 924 4456 [torchernensis
934 4401 1104 4456 monachus
1159 4400 1331 4473 susceperit,
1348 4401 1555 4473 pretermissis
1584 4402 1760 4460 cantuaritis
1785 4396 1888 4467 aliisque
1897 4389 1936 4440 ln·

273 4415 429 4528 &illelmo
444 4473 621 4528 Bremtonus
642 4467 832 4554 suffragatur.
850 4471 1003 4529 Osbernus
1021 4471 1106 4528 addit
1160 4471 1284 4544 glicanis
1298 4472 1464 4544 monachis,
1483 4489 1614 4546 quorum
1634 4471 1817 4532 ahservantia
1838 4467 1862 4522 in
1880 4459 1937 4516 latii

278 4539 413 4601 odonem
427 4546 579 4599 mortuum
595 4541 725 4598 ecclesus
741 4541 858 4599 custodi
873 4541 1058 4616 apparuisse,
1074 4545 1106 4598 ut
1160 4559 1178 4600 o
1202 4542 1301 4599 inione
1317 4548 1386 4600 tunc
1400 4559 1462 4600 non
1475 4548 1546 4601 erat.
1564 4543 1677 4602 Eadem
1695 4559 1783 4602 causa
1805 4529 1937 4598 oswaldum

277 4613 432 4686 Elisinum,
448 4614 479 4671 in
494 4614 660 4672 cantuariae
686 4613 860 4671 cathedram
886 4611 1049 4670 simoniace
1063 4611 1107 4668 in·
1160 4559 1295 4687 ariesque
1306 4614 1418 4684 anglos
1433 4615 1524 4673 illexit
1536 4615 1576 4672 ad
1602 4615 1771 4673 coenobium
1785 4609 1937 4682 lloriacensa

278 4689 405 4770 meum,
421 4685 521 4743 verbis
534 4685 598 4742 suis
611 4690 832 4768 compesceeet:
847 4683 1007 4741 willelmus
1023 4683 1106 4740 alfsi·
1160 4701 1197 4742 ax
1209 4701 1271 4758 quo
1287 4685 1376 4767 abbo
1399 4686 1430 4742 in
1454 4686 1591 4758 angliam
1610 4688 1720 4744 missus
1737 4689 1780 4743 est
1798 4681 1938 4739 nonninus

278 4755 1107 4898 cccccccccc?icit‘ach'hhilif‘itc
1160 4758 1813 4904 ⁰“citiiitieticcict0cma
1848 4807 1939 4876 uenal-

279 4909 334 4988 per
362 4897 497 4954 Odonem
521 4899 723 4982 translatione,
748 4899 867 4974 aliaque
890 4898 1046 4970 nonnulla,
1069 4898 1107 4955 de
1160 4894 1826 5026 bellosstlllefflesslJ'Oeslfflaepipuumidssluri
1847 4873 1940 4976 „dquell

281 4965 393 5042 quibus
408 4967 644 5027 Osbernassrlet.
1161 4969 1199 5025 de
1219 4981 1352 5041 corporis
1376 4975 1471 5027 sancti
1525 4971 1612 5028 illudi
1637 4987 1767 5046 eprsc0p1
1787 4966 1939 5035 Eboracensh

316 5043 343 5096 2.
354 5039 452 5098 Ambo
468 5040 499 5096 in
517 5041 548 5096 id
570 5041 762 5110 conveniunt,
778 5041 919 5098 defuncta
942 5038 1108 5096 Vullhelmo
1162 5039 1354 5098 translatione
1382 5041 1421 5098 ab
1437 5058 1473 5098 eo
1490 5043 1680 5100 cantuariam
1700 5041 1847 5116 procurate
1865 5029 1940 5098 leitiUt

282 5111 513 5171 cantuariorum
534 5111 674 5182 antistite,
688 5129 758 5169 cum
772 5113 850 5184 regis
862 5127 898 5168 ac
919 5111 1024 5185 populi
1038 5115 1109 5168 vota
1162 5115 1225 5168 tum
1232 5112 1313 5184 apud
1320 5113 1564 5179 willelmum‚ubi
1570 5115 1607 5171 de
1613 5119 1716 5174 nostre
1722 5087 1940 5182 Odenatumepld

280 5183 310 5240 in
324 5183 460 5242 Odonem
472 5183 701 5254 concurrissent,
711 5184 790 5240 hanc
800 5183 996 5264 constantius,
1011 5187 1044 5238 at
1057 5181 1110 5254 qui
1163 5181 1343 5240 Eadmerum
1365 5185 1395 5241 in
1414 5185 1491 5241 libro
1503 5184 1541 5242 de
1563 5186 1631 5244 Vita
1651 5188 1678 5243 S.
1702 5179 1826 5243 wilfridi.
1843 5173 1940 5250 sdan

281 5256 414 5313 nondam
429 5257 576 5313 amicisset
600 5255 791 5318 monacham,
806 5254 940 5310 renisum
955 5253 1057 5324 luisse,
1072 5265 1110 5310 ae
1164 5259 1248 5328 parte
1284 5254 1359 5312 rima
1378 5256 1482 5313 Saeculi
1505 5255 1539 5310 lll
1562 5256 1717 5325 Benedicti,
1731 5269 1797 5330 pag.
1812 5248 1887 5306 aaa
1898 5239 1938 5292 aa.

281 5325 1109 5456 aacattiatacitatacita:
1163 5325 1284 5454 aaa·
1297 5325 1708 5456 ”ticceau-eeu
1721 5311 1939 5449 ”liceat

283 5473 363 5524 maie
376 5470 515 5527 indutam
537 5413 799 5598 archiepicopum
813 5472 923 5600 gaisae.
934 5466 1030 5540 inquit
1045 5465 1110 5522 Wil-
1166 5413 1372 5540 ffidziggdurnp
1387 5415 1562 5544 quccnriflgm’,
1578 5411 1941 5544 gffls‘ipggffigupmwffl

283 5535 496 5613 lalmus,qu0d
507 5539 573 5598 aliis
588 5557 641 5598 ver
662 5541 687 5598 is
710 5541 801 5599 tradit
838 5539 974 5598 sbernue.
991 5535 1110 5594 Godwi-
1164 5545 1284 5612 austra,
1312 5547 1380 5600 tom.
1410 5543 1532 5600 clllllllll
1560 5542 1678 5604 damus.
1694 5537 1796 5600 Subdit
1819 5524 1941 5588 wama·
