4110 6138
221 153 273 208 ios
712 141 740 200 s.
763 140 893 200 ononis
911 137 1057 197 innius
1076 92 1328 198 oiunucriisis
1346 139 1380 193 ii.
1489 193 1497 204 ,
1878 133 1929 190 iis

221 269 363 330 indicavit
378 267 420 323 eis
434 263 620 340 provinciam
635 267 664 321 et
681 263 792 322 locum.
817 263 872 327 Qui
886 263 990 321 festine
1006 261 1084 320 adh
1102 262 1187 319 nost
1214 261 1324 335 thuid
1347 258 1489 317 ardemus
1515 261 1568 316 tua
1599 256 1735 314 virtute?
1772 256 1828 322 Qui
1860 271 1932 312 mox

222 357 412 416 Aurelianum
446 358 601 412 venerunt.
637 356 702 412 ltox
734 357 768 411 ut
790 353 872 411 venit
899 356 968 410 ante
1001 368 1046 408 se·
1100 350 1206 410 cecidit
1230 352 1262 410 in
1292 355 1422 420 terram,
1462 353 1492 406 et
1522 347 1656 406 evomuit
1687 363 1740 404 cos
1769 361 1832 403 una
1864 361 1933 402 cum

220 447 369 522 pulcrum,
394 443 524 502 clamare
552 445 707 516 coeperunt
727 442 880 500 demones
898 457 953 516 per
976 457 1047 498 eum
1100 443 1257 514 sanguine.
1283 443 1326 500 lix
1347 439 1398 499 illa
1426 442 1511 508 bora,
1538 443 1567 496 et
1592 438 1744 512 deinceps,
1771 436 1934 495 incolumis

221 535 379 592 obsessum
408 551 415 590 :
445 530 631 601 OGeralde,
668 529 781 604 inquit,
814 529 921 604 utquid
945 529 1046 588 illudis
1100 531 1221 590 mansit.

636 844 829 964 VlTAE
875 843 1133 966 SANCTI
1189 843 1514 967 GERALDI

885 1088 1267 1180 conrnuniuii.

671 1287 756 1354 (Apud
771 1286 870 1346 llabill.
886 1287 950 1340 teis
965 1286 1008 1343 SS.
1024 1286 1078 1342 ord.
1096 1287 1122 1342 S.
1138 1286 1244 1347 Bcnsd,
1260 1301 1317 1340 sac.
1335 1301 1360 1351 v,
1377 1299 1434 1353 pig.
1448 1285 1482 1348 t).

257 1527 283 1580 t.
303 1523 451 1580 Geoldiis
462 1524 495 1579 ic
509 1523 649 1581 ordinari
664 1523 695 1581 S.
712 1521 869 1581 Benedicti
877 1522 1047 1594 munificus.
1063 1525 1084 1579 Β
1103 1520 1187 1593 feda,
1203 1519 1244 1578 ad
1255 1520 1354 1578 vicem
1362 1517 1442 1578 itlius
1455 1533 1550 1592 quain
1563 1515 1703 1586 solverat,
1717 1515 1822 1600 itidem
1846 1515 1940 1574 absti-

220 1625 255 1636 -
270 1593 328 1650 Etsi
340 1593 432 1651 vitam
445 1594 644 1651 monasticam
660 1593 803 1651 Geraldus
815 1609 974 1667 nunquam
987 1609 1050 1650 am·
1102 1597 1196 1664 neret,
1211 1609 1280 1649 cum
1295 1594 1324 1648 et
1337 1606 1440 1672 unuin·
1455 1603 1622 1674 pauperem
1640 1591 1724 1670 extra
1746 1587 1862 1672 solitos,
1875 1587 1938 1670 'ob-

220 1665 327 1738 plexus
354 1665 399 1732 sit,
428 1669 511 1722 tanta
534 1669 635 1722 tamen
658 1665 685 1722 ei
706 1664 805 1732 debet,
823 1665 871 1722 cui
886 1663 1049 1738 plurimum
1104 1667 1186 1722 tantu
1200 1661 1457 1745 illiusfestivitatis
1472 1661 1615 1719 rehceret.
1637 1660 1688 1717 Sui
1701 1675 1773 1742 vero
1784 1675 1816 1732 Jc
1830 1675 1939 1716 unium

221 1751 340 1818 semper
353 1735 491 1818 addictus
502 1736 566 1804 fuit,
579 1735 683 1818 religio
696 1735 896 1819 benedictina,
921 1735 1050 1818 utuinter
1103 1734 1152 1792 die
1167 1737 1322 1791 [lominica
1332 1735 1488 1815 evenisset,
1497 1747 1601 1859 neqtga·
1621 1745 1692 1858 upra
1703 1729 1778 1858 lgud
1788 1676 1939 1858 sgkgbatfi

221 1805 1050 1961 ttttutttttttttttttttttu'titttutti
1103 1805 1831 1958 ttritetitulastitt‘tiptstitt‚.
1856 1817 1938 1956 iile

219 1949 303 2005 libris
318 1953 485 2024 conscripta
500 1949 548 2006 hic
561 1955 776 2031 representare
789 1965 850 2006 nou
874 1952 919 2006 est
944 1965 1049 2006 noces·
1104 1947 1355 2005 consuetudinem
1379 1945 1456 2002 adeo
1479 1944 1840 2016 rchgiosam‚1tominicae
1857 1960 1938 2026 Jeru-

221 2020 344 2086 sarium‚
359 2025 422 2077 tum
437 2019 508 2102 quia
522 2021 552 2076 in
572 2020 754 2078 Bibliotheca
774 2019 962 2078 Cluniacensi
984 2021 1048 2092 jain
1103 2019 1188 2076 nium
1203 2019 1233 2075 in
1246 2017 1326 2074 diem
1341 2016 1561 2098 precedentem
1575 2015 1803 2089 transponendi,
1826 2031 1846 2072 a
1873 2031 1936 2071 sin·

221 2090 301 2147 edita
314 2106 349 2147 ac
361 2093 440 2148 notis
450 2091 594 2149 illustrata
609 2091 687 2158 sint;
709 2095 772 2148 ium
785 2091 867 2164 quod
882 2107 918 2148 ea
929 2107 997 2164 quie
1010 2090 1049 2148 ad
1125 2089 1269 2146 ularitatis
1283 2093 1352 2145 nota
1368 2087 1500 2144 defendit
1513 2088 1562 2143 hic
1577 2091 1697 2144 sanctus
1712 2086 1776 2143 Ode
1790 2101 1867 2142 :nec
1881 2085 1938 2142 du·

220 2177 269 2218 res
285 2163 469 2220 monasticas
514 2164 650 2231 ertinent,
676 2163 746 2219 inde
770 2162 902 2220 delibare
917 2179 953 2219 ac
968 2161 1049 2218 colli-
1104 2106 1198 2242 flium·
1211 2161 1296 2242 quin·
1314 2160 1379 2241 ejiis
1402 2157 1593 2240 observantia
1615 2173 1638 2240 'a
1657 2156 1782 2240 (teraldo
1808 2156 1938 2238 aliisque

222 2247 291 2304 gere
318 2232 456 2290 sufficiat.
506 2240 591 2292 rieter
616 2235 680 2291 bec
704 2238 805 2290 autem
824 2233 941 2291 Geraldi
954 2237 1048 2316 gesta,
1105 2237 1216 2290 sanctis
1243 2247 1315 2313 viris
1339 2233 1457 2287 invecta
1495 2232 1675 2311 institutioni
1697 2243 1765 2302 quas
1784 2228 1938 2302 hodieque

220 2319 352 2378 quorum
364 2309 469 2362 auctor
483 2305 546 2362 Odo
560 2304 623 2370 fuit,
640 2305 698 2362 alia
710 2305 833 2378 insuper
845 2321 881 2361 ex
896 2304 1050 2361 codicibus
1103 2304 1193 2373 viget,
1209 2317 1398 2359 occasionem
1409 2273 1534 2357 dederit.
1740 2370 1746 2380 Ι

221 2376 432 2449 manuscriptis
455 2375 687 2450 compendiensi
709 2379 738 2431 et
761 2374 926 2432 conchensi
949 2374 1050 2432 nancti
1139 2377 1166 2431 4.
1192 2375 1319 2431 Vestiam
1334 2369 1770 2430 modestia.-Gharitatemin
1784 2385 1938 2444 pauperes

222 2463 327 2503 sumus
354 2446 501 2510 breviora,
552 2463 598 2502 uae
626 2462 696 2502 cum
720 2444 794 2501 nihil
808 2446 847 2503 ab
863 2445 974 2503 Odonis
989 2444 1050 2501 fetu
1104 2444 1226 2501 fovebat
1239 2442 1429 2516 augebatque
1444 2442 1630 2516 paupertatis
1652 2457 1739 2498 amor
1759 2455 1795 2498 ac
1813 2441 1938 2510 elegan-

221 2516 374 2573 diversum
383 2516 546 2598 habeant,i
570 2531 588 2598 a
602 2516 692 2598 etiarn
706 2516 841 2598 omittere
855 2517 949 2573 satius
966 2515 1050 2572 duxi-
1104 2515 1186 2598 tioris
1195 2514 1301 2598 ⁸cultus
1314 2517 1514 2596 contemptus.
1538 2535 1552 2564 ιι
1577 2513 1714 2570 Vestibus
1728 2512 1822 2570 laneis
1837 2517 1891 2570 aut
1905 2512 1939 2568 li·

221 2585 1050 2740 attittttttttttllhttttttttttttthit
1104 2582 1939 2738 tititttttltittiuratissimisitt}

221 2743 273 2784 ma
285 2731 383 2810 capita¹
397 2730 467 2810 Vitis
481 2732 576 2810 sancti
590 2727 707 2810 Geraldi
722 2726 761 2785 ab
774 2727 877 2810 Odone
887 2743 1049 2810 composi·
1103 2745 1165 2802 quo
1179 2744 1263 2785 more
1278 2743 1399 2800 semper
1412 2743 1485 2784 usus
1500 2731 1555 2794 est,
1571 2731 1612 2784 ita
1624 2726 1770 2783 duntaxat
1780 2724 1937 2806 confectis,

221 2801 270 2867 tar,
285 2813 354 2872 quse
372 2813 403 2855 in
418 2798 600 2857 Bibliotheca
623 2799 808 2857 cluniacensi
831 2799 1047 2868 desiderantur,
1104 2803 1137 2857 ut
1149 2815 1205 2856 nec
1219 2797 1389 2856 affectatam
1401 2813 1547 2872 pompam
1561 2797 1738 2866 redolerent,
1751 2812 1807 2853 nec
1816 2795 1938 2878 plebeia

221 2885 258 2927 ex
283 2868 386 2927 codiee
413 2887 472 2927 ms.
499 2870 682 2928 Cisterciensi
708 2885 762 2944 per
783 2869 872 2927 bonae
895 2870 1085 2933 memoriae
1103 2871 1266 2928 rusticitate
1281 2873 1483 2926 notarentur:
1507 2869 1640 2925 sericatis
1655 2883 1722 2926 vero
1737 2867 1784 2924 vel
1798 2873 1938 2941 pretiosis

220 2941 369 2997 ioannem
383 2943 561 3016 lannoyum
577 2941 801 3019 cisterciensem
811 2941 1049 2999 monachumad
1104 2957 1159 2998 nee
1185 2941 1309 2998 obtentu
1337 2939 1496 2997 cu'uslibet
1523 2939 1698 3004 festivitatis,
1724 2953 1781 2996 nec
1807 2939 1938 3010 alicujus

220 3012 684 3086 nostransmissaesse,quibus,
701 3013 817 3086 absque
840 3012 970 3070 auctoris
993 3027 1049 3078 no·
1103 3012 1263 3087 prasentia
1287 3027 1370 3068 marc
1395 3011 1470 3068 'onis
1518 3009 1565 3066 lus
1587 3009 1674 3068 solito
1694 3025 1725 3066 se
1741 3025 1860 3067 comere
1875 3015 1937 3066 sta·

220 3083 312 3153 mine,
325 3084 492 3141 annectitur
505 3101 604 3142 sermo
629 3085 661 3142 in
682 3084 803 3142 laudem
824 3083 905 3141 beati
933 3083 1050 3141 Geraldi
1103 3083 1168 3141 tuit.
1183 3106 1198 3134 »
1212 3087 1270 3140 Nec
1283 3087 1385 3140 tamen
1407 3083 1480 3155 (quo
1525 3081 1654 3154 mireris)
1676 3081 1844 3139 Christiana
1869 3081 1937 3136 hsec

220 3159 369 3226 exaratus,
385 3156 457 3212 etin
470 3161 538 3213 octo
559 3155 711 3228 lectiones,
739 3159 772 3212 ut
799 3154 838 3212 ad
866 3155 1049 3212 matutinum
1103 3154 1252 3212 modestia
1265 3154 1320 3210 viri
1336 3153 1386 3209 ltei
1410 3152 1618 3210 auctoritatem
1645 3151 1810 3226 aliquando
1836 3152 1937 3209 immi·

219 3224 278 3294 legi
292 3224 397 3296 solent,
414 3226 538 3282 divisus.
1018 3269 1024 3280 .
1103 3226 1169 3282 nuit
1194 3225 1270 3290 Quin
1285 3245 1299 3276 ιι
1315 3223 1397 3298 apud
1413 3239 1519 3280 omnes
1534 3223 1586 3298 qui
1601 3239 1672 3280 eum
1694 3227 1852 3290 noverant,
1868 3227 1937 3305 tau-

255 3299 282 3350 2.
302 3297 379 3365 ujus
393 3303 524 3367 perisset
539 3303 623 3355 oetcs.
643 3328 678 3338 -
697 3295 815 3354 Geraldi
850 3311 925 3351 enus
939 3311 975 3352 ex
990 3295 1050 3352 alto
1103 3301 1167 3354 tam
1180 3295 1379 3354 reverentiam
1393 3293 1557 3362 obtinebat,
1569 3299 1602 3350 ut
1614 3294 1753 3368 quisquis
1765 3311 1836 3352 eum
1846 3293 1939 3350 lasis-

219 3379 326 3434 rogum
353 3367 500 3448 sanguine
522 3383 576 3440 per
596 3367 758 3425 Caesarium
773 3310 974 3424 trefatensem
989 3366 1050 3449 epi·
1104 3371 1157 3436 set,
1173 3367 1261 3441 quasi
1276 3365 1467 3438 sacrilegium
1480 3365 1606 3438 fecisset,
1619 3381 1681 3447 non
1697 3365 1754 3422 sibi
1768 3365 1800 3422 in
1814 3381 1939 3438 prospe

219 3436 912 3566 atttfttttttittttttttttlt
930 3437 1051 3564 iiiiii
1103 3437 1718 3565 illil⁰d⁸f⁰⁰ft¹l⁵⁰⁸0i‘ie'f*⁰⁰slll¹¹¹¹¹
1737 3441 1939 3564 estitit

319 3525 326 3576 ;
1177 3525 1274 3565 emus
1301 3525 1316 3565 e
1339 3525 1412 3575 ms,
1928 3550 1936 3574 ,

219 3576 310 3646 regis,
370 3523 420 3633 gg
434 3577 604 3636 llathildem
617 3578 735 3635 Geraldi
756 3524 857 3634 avqgm
878 3523 969 3634 tuisse
1016 3594 1049 3634 u·
1126 3579 1156 3636 ui
1183 3579 1339 3636 incassum
1367 3583 1480 3635 mutata
1504 3523 1831 3635 iurffiscensigocssiri
1855 3578 1938 3635 obsi-

224 3650 333 3704 tant.U
360 3652 393 3704 ut
408 3648 454 3716 sit,
467 3654 552 3722 patre
565 3649 690 3706 Geraldo
713 3649 851 3706 auriliaci
874 3593 1050 3720 comitefsic
1103 3596 1204 3722 glorie,
1233 3649 1313 3723 quod
1344 3671 1359 3699 ιι
1382 3665 1511 3706 moerore
1537 3665 1588 3706 cor
1609 3649 1683 3732 justi
1705 3647 1865 3716 affecisset,
1884 3647 1938 3705 las·

220 3717 344 3775 comites
354 3719 541 3845 guandoque
561 3719 712 3777 vocabant
735 3725 765 3777 ιο
788 3719 896 3776 archas
910 3719 1049 3786 illustres)
1104 3725 1182 3779 tatus
1209 3735 1404 3802 nequaquam
1428 3720 1524 3777 redire
1550 3735 1724 3794 permissus,
1754 3725 1825 3794 post
1847 3735 1939 3794 quar·

220 3792 353 3846 matred
376 3789 502 3858 altrude,
519 3791 691 3848 clarissimis
707 3807 742 3848 ac
781 3790 1051 3864 'tissimisparenti
1103 3791 1322 3850 tumdecimum
1356 3791 1436 3848 diem
1469 3795 1532 3848 tam
1566 3790 1733 3848 terribiliter
1767 3790 1864 3859 obiit,
1905 3795 1938 3847 ut

220 3859 288 3942 hus,
316 3861 475 3943 heraldum
501 3867 608 3919 natum
632 3867 760 3930 constat,
788 3865 817 3918 et
853 3861 954 3918 uidem
969 3877 1050 3918 auno
1104 3878 1204 3934 oinne,
1227 3861 1280 3920 ubi
1296 3863 1417 3935 iaceret,
1441 3862 1530 3920 turbo
1544 3861 1939 3919 vehementissimediseoo

221 3931 326 3988 chrish
341 3936 404 4000 855,
419 3936 452 3990 ut
466 3933 613 4004 colligitur
627 3949 664 3990 ex
679 3934 827 3990 ademaro
860 3933 1005 3990 abanensi
1018 3933 1049 3989 in
1104 3935 1223 4008 periret.
1246 3955 1260 3984 r

220 4002 381 4060 abbatibus
396 4004 491 4061 sancti
506 4005 642 4063 llartialis
658 4005 874 4062 Lemovicensis
900 4024 906 4061 :
927 4021 988 4078 quo
1001 4020 1051 4061 eo-
1139 4010 1166 4062 5.
1182 4005 1337 4062 castitatis
1352 4018 1447 4062 amor.
1463 4035 1499 4044 —
1511 4003 1628 4060 Geraldi
1641 4003 1814 4074 amicitiam,
1830 4006 1893 4061 imo
1909 4007 1938 4060 at

220 4074 290 4130 dem
306 4089 387 4131 anno
401 4074 482 4132 idem
497 4076 745 4158 chronographus
764 4075 835 4132 Belli
858 4075 925 4132 Loci
948 4091 1048 4132 coeno·
1105 4075 1280 4133 affinitatem
1303 4075 1435 4132 ambiere
1464 4075 1620 4132 clarissimi
1641 4078 1754 4148 quique
1772 4075 1937 4148 principes,

219 4145 305 4200 bium
318 4161 337 4202 a
351 4145 478 4203 liedulfo
500 4147 670 4203 Biturieensi
693 4147 835 4220 episcopo
855 4151 998 4214 erectum,
1013 4161 1049 4202 ac
1104 4163 1182 4220 quos
1197 4147 1273 4220 inter
1296 4169 1310 4197 ιι
1335 4145 1508 4203 Guillelmus
1536 4145 1599 4203 dux
1624 4147 1843 4220 aquitanorum
1860 4169 1874 4195 »ι
1895 4147 1941 4217 (ut

220 4215 344 4271 clericos
373 4217 465 4273 sancti
491 4217 628 4275 llartialis
655 4234 692 4274 ex
715 4217 867 4274 canonicis
882 4217 1086 4282 monachosn
1104 4223 1208 4276 narrat
1220 4217 1386 4275 ademarus
1399 4216 1431 4272 in
1446 4217 1592 4276 Chronico
1605 4217 1644 4274 ad
1659 4233 1774 4274 annum
1789 4217 1939 4278 stoicum

220 4300 327 4342 omncs
342 4285 463 4343 effectos
477 4286 568 4344 fuisse
583 4292 809 4345 commemorat.
1105 4304 1167 4346 non
1176 4288 1299 4346 haberet
1313 4287 1440 4361 prolem,
1451 4292 1480 4344 et
1494 4303 1628 4344 sororem
1642 4303 1729 4345 suam
1739 4288 1770 4344 ln
1780 4287 1940 4344 matrimo-

257 4359 283 4412 ³.
302 4355 443 4414 Charitas
458 4358 489 4413 in
501 4373 659 4428 pauperes,
670 4360 801 4429 jejunio.
818 4389 852 4400 -
864 4358 1016 4416 traditam
1030 4373 1049 4414 a
1104 4359 1155 4416 nio
1169 4358 1352 4416 desideraret
1366 4362 1469 4416 sancto
1484 4357 1610 4416 Geraldo
1625 4360 1820 4430 conjungere,
1835 4358 1938 4415 nulla-

220 4425 397 4507 parentibus
424 4431 507 4500 piam
536 4428 749 4485 institutionem
776 4430 903 4486 summis
931 4443 1050 4501 semper
1104 4429 1306 4503 tenusquivit.
1324 4429 1439 4504 Quippe
1455 4429 1590 4486 calibem
1605 4431 1697 4488 vitam
1711 4429 1858 4486 (teraldus
1881 4429 1940 4486 du·

220 4495 377 4554 virtutibus
392 4498 535 4556 Geraldus
551 4499 689 4556 excoluit.
705 4499 776 4556 ilinc
791 4515 846 4582 pro
860 4515 916 4556 sua
929 4499 960 4556 in
973 4515 1049 4574 pau·
1104 4517 1186 4570 cens,
1201 4517 1271 4558 cum
1284 4517 1403 4574 semper
1418 4500 1457 4558 ad
1472 4517 1507 4558 eo
1531 4499 1614 4558 ulam
1635 4500 1812 4558 suaderetur
1830 4515 1938 4558 amore

220 4568 477 4698 ttitttttttt
495 4570 1051 4716 ‘fibffffffiifiofittbtipii
1104 4571 1485 4716 {titulusita
1500 4573 1639 4700 tithei?
1656 4573 1939 4700 tl'titt'ittti

219 4726 275 4783 per
290 4683 423 4785 seips’um
439 4713 467 4770 vi
490 4717 551 4770 eret
562 4712 635 4787 quid
649 4713 696 4770 vel
707 4717 856 4786 quantum
867 4713 907 4770 ad
918 4684 1050 4770 refectio-
1105 4730 1207 4771 amore
1221 4719 1327 4771 natum
1341 4718 1386 4770 est
1400 4730 1555 4770 summum
1570 4714 1637 4770 vitis
1656 4713 1832 4771 monasticar
1857 4713 1938 4770 desi-

220 4796 292 4837 nem
306 4783 349 4838 cis
362 4782 493 4841 daretur.
505 4784 607 4842 Nullus
619 4801 691 4842 vero
703 4800 839 4859 unquam
847 4783 887 4841 ab
900 4784 977 4843 ostio
987 4784 1051 4840 sine
1104 4785 1232 4854 derium,
1241 4785 1323 4857 quod
1334 4785 1401 4840 vitis
1414 4799 1509 4855 genus
1523 4785 1591 4841 licet
1599 4785 1690 4842 variis
1702 4785 1939 4858 impedientibus

221 4851 295 4907 datu
309 4853 507 4928 eleemosyna
521 4855 746 4913 excludebatur.
758 4856 835 4922 Quin
845 4855 972 4912 ministri
984 4871 1052 4929 pro·
1105 4855 1204 4912 causis
1218 4871 1280 4910 non
1295 4855 1469 4929 susceperit,
1494 4855 1536 4912 sic
1557 4860 1658 4912 tamen
1687 4871 1807 4938 semper
1833 4855 1938 4912 animo

222 4921 378 5004 curabant,
401 4929 433 4980 ut
456 4925 496 4982 ad
516 4941 642 4984 manum
658 4941 777 5000 semper
789 4925 914 4984 haberet
927 4925 1049 4995 fercula,
1105 4931 1281 5001 prosecutus
1294 4930 1348 4994 cst,
1364 4931 1398 4983 ut
1414 4947 1424 4978 ι
1440 4927 1465 4982 si
1475 4931 1579 4983 votuni
1592 4925 1669 4982 illius
1691 4927 1843 4999 inspicias,
1875 4942 1939 4982 mo

221 5006 291 5065 qua
316 5008 382 5075 ipse
403 4993 445 5050 eis
473 4995 567 5053 daret.
593 4999 682 5053 Pctus
712 5013 834 5071 quoque
860 4997 1050 5068 efferebatur,
1104 4997 1225 5055 nasticae
1239 4996 1433 5078 professionis
1446 4997 1539 5054 fldem
1553 4997 1668 5054 Christo
1677 5013 1732 5070 per
1746 4996 1939 5054 devotionem

222 5077 321 5146 quem·
335 5070 505 5147 inspectum
529 5082 564 5123 ae
582 5072 798 5150 praegustatum
820 5068 1050 5137 transmittebat,
1105 5071 1274 5126 servaverit.
1290 5089 1303 5120 a
1317 5068 1470 5150 Praecipua
1484 5084 1521 5124 ex
1536 5068 1584 5124 his
1599 5068 1697 5126 causis
1710 5083 1772 5126 una
1781 5073 1856 5136 erat,
1868 5067 1940 5125 rari·

221 5137 255 5190 ut
265 5149 323 5208 ipsi
358 5135 593 5220 rimo-biberent,
608 5137 720 5203 Quibus
731 5142 762 5220 et
776 5139 821 5196 sui
835 5141 922 5214 panis
938 5139 1050 5197 medie·
1105 5145 1151 5198 tas
1165 5138 1330 5212 proborum
1345 5139 1443 5212 perid
1462 5143 1582 5211 tempus
1601 5139 1832 5196 monachorum.
1864 5143 1939 5196 Nam

222 5209 313 5264 tatem
347 5205 428 5277 abst,
443 5223 474 5264 in
489 5207 536 5264 his
551 5211 654 5282 utique
671 5207 819 5266 Christum
845 5227 875 5268 se
901 5210 1051 5284 suscipere
1106 5216 1299 5268 ‹cumesset
1312 5209 1468 5284 providus,
1489 5209 1684 5268 considerans
1699 5209 1772 5283 quia
1785 5210 1938 5284 professo

222 5277 357 5336 credens.
373 5279 539 5361 »Dumque
553 5283 635 5336 tauta
655 5277 852 5337 sollicitudine
877 5281 980 5352 egenis
1001 5297 1052 5338 ue·
1105 5297 1152 5339 res
1165 5281 1302 5338 sublimis
1317 5281 1473 5365 propositi,
1488 5280 1563 5337 dum
1579 5279 1680 5338 saeculi
1691 5297 1794 5338 amore
1806 5297 1940 5338 corrum-

223 5349 354 5429 cessaria
367 5350 594 5408 subministrare
607 5350 773 5434 satagebat,
790 5351 855 5424 ipse
870 5375 884 5402 ιι
901 5352 993 5409 tribus
1009 5351 1051 5409 fe·
1106 5356 1228 5427 puntur,
1242 5369 1364 5424 gravius
1378 5353 1418 5410 ab
1432 5352 1492 5409 ulto
1505 5357 1607 5423 ruunt,
1618 5351 1711 5409 satius
1725 5353 1888 5410 aestimavit
1896 5353 1938 5408 sic

222 5418 317 5476 riisin
331 5421 535 5490 hebdomada,
549 5437 585 5479 ex
602 5437 685 5478 oinni
699 5425 760 5478 tem
783 5438 834 5479 ore
900 5421 941 5480 od
960 5422 1052 5480 absti-
1106 5427 1184 5480 stare
1207 5424 1238 5480 in
1261 5423 1366 5481 habitu
1386 5422 1533 5494 saeculari,
1584 5438 1654 5480 uam
1673 5422 1788 5496 absque
1803 5423 1939 5497 probatis

222 5489 331 5572 neutiie
346 5491 479 5574 dicatum
494 5497 548 5564 est,
562 5509 580 5550 a
593 5493 734 5550 carnibus
791 5493 865 5550 stine
888 5497 927 5551 at.
957 5493 985 5551 Si
1008 5499 1052 5550 ta-
1106 5495 1352 5569 cooperatoribus
1366 5511 1430 5551 rem
1445 5499 1509 5551 tam
1524 5440 1652 5551 arguam
1667 5499 1822 5551 attentare.
1840 5515 1855 5544 s

223 5575 339 5642 meniu
353 5562 460 5620 uadem
476 5564 555 5621 feriis
570 5563 714 5623 festivitas
735 5564 874 5622 annualis
897 5564 1052 5638 evenisset,
1142 5569 1168 5623 a.
1179 5566 1333 5624 stantfort
1337 5565 1528 5637 fundatio-
1539 5567 1723 5639 «Postquam
1732 5564 1836 5622 divino
1846 5565 1939 5622 cultui

224 5629 437 5691 abstinentiam
449 5633 490 5693 ita
505 5635 652 5708 solvebat,
675 5641 708 5694 ut
720 5636 752 5694 in
765 5635 901 5713 qualibet
914 5635 1054 5696 absoluta
1107 5653 1172 5695 sese
1181 5637 1367 5712 mancipavit
1377 5651 1431 5712 per
1442 5637 1556 5708 omnia,
1565 5640 1599 5695 ut
1609 5653 1665 5695 sua
1677 5652 1799 5712 quoque
1810 5636 1938 5696 nomino
