4120 6154
198 141 247 194 37¹
729 133 756 190 S.
778 134 907 190 ebonis
927 131 1072 188 archus
1091 127 1342 196 chuniacensis
1362 127 1384 181 ll
1653 201 1655 204 Ι
1858 127 1910 180 ³72

197 258 325 332 principi
351 255 461 312 librum
489 253 596 310 offerre
617 258 669 321 est,
697 254 786 310 rerba
804 260 1024 328 praeceptorum
1039 258 1063 309 Α
1080 257 1213 322 raserint,
1230 251 1259 307 hi
1275 252 1327 324 qui
1344 250 1452 306 minori
1467 249 1533 305 loeo
1547 252 1616 304 sunt
1627 263 1683 320 pos
1696 247 1726 312 tt,
1738 247 1792 320 qui
1806 247 1912 304 volunt

197 349 276 406 illius
290 347 321 404 in
335 345 451 402 actione
467 344 609 402 tenuisse.
626 343 763 416 Sequitur
779 361 786 399 :
1081 342 1142 400 zelo
1157 346 1271 414 quanto
1287 339 1401 414 possint
1415 355 1505 412 opere
1518 338 1558 394 ad
1574 337 1771 394 eruditionem
1798 343 1910 394 sancte

234 441 318 496 raas.
334 438 378 494 38.
394 434 429 492 Si
443 435 603 492 adversum
622 448 668 490 me
687 439 770 491 terra
783 449 846 492 rnen
861 434 984 501 claruet,
999 439 1027 490 et
1081 431 1218 488 Ecclesia,
1232 431 1262 486 in
1277 429 1497 503 predicationis
1522 427 1618 498 gratie
1639 426 1806 499 cooperari.
1830 428 1913 492 Quos

197 541 263 582 enm
279 523 436 594 ipsusulci
451 525 515 594 qus
535 522 654 592 deflent.
682 553 717 562 —
747 522 824 588 Quid
839 525 882 578 est
897 521 1027 578 clamare
1081 520 1215 578 videlicet
1240 521 1331 590 hujus
1358 524 1442 576 terrra
1467 516 1614 587 agricolas
1633 515 1690 574 hoc
1704 519 1826 572 estnon
1840 513 1915 572 affli-

197 619 316 684 tarram,
333 610 567 682 dederesulcos,
580 615 609 668 et
621 610 735 668 tructus
750 609 887 683 proprios
898 609 1027 667 emendo
1082 625 1160 678 gere,
1187 625 1292 666 eorum
1321 607 1477 664 laboribus
1502 622 1564 663 non
1586 605 1740 662 inridere:
1756 619 1795 661 ne
1816 607 1914 662 rector

197 701 364 768 comedere,
382 698 430 756 eui
443 714 602 772 nunquam
617 715 739 756 necesse
754 703 797 754 est
822 715 878 756 sua
902 699 1027 756 emeret
1082 697 1228 767 llcclesiee,
1244 697 1318 752 dum
1335 696 1389 753 soli
1405 696 1462 752 sibi
1474 696 1524 766 jus
1539 693 1759 768 predicationis
1770 692 1914 764 vindicat,

198 789 268 856 Quis
280 787 462 846 clamantem
477 787 589 844 audiuit
602 787 733 844 terram?
761 786 830 841 [evis
856 786 955 842 sulcos
977 786 1028 844 de·
1082 789 1170 844 etiam
1182 787 1246 842 aliis
1262 791 1338 843 recte
1352 785 1585 858 predicantibus
1600 783 1714 840 invidia
1723 783 1914 840 remordente

196 879 301 936 ssantes
315 877 411 934 vidit?
426 881 455 933 et
465 893 535 934 cum
550 876 624 934 sulci
640 880 723 932 terrra
749 892 867 948 semper
888 891 925 932 ex
950 881 1028 932 terra
1083 876 1275 934 contradicat.
1291 877 1340 932 Pia
1353 875 1463 932 etenim
1479 881 1635 948 pastorum
1655 889 1754 944 mens,
1766 872 1916 945 quianon

199 967 269 1036 sint,
285 965 359 1040 quid
379 969 423 1024 est
446 965 530 1038 quod
550 965 792 1038 pronuntiatione
805 965 946 1020 distincta
968 964 1028 1020 ela·
1082 967 1236 1040 propriam
1250 965 1376 1036 gloriam
1391 965 1507 1037 quaerit,
1524 963 1738 1033 sentinatoris,
1759 961 1798 1019 ab
1812 963 1915 1019 homi-

197 1071 297 1114 masse
313 1059 400 1126 terra,
417 1059 445 1112 et
458 1054 530 1110 sulci
545 1055 610 1126 ejus
625 1070 694 1110 eum
709 1070 744 1110 ea
757 1053 913 1110 ‹lessovisse
937 1053 1027 1110 dene·
1083 1057 1173 1112 nibus
1186 1056 1247 1112 vult
1260 1055 1399 1126 adjuvari
1410 1053 1494 1128 qnod
1504 1054 1545 1110 ait
1560 1071 1566 1110 :
1584 1052 1829 1126 Fidelisnamque
1839 1068 1918 1125 pras·

198 1145 327 1216 gantur?
355 1143 412 1200 Sed
439 1143 585 1218 quoniam
605 1143 728 1202 historia
751 1141 860 1212 delicit,
882 1144 1028 1214 rnysticns
1083 1147 1198 1202 dicator
1209 1149 1302 1217 optat,
1320 1145 1344 1200 si
1359 1145 1424 1200 tieri
1440 1143 1527 1210 valet,
1544 1147 1576 1200 ut
1589 1142 1745 1198 veritatem
1758 1157 1853 1214 quam
1867 1156 1918 1198 so-

197 1231 396 1308 requirendus
422 1237 466 1290 est
489 1232 664 1290 intellectus.
695 1233 797 1288 Omnis
813 1232 893 1288 enirn
916 1231 967 1303 qni
983 1231 1029 1287 rel
1083 1234 1129 1290 lus
1144 1234 1227 1306 loqui
1244 1251 1304 1306 nou
1319 1232 1435 1297 sufficit,
1452 1248 1505 1288 ore
1520 1237 1696 1288 cunctorum
1704 1235 1820 1288 sonent.
1832 1229 1918 1286 Unde

92 1323 98 1341 ‘
197 1323 315 1398 privato
328 1323 394 1393 jure
410 1322 608 1378 domesticam
634 1321 780 1378 familiam
803 1323 888 1392 regit,
912 1322 959 1378 rel
972 1337 1029 1394 pro
1084 1339 1153 1380 eum
1167 1327 1255 1380 losue
1270 1323 1391 1378 duobus
1404 1322 1434 1378 in
1450 1321 1556 1379 eastris
1575 1318 1802 1378 remanentibus
1823 1324 1918 1392 atque

197 1412 320 1470 utilitate
340 1412 495 1470 communi
521 1411 661 1468 fidelibus
691 1411 830 1484 plebibus
855 1416 972 1483 praest,
998 1411 1028 1466 in
1084 1411 1333 1484 prophetantibus
1348 1409 1601 1480 velletobsistere‚
1618 1413 1695 1465 reete
1717 1425 1771 1480 per
1794 1410 1919 1480 Moysen

197 1501 255 1560 hoc
271 1499 354 1574 quod
366 1501 436 1574 jura
448 1499 602 1570 regiminis
614 1500 645 1556 in
659 1499 829 1556 commissis
855 1500 909 1556 sibi
933 1499 1029 1556 tideli-
1084 1501 1211 1558 dicitur:
1230 1523 1243 1550 u
1262 1501 1337 1566 Ouid
1353 1500 1504 1556 famularis
1520 1515 1574 1571 pro
1588 1499 1659 1555 me?
1673 1499 1742 1570 quis
1759 1497 1869 1554 tribuat
1882 1501 1920 1552 ut

197 1589 259 1648 bus
274 1587 498 1662 possidet‚quid
509 1587 591 1644 aliud
606 1603 700 1660 quam
715 1593 824 1644 terram
839 1588 1028 1644 incolendam
1043 1600 1066 1654 Β
1085 1591 1184 1648 omnis
1196 1591 1326 1663 populus
1341 1590 1508 1662 prophetet,
1523 1593 1552 1644 et
1566 1588 1616 1644 det
1630 1587 1671 1644 eis
1692 1587 1835 1644 Dominus
1850 1586 1919 1660 Spi-

197 1677 301 1736 tenat?
315 1676 360 1734 lid
374 1677 432 1734 hoc
446 1676 558 1749 quippe
580 1675 682 1732 divina
701 1676 922 1750 dispensatione
947 1681 1030 1734 crete·
1084 1681 1174 1738 ritum
1189 1682 1302 1736 suum?
1318 1702 1331 1730 a
1351 1681 1451 1752 (ll'um.
1466 1695 1506 1734 xr.
1520 1679 1575 1748 29).
1593 1677 1731 1750 Sequitur
1746 1696 1753 1732 :

197 1765 239 1822 ris
254 1765 462 1838 unusquisqne
476 1763 671 1837 preponito,
687 1769 720 1820 ut
740 1765 943 1836 subjectorum
968 1764 1032 1822 ani·
1120 1773 1204 1825 Vana.
1218 1769 1261 1824 40.
1279 1770 1338 1825 Pro
1352 1769 1505 1838 frumento
1519 1768 1619 1824 oritur
1633 1767 1710 1822 milti
1723 1766 1865 1822 reseratas.
1880 1795 1919 1806 —

199 1869 268 1910 mus
282 1851 372 1926 quasi
382 1852 543 1912 subtractus
555 1857 640 1910 terre
654 1853 875 1927 predicationis
890 1853 969 1912 illius
985 1870 1029 1910 se·
1085 1866 1125 1916 he
1140 1860 1162 1915 si
1179 1865 1279 1932 aperte
1299 1859 1379 1914 dieat
1391 1859 1434 1915 :Si
1450 1857 1596 1928 injustum
1606 1855 1680 1928 quid
1694 1871 1765 1924 erga
1779 1854 1920 1911 subditos

199 1941 280 1998 mine
304 1939 489 1998 fecundetur.
520 1940 578 1998 Sed
605 1945 683 1998 terra
705 1947 808 1998 eontra
825 1957 1031 2014 possessorem
1086 1949 1181 2020 gessi:
1196 1949 1220 2003 si
1234 1947 1317 2016 exegi
1333 1947 1444 2015 debita,
1457 1951 1486 2000 et
1499 1947 1564 2017 ipse
1579 1944 1662 2017 quod
1676 1943 1767 2000 dabui
1781 1959 1845 2000 non
1856 1943 1917 1998 im·

200 2029 319 2100 clamat,
331 2029 356 2088 si
369 2033 473 2088 eontra
487 2045 556 2088 eum
571 2030 623 2102 qui
640 2029 695 2086 sibi
710 2036 827 2102 preest,
852 2031 966 2103 aliquid
986 2032 1033 2102 ju·
1085 2037 1190 2110 pendi;
1210 2038 1232 2092 si
1262 2035 1502 2092 exercitationem
1529 2033 1602 2089 boui
1628 2032 1727 2104 operis
1752 2032 1818 2088 eliis
1844 2031 1921 2086 invi·

201 2123 293 2187 stum,
307 2117 355 2175 rel
370 2117 488 2191 privata
499 2117 677 2188 domus,vel
691 2124 796 2176 sancte
807 2119 937 2176 Ecclesia
950 2135 1034 2176 mur·
1086 2123 1190 2196 di‚pro
1206 2125 1369 2196 bonisque
1385 2124 1415 2180 in
1431 2123 1547 2180 aeternis
1558 2122 1703 2190 reficiunt,
1715 2121 1922 2178 retribuantur

200 2211 309 2264 murat.
342 2209 417 2264 Sunt
441 2206 579 2264 nonnulli
605 2207 657 2279 qui
681 2207 764 2266 nullo
786 2208 931 2279 lectionis,
948 2208 1032 2266 nullo
1087 2212 1159 2268 inihi
1174 2213 1203 2270 in
1218 2213 1330 2283 judicio
1345 2213 1426 2270 mula
1441 2229 1507 2284 ques
1523 2215 1673 2284 pungunt.
1690 2213 1748 2268 Pro
1763 2213 1921 2281 frumento

200 2297 415 2354 exhortationis
445 2312 565 2354 temero
594 2297 748 2370 proscissi,
777 2298 919 2370 quaedam
950 2298 1029 2354 bona
1086 2303 1161 2357 inihi
1175 2303 1316 2372 territas,
1337 2308 1363 2360 et
1378 2318 1434 2371 pro
1462 2302 1572 2358 hordeo
1590 2303 1678 2371 spina
1696 2302 1824 2365 ortam,
1847 2315 1922 2356 cum

201 2385 341 2459 quamvis
357 2385 493 2454 minima,
509 2390 611 2442 tamen
624 2401 661 2440 ex
676 2387 843 2458 sernetipsis
866 2386 1031 2458 proterunt,
1087 2391 1116 2446 in
1131 2390 1325 2446 retributione
1340 2391 1443 2448 trltima
1465 2391 1502 2446 de
1515 2407 1577 2462 qua
1590 2389 1791 2446 remuneratio
1805 2388 1923 2446 laboris

201 2474 288 2548 quasi
303 2479 382 2532 terra
396 2475 526 2532 necdum
541 2479 673 2532 exarata.
698 2474 772 2530 Sunt
796 2491 867 2530 vero
896 2475 1032 2532 nonnulii
1087 2478 1238 2551 quaeritur,
1256 2480 1380 2551 punctio
1395 2479 1507 2536 doloris
1521 2479 1677 2536 invenitur.
1704 2481 1737 2536 Et
1750 2477 1923 2536 notandum

201 2562 253 2634 qui
269 2562 308 2618 ud
322 2561 508 2618 audiendum
522 2579 640 2634 semper
654 2569 743 2635 atque
758 2562 957 2626 retinendum,
967 2580 1033 2619 sart·
1088 2568 1171 2641 quod
1184 2568 1259 2626 sicut
1283 2585 1300 2624 a
1323 2569 1472 2624 frumento
1492 2568 1639 2624 hordeum
1664 2567 1764 2632 distat,
1778 2569 1924 2639 quamvis

204 2650 257 2708 ctis
282 2655 352 2706 sunt
376 2649 640 2722 predicationibus
669 2667 704 2708 ac
732 2651 977 2708 meditationibus
992 2653 1034 2710 in·
1089 2663 1249 2730 utrumque
1266 2656 1391 2713 reficiat:
1407 2657 1447 2713 sic
1463 2656 1602 2713 atribule
1617 2655 1714 2728 spina,
1731 2655 1872 2728 quamvis
1884 2655 1926 2711 sit

205 2738 276 2796 tenti
293 2757 300 2794 ι
317 2753 335 2794 a
350 2737 456 2811 prioris
470 2739 579 2794 mentis
591 2739 711 2810 duritia,
727 2739 815 2812 quasi
829 2739 965 2812 quodam
979 2741 1035 2800 lin·
1089 2751 1250 2818 utrumque
1264 2746 1347 2818 qnod
1363 2750 1487 2818 pungat,
1503 2747 1575 2818 quia
1590 2744 1717 2801 tribulus
1743 2743 1872 2810 mollior,
1892 2747 1924 2799 et

204 2843 271 2898 guae
283 2842 404 2884 vomere
415 2827 510 2898 scissi,
519 2828 635 2886 semina
647 2829 860 2886 exhortationis
871 2830 1033 2902 accipiunt,
1089 2835 1127 2890 ad
1143 2835 1341 2907 pungendum
1356 2850 1474 2907 semper
1488 2839 1534 2890 est
1547 2833 1650 2890 durior
1662 2833 1759 2905 spina.
1776 2838 1817 2888 Ae
1832 2832 1856 2888 si
1868 2847 1926 2905 pa-

203 2933 239 2974 ae
253 2917 540 2991 trugesbonioperis
548 2933 601 2990 pcr
612 2917 710 2976 sulcos
720 2918 895 2975 voluntariae
904 2917 1037 2976 afflictio·
1051 2956 1071 3012 C
1090 2923 1298 2980 tentandicat:
1314 2924 1413 2994 Egisse
1427 2924 1551 2996 quidem
1567 2927 1595 2980 et
1608 2938 1722 2992 magns
1733 2937 1782 2978 me
1798 2921 1926 2978 bonnet

202 3005 249 3064 nis
263 3004 404 3076 reddunt,
418 3022 489 3064 cum
504 3021 622 3080 semper
636 3007 674 3062 de
688 3005 870 3081 spiritalibus
895 3023 1037 3064 monean·
1091 3014 1217 3070 minima
1232 3012 1303 3080 seio,
1321 3014 1372 3069 sed
1389 3013 1415 3068 si
1429 3028 1491 3068 non
1505 3013 1546 3068 ita
1560 3017 1614 3082 est,
1628 3027 1683 3084 pro
1697 3010 1786 3067 bonis
1802 3008 1925 3080 magnis

203 3099 251 3152 tur
263 3112 299 3154 ae
309 3095 523 3169 corporalibus,
532 3095 745 3154 conclamante
760 3112 832 3167 ergo
843 3101 921 3152 terra
936 3096 1036 3154 sulcos
1091 3103 1226 3168 minima,
1254 3106 1282 3158 et
1308 3117 1363 3174 pro
1387 3101 1474 3158 bonis
1486 3101 1618 3157 minimis
1634 3099 1706 3156 mihi
1717 3098 1925 3172 respondeant

202 3185 414 3258 plangerent,
432 3201 485 3257 per
499 3185 557 3240 hoc
572 3185 653 3242 unde
668 3185 792 3242 altitudo
809 3184 1037 3255 fideliumjuste
1093 3191 1172 3248 mala
1187 3191 1314 3262 majora.
1329 3192 1472 3256 Quamvis
1490 3191 1546 3247 hoe
1573 3188 1694 3259 intelligi
1718 3192 1748 3244 et
1771 3187 1856 3244 aliter
1868 3202 1924 3260 po-

203 3279 308 3332 contra
322 3278 467 3330 rectorem
483 3273 637 3346 quaeritur,
651 3273 798 3330 uberioris
817 3275 885 3329 vitra
898 3274 1037 3330 homines
1092 3279 1157 3332 test.
1167 3279 1197 3332 ln
1213 3275 1483 3348 frumentoquippe
1499 3273 1629 3347 spiritate
1644 3271 1824 3345 opus,qucd
1837 3286 1924 3328 men-

151 3374 153 3380 ’
204 3361 569 3434 adlamentapcrrenire.
587 3360 828 3434 Snleiitaqueex
854 3367 931 3418 terra
958 3367 1036 3442 sunt,
1092 3368 1151 3421 tem
1162 3363 1265 3433 reficit,
1279 3363 1310 3420 iu
1325 3363 1438 3420 hordeo
1451 3368 1552 3420 eutem
1567 3368 1752 3420 terrenarum
1767 3360 1924 3418 remendi-

205 3455 234 3509 et
249 3455 349 3508 tamen
363 3464 381 3506 a
395 3453 475 3506 terra
487 3449 636 3506 vocabulo
651 3449 884 3522 distinguuntur,
899 3451 970 3524 quia
984 3467 1026 3524 qe
1093 3453 1244 3525 spensatio
1256 3452 1412 3522 figuratur,
1427 3453 1456 3508 in
1470 3468 1531 3525 qua
1546 3467 1626 3524 sepe
1640 3450 1715 3508 dum
1729 3449 1856 3506 infirmis
1875 3453 1922 3506 at-

205 3540 235 3595 in
265 3543 369 3594 sancta
395 3537 526 3593 Ecclesia
546 3541 680 3594 mentem
706 3553 793 3594 suam
818 3538 921 3594 labore
945 3555 1038 3594 sacras
1092 3557 1150 3614 que
1162 3535 1332 3599 carnalibus
1343 3541 1452 3598 servire
1461 3541 1606 3612 cogimur,
1618 3539 1706 3612 quasi
1714 3538 1860 3610 jumentis
1869 3537 1924 3594 ali·

206 3625 408 3683 meditationis
438 3625 587 3694 excolunt,
630 3626 742 3682 caeteris
779 3625 919 3682 fidelibus
955 3631 1037 3685 tanto
1092 3635 1194 3688 menta
1217 3646 1435 3702 praeparamus,
1458 3635 1548 3703 atque
1567 3630 1631 3704 ipse
1652 3634 1823 3687 noseorum
1847 3643 1923 3684 usus

207 3714 347 3772 meliores
376 3717 456 3785 suut,
490 3718 604 3787 quanto
636 3730 689 3788 pcr
713 3718 836 3788 accepta
859 3716 974 3772 semina
995 3717 1037 3772 fe·
1092 3735 1218 3794 operum
1233 3719 1449 3792 habetaliquid
1464 3720 1501 3776 de
1516 3718 1694 3776 admistione
1707 3717 1924 3790 pulsaremur

207 3803 322 3862 eundae
334 3819 460 3878 operum
475 3803 577 3876 fruges
588 3803 728 3861 reddunt.
759 3804 862 3862 Omnis
888 3821 959 3876 ergo
985 3805 1039 3878 qui
1091 3808 1772 3883 plerumquecontingil,utrectorquiproeest‚
1787 3805 1863 3862 dum
1877 3804 1922 3860 in·

206 3897 324 3968 proeest,
331 3893 355 3950 si
370 3909 511 3968 perversa
527 3894 557 3951 iu
569 3894 696 3951 subditis
708 3899 833 3964 exercet,
845 3895 1038 3952 contrahune
1090 3901 1170 3970 justa
1186 3901 1289 3955 contra
1303 3897 1438 3954 subditos
1453 3901 1579 3964 exercet,
1593 3896 1667 3954 dum
1680 3895 1710 3955 in
1723 3894 1806 3952 nullo
1821 3893 1922 3950 bonos

209 3990 291 4043 terna
315 3986 437 4056 chmel,
461 3990 490 4042 et
513 3986 592 4042 sulci
610 3985 741 4056 deliram
760 3983 833 4058 quia
854 3990 959 4042 contra
973 3985 1039 4056 ejus
1092 3987 1298 4046 blandimento
1313 3985 1435 4052 refovet,
1451 3985 1535 4052 dum,
1547 3985 1630 4058 quod
1642 3988 1687 4044 est
1698 3983 1830 4055 gravius,
1842 3981 1924 4038 hena

207 4075 383 4148 injustitiam
397 4074 488 4132 rudes
503 4074 626 4150 quidem
641 4073 746 4148 populi
770 4074 800 4130 in
824 4074 1037 4131 murmuratio·
1092 4081 1251 4150 operantes
1267 4091 1403 4148 quosque
1419 4075 1576 4132 exinvidia
1586 4071 1800 4143 affligitettam
1811 4071 1925 4143 siquas-

207 4165 255 4224 nis
281 4165 407 4222 vocibus
433 4169 605 4239 erumpunt,
634 4165 688 4220 sed
709 4163 831 4238 perfecti
851 4164 964 4236 quique
983 4179 1038 4237 pro
1092 4165 1164 4222 dam
1179 4165 1260 4222 bona
1270 4164 1434 4238 aliquando
1445 4164 1587 4231 laniatae
1599 4165 1623 4220 si
1635 4163 1820 4220 trumentum
1830 4165 1922 4224 serat,

208 4270 304 4328 pravo
318 4255 384 4325 ejus
397 4269 488 4328 opere
503 4269 535 4310 se
548 4253 579 4310 in
595 4252 714 4310 ssetibus
730 4251 878 4323 affligunt,
894 4252 1038 4325 quodque
1093 4271 1156 4312 sese
1170 4269 1291 4327 quoque
1303 4254 1332 4309 in
1349 4253 1439 4324 hujus
1454 4251 1819 4326 dispensationisterrenis
1831 4248 1924 4308 rebus

209 4342 338 4416 imperiti
365 4341 497 4398 clament
522 4346 551 4398 et
576 4357 638 4398 non
657 4340 769 4411 dolent,
784 4341 842 4398 hoe
857 4340 1038 4414 probatioris
1055 4307 1076 4362 Β
1092 4354 1325 4411 nonnunquam,
1336 4338 1533 4394 nonevaritiss
1543 4335 1716 4404 studio,sed
1730 4351 1785 4408 pro
1798 4333 1924 4392 utilitate

208 4430 277 4490 vitre
288 4430 413 4500 subjecti
425 4430 537 4486 deflent
549 4433 577 4486 et
591 4433 700 4486 tacent.
717 4431 855 4502 Sequitur
870 4447 877 4488 r
1093 4427 1258 4484 carnalium
1273 4427 1445 4492 miserator
1459 4426 1500 4482 sie
1515 4424 1769 4498 ejusdemlaboris
1779 4423 1922 4492 fructum,

245 4522 331 4576 Vsus.
357 4523 401 4579 39.
426 4519 461 4578 Si
472 4519 598 4590 fruetus
613 4522 676 4590 qur
691 4519 929 4590 remediumque
952 4535 1040 4590 pecu·
1092 4516 1174 4576 velut
1187 4532 1318 4574 messem
1331 4515 1433 4574 hordei
1454 4519 1613 4588 exspectet.
1637 4514 1694 4572 Sed
1707 4512 1833 4584 subjecti
1847 4527 1925 4584 quo-

210 4609 273 4668 nia.
288 4640 323 4652 -
338 4611 461 4666 Fructus
474 4606 556 4664 enim
572 4610 657 4664 terre
671 4607 787 4680 absque
802 4606 931 4680 pecunia
941 4623 1039 4666 eome-
1093 4623 1152 4680 qne
1166 4622 1221 4679 pro
1231 4621 1267 4662 eo
1281 4609 1364 4678 quod
1378 4604 1409 4661 in
1422 4604 1563 4662 maximis
1578 4607 1740 4676 gravamur
1762 4601 1867 4660 audire
1891 4600 1923 4656 iu

208 4695 346 4766 dereest,
365 4699 394 4754 et
414 4695 550 4754 Ecclesiae
577 4695 701 4770 quidem
727 4699 867 4768 sumptus
891 4695 1037 4767 accipere,
1093 4699 1158 4770 ejus
1172 4696 1260 4753 benis
1274 4694 1405 4752 minimis
1416 4699 1588 4767 nequeunt;
1603 4693 1675 4774 quia
1687 4707 1742 4750 neo
1762 4693 1820 4751 hoe
1844 4705 1924 4763 opus

210 4788 263 4846 sed
276 4787 374 4846 eidem
387 4786 523 4846 Ecclesiae
538 4785 758 4860 predicationis
770 4785 898 4842 auctoris
909 4785 1037 4858 pretium
1093 4782 1200 4856 placet,
1216 4781 1298 4854 quod
1313 4781 1433 4838 alterius
1448 4781 1546 4854 operis
1560 4781 1703 4853 injustitia
1718 4779 1835 4853 polluit,
1848 4777 1924 4851 quid

209 4891 270 4936 non
284 4877 475 4951 prebere,de
489 4892 551 4950 qua
565 4875 700 4934 videlieet
709 4875 919 4948 predicatione
932 4879 1040 4934 Aucw-
1093 4875 1280 4930 terrenarum
1294 4884 1394 4926 rerum
1408 4869 1593 4942 dispensatio
1608 4883 1663 4942 pro
1677 4867 1800 4928 utilitate
1820 4865 1925 4924 subdi·

208 4967 249 5026 ris
263 4982 337 5024 voce
351 4965 459 5024 dicitur
487 4983 495 5022 r
524 4983 539 5020 ι
564 4964 699 5037 Oporluit
714 4969 741 5022 te
752 4964 937 5024 committere
952 4980 1040 5038 pecu·
1094 4963 1192 5016 torum
1207 4956 1316 5030 suscipi
1333 4956 1471 5024 creditur,
1486 4957 1610 5030 quando
1625 4956 1650 5014 is
1663 4955 1716 5030 qui
1728 4959 1847 5030 preest,
1870 4969 1925 5012 an·

208 5055 292 5116 niam
319 5069 419 5112 meam
438 5051 660 5122 nummulariis,
686 5058 716 5112 et
739 5053 860 5111 veniens
881 5069 938 5124 ego
961 5069 1040 5112 rece·
1092 5046 1256 5118 helareper
1270 5045 1427 5104 avaritiam
1441 5045 1568 5104 videtur.
1586 5045 1670 5104 Unde
1692 5045 1726 5104 lit
1749 5049 1782 5102 ut
1802 5043 1843 5100 ad
1856 5043 1925 5117 ipsa

206 5146 320 5222 pisscru
332 5143 436 5217 utique
448 5142 642 5218 quodmeum
651 5147 715 5200 erat
727 5159 796 5200 eum
809 5159 903 5200 usura
918 5142 1037 5216 (Marte.
1093 5134 1183 5192 ctiam
1196 5148 1295 5207 pauca
1311 5133 1391 5190 bona
1405 5149 1474 5207 quta
1489 5133 1551 5190 fieri
1566 5135 1642 5192 inter
1657 5133 1752 5192 multa
1762 5131 1844 5190 male
1853 5145 1925 5188 eon·

207 5250 278 5306 ur,
293 5233 349 5307 27).
366 5250 382 5288 s
409 5230 507 5288 Terrae
525 5229 615 5302 igitur
631 5230 744 5288 tructus
771 5230 888 5303 absque
909 5230 1038 5303 pecunie
1094 5223 1234 5292 siderant,
1250 5239 1311 5280 non
1323 5223 1437 5293 laudes,
1447 5224 1499 5282 sed
1513 5227 1610 5280 metus
1623 5223 1762 5290 reddant,
1775 5225 1866 5296 atque
1881 5219 1926 5276 in-

208 5323 347 5392 comedit,
358 5321 411 5396 qui
425 5320 625 5378 ecclesiastica
638 5319 801 5377 commode
816 5319 855 5376 ad
870 5335 960 5376 usum
976 5333 1039 5374 cor·
1092 5313 1246 5370 firmantes
1257 5311 1534 5382 murmureut‚dum
1546 5311 1736 5384 perpendunt
1746 5309 1814 5384 puri
1823 5307 1925 5382 operis

208 5412 289 5486 poris
301 5411 442 5486 percepit,
460 5410 513 5468 sed
528 5410 742 5468 exhortationis
760 5407 960 5465 ministerium
985 5422 1038 5479 po·
1092 5418 1154 5460 non
1165 5419 1231 5459 esse
1246 5401 1328 5474 quod
1340 5401 1449 5458 vident.
1465 5403 1505 5458 Ac
1520 5402 1544 5457 si
1564 5415 1635 5471 ergo
1657 5405 1758 5475 aperte
1772 5401 1853 5458 dieat
1869 5416 1877 5454 ι
1894 5399 1924 5456 Si

207 5499 280 5577 pulo
294 5515 355 5558 non
366 5500 521 5574 impendit.
537 5500 675 5574 Sequitur
690 5518 695 5556 :
713 5499 753 5556 Et
765 5499 899 5554 animam
920 5496 1037 5566 aprico·
1091 5509 1204 5564 magna
1226 5507 1293 5566 quar
1322 5490 1414 5548 debui
1437 5491 1559 5550 sollicite
1582 5507 1642 5548 non
1658 5491 1725 5558 ieci,
1743 5489 1924 5563 punctiones

209 5590 387 5662 lamereias
400 5589 525 5662 affluit.
541 5620 576 5630 -
590 5586 733 5662 Agricola
748 5585 861 5666 quippe
876 5585 967 5660 hrp'us
980 5589 1038 5644 ter·
1091 5581 1255 5642 murmuris
1266 5597 1284 5639 a
1295 5579 1438 5654 subiectis
1448 5575 1924 5656 recipiam‚etiamdeboncquod

1232 5837 1361 5880 f'ffl'h‘r

1371 5879 1378 5898 h
