4106 6148
207 173 262 234 act
787 163 962 226 nemete}
982 163 1155 225 remees.
1175 161 1334 225 necuter.
1867 167 1925 220 959

206 297 282 354 liber
295 297 421 353 excessit
435 311 441 364 ;
458 294 559 366 sicque
574 308 659 362 reges
671 292 779 349 urbem
794 291 929 362 ingressi,
945 292 1072 348 comi-h
1089 294 1152 358 9311,
1167 303 1272 359 regem
1288 289 1447 346 inunxerat
1464 288 1648 344 ludovicum
1673 287 1925 346 transmarinum

207 369 340 426 1999111999
357 367 457 440 991999
481 366 505 421 19
520 365 696 422 1911991999)
711 364 818 420 iterum
842 363 1038 419 inthronizari
1089 362 1119 418 ie
1133 362 1207 418 urbe
1218 361 1363 442 taudune
1380 379 1387 428 ;
1403 375 1484 418 anne
1494 363 1559 428 939,
1574 359 1750 416 herbertum
1765 359 1819 432 qui
1833 359 1926 439 eppi-

208 441 341 496 iecerunt
354 454 408 512 per
422 383 595 502 1191991999,
610 436 812 492 trevirensem
839 434 1034 506 archiepisco·
1090 434 1129 489 da
1140 433 1283 507 quaedam
1296 432 1441 505 villasque
1455 432 1629 488 Rheinensis
1644 430 1781 487 1199199199
1808 430 1925 485 detine-

208 527 292 584 pum,
314 513 343 566 et
366 507 552 565 Frederioum
580 507 969 578 Meguntiacensem.hn110
994 521 1036 560 se·
1088 503 1485 568 bateacommunicaverah
1517 505 1664 557 99999919
1687 507 1842 576 receperat
1867 500 1925 556 sihi

231 581 322 650 uenti,
339 580 504 636 Ludevicus
514 594 565 634 rex
579 581 784 646 Mosomagum
797 581 940 647 castrum,
952 575 1035 649 99991
1090 581 1119 631 91
1134 575 1268 631 Ecclesia
1285 591 1375 631 sema
1390 573 1540 630 ludovico
1550 573 1761 629 transmarino
1773 571 1925 628 lihamen-

208 598 294 733 ί11999
306 651 425 708 1119999919
438 649 614 721 ejectussibi
630 649 799 713 retinuerat,
815 649 932 705 obsidet
947 665 952 711 ;
983 647 1035 702 sed
1091 647 1130 701 sis
1146 647 1228 702 urhis
1241 651 1394 702 monetam
1404 647 1471 717 jure
1485 648 1630 718 perpetuo
1644 643 1876 717 possidendam,
1894 649 1926 698 et

209 723 284 780 9911991
299 739 354 803 pre
366 722 445 780 votis
458 721 601 788 9111919999,
612 721 821 777 recedentibus
833 724 902 792 post
922 718 961 774 911
984 723 1037 774 991
1091 715 1836 784 99999999119199911199999999999999999999,
1889 721 1926 770 st·

210 793 378 852 obsidionis
391 791 600 850 hebdomadas
614 791 869 860 Lethariensibus,
882 790 946 864 ipse
963 735 1034 845 ine·
1091 806 1183 870 quam
1199 788 1380 868 lecelcedere
1395 792 1517 844 coactus
1541 790 1620 843 esset
1648 791 1816 867 acceperat·
1828 802 1848 842 a
1869 786 1924 841 ba-

210 883 277 923 mos
288 864 444 921 revertitur
458 881 464 930 3
478 879 573 936 eoque
589 861 679 934 paulo
689 867 765 935 post,
778 863 816 918 ad
828 863 973 919 Othonem
984 861 1037 915 cir·
1091 866 1163 916 tiam
1180 865 1272 916 9999919
1289 857 1398 928 Baseli,
1414 863 1442 913 91
1458 862 1630 914 Avenaeum
1653 861 1885 914 monasterium.

211 953 246 994 ca
260 937 369 993 testum
384 935 503 991 Paschae
516 933 659 1006 proiecto,
674 949 743 989 eum
767 933 892 1006 quidam
918 929 1038 1001 Hugoni
1126 939 1212 986 nnnc
1227 929 1788 1002 9199991999991119999119999999999999,
1813 927 1925 1000 ,19991-

211 1007 340 1082 principi
352 1005 548 1078 subjecissent
562 1008 792 1061 Durocortorum
802 1003 887 1060 199119
895 1004 961 1075 9991
969 1018 1037 1076 pes-
1091 1007 1139 1057 tes
1153 1017 1243 1075 papa,
1258 1002 1359 1058 litteris
1373 1001 1566 1056 restitutionis
1581 1001 1646 1071 ejus
1660 1001 1815 1073 scisceptis,
1842 999 1926 1054 misit

212 1093 257 1146 se,
270 1079 318 1134 hic
329 1077 497 1149 conscripto
509 1076 612 1144 milite,
626 1076 714 1149 quasi
731 1092 802 1132 mox
823 1079 965 1148 capturus
993 1090 1037 1130 es·
1091 1074 1235 1130 vicarium
1252 1089 1340 1130 suum
1355 1073 1500 1130 Marinum
1515 1071 1692 1144 episcopum
1703 1071 1744 1127 ad
1772 1072 1925 1129 Othonem

212 1156 266 1216 set,
283 1165 351 1205 eam
366 1151 471 1204 urbem
484 1164 554 1202 cum
569 1151 691 1216 lingone
704 1147 830 1219 presule
846 1145 1037 1216 aggrediter3
1091 1161 1193 1214 regem
1204 1161 1258 1218 pro
1270 1143 1466 1200 convocanda
1481 1142 1612 1214 generali
1638 1143 1767 1214 synodo.
1792 1145 1925 1210 Congre-

212 1226 242 1278 at
251 1221 328 1290 regis
335 1224 364 1275 et
373 1218 484 1275 arialdi
495 1218 638 1274 militibus
653 1217 764 1274 fortiter
779 1234 842 1273 sese
857 1217 1036 1290 opponenti·
1093 1223 1161 1286 gata
1175 1222 1221 1272 est
1232 1215 1282 1271 illa
1296 1213 1403 1271 eodem
1418 1230 1509 1284 anne,
1523 1231 1564 1270 vn
1579 1213 1619 1270 id.
1634 1213 1723 1284 Junii,
1750 1213 1781 1269 in
1805 1211 1924 1294 palatie

212 1287 1036 1363 bus,oetavopostquamadveneratdieillususrecessit.
1093 1286 1308 1356 ingulenheim,
1324 1286 1425 1358 ibique
1439 1300 1541 1341 coram
1572 1281 1694 1354 regibus
1720 1289 1748 1340 91
1771 1283 1925 1358 episcopis

248 1362 365 1418 interim
374 1363 450 1418 inter
463 1377 493 1416 se
503 1365 630 1417 tractant
643 1375 728 1431 reges
745 1360 912 1416 hadericus
927 1365 954 1414 91
963 1359 1039 1416 Otho
1092 1359 1221 1414 recitata
1236 1363 1306 1413 sunt
1320 1358 1424 1413 litterae
1437 1356 1558 1413 Artaldi.
1573 1357 1643 1412 Post
1653 1371 1783 1428 quarum
1812 1356 1926 1410 littera·

211 1433 393 1489 definienda
407 1433 610 1488 controversia
625 1448 679 1504 pre
695 1432 955 1504 archiepiscopatu
966 1431 1038 1486 ithe-
1093 1446 1161 1485 rum
1177 1430 1437 1493 recitationem-et
1450 1444 1555 1484 earum
1570 1432 1692 1500 prepter
1720 1441 1807 1496 reges
1835 1427 1927 1497 juxta

212 1505 319 1572 mensi,
335 1504 506 1575 indictoque
535 1508 684 1558 coiiventu
712 1520 801 1574 super
829 1504 954 1558 (lberam
984 1501 1038 1554 ilu-
1092 1501 1301 1557 Thudesticam
1315 1500 1450 1626 1199999999
1465 1499 1748 1572 191999991911999999,
1765 1497 1923 1565 ingressus

211 1575 306 1646 vium,
317 1574 450 1648 episcopi
460 1591 527 1630 99999
541 1575 679 1646 utrinque
690 1574 860 1628 discurrunt
875 1592 880 1638 ;
893 1571 954 1636 sed,
967 1573 1039 1643 qiua
1093 1571 1218 1644 qnidam
1235 1571 1352 1638 Sigebal
1377 1588 1420 1639 us,
1437 1569 1582 1642 praemissi
1597 1569 1728 1638 lingonis
1739 1568 1865 1624 clericus
1882 1575 1926 1623 at-

212 1647 355 1718 synedice
368 1645 541 1714 congregati
552 1661 614 1699 non
642 1645 775 1712 lucrant,
802 1643 953 1698 altercatio
984 1646 1074 1701 ter-B
1094 1643 1158 1698 tulit
1169 1643 1289 1703 litteras,
1306 1657 1382 1714 quas
1399 1642 1494 1697 Roma
1510 1641 1665 1710 detulerat,
1692 1655 1831 1712 quasque
1858 1639 1925 1708 iam

212 1718 321 1772 minari
332 1733 394 1772 non
405 1717 509 1788 potuit.
527 1717 625 1786 igiter,
639 1715 738 1769 99991119
749 1732 853 1770 mense
869 1713 1037 1779 accerseri,
1093 1715 1124 1770 in
1139 1713 1197 1770 alia
1208 1714 1324 1786 synodo
1340 1714 1464 1770 ldosonii
1475 1711 1695 1786 propalaverat,
1711 1725 1852 1766 asserens
1861 1725 1927 1765 eas-

213 1787 350 1860 synodus
376 1787 517 1841 habenda
544 1786 746 1848 denuntietur,
778 1786 939 1856 relictoque
964 1785 1040 1838 inter
1094 1786 1164 1840 dem
1178 1785 1289 1840 litteras
1301 1784 1357 1839 sibi
1369 1787 1468 1839 11999999
1481 1783 1519 1839 ab
1535 1783 1674 1856 ipso‚qui
1684 1782 1797 1848 aderat,
1810 1782 1925 1838 hiarino

213 1874 317 1914 meres
329 1857 588 1929 archiepiscopatu
602 1873 694 1928 penes
710 1856 897 1926 arthaldum,
925 1855 1040 1924 hugoni
1094 1857 1205 1912 vicarie
1219 1856 1316 1912 datas.
1330 1855 1386 1920 Oui
1399 1855 1531 1912 domnus
1545 1854 1674 1912 ltarinus
1687 1853 1856 1926 preferens,
1880 1852 1928 1908 lit—

213 1944 395 1984 remanerea
420 1925 459 1983 ud
479 1931 683 1996 Mosomagum
706 1927 906 2000 permittitur;
936 1931 966 1982 at
992 1926 1040 1980 hic
1096 1933 1172 1982 teras
1197 1943 1273 1997 (ruas
1298 1927 1378 1981 idern
1408 1925 1583 1994 Sigebaidus
1609 1925 1734 1981 Romam
1762 1922 1924 1980 detulerat.

213 1999 365 2072 repulsam
376 1945 1040 2055 91199999991999999911999199111991999999919
1094 1999 1234 2071 praecepit
1248 2014 1298 2053 eas
1310 2013 1412 2052 eoram
1428 1997 1545 2068 synode
1566 1996 1682 2051 recitari
1699 2013 1705 2064 ;
1736 1996 1766 2050 in
1790 2011 1927 2067 quarum

213 2073 318 2140 Acuta,
334 2071 518 2125 sororissum
534 2069 651 2137 marite,
664 2069 750 2126 villas
766 2074 961 2124 Durocortoro
972 2083 1041 2123 cen·
1095 2069 1265 2125 recitatione
1287 2073 1438 2140 repertum
1463 2073 1508 2122 991
1536 2066 1927 2140 9999119999111199991919-

214 2141 312 2210 tiguas
322 2141 478 2196 vindemias
494 2145 627 2214 tempere
639 2142 813 2197 devastavit.
831 2139 970 2212 synodus
990 2139 1041 2207 igi·
1095 2140 1214 2208 bantur,
1230 2140 1313 2212 qued
1327 2139 1398 2195 Vide
1414 2139 1574 2210 episcopus
1590 2137 1809 2202 suessionicus,
1829 2137 1927 2191 Hilde-

214 2217 260 2268 tur
275 2212 396 2268 Virduni
410 2211 584 2279 celebratur,
599 2212 775 2284 praesidente
792 2211 918 2268 Roberte
942 2209 1040 2266 Trevi-
1095 2208 1645 2284 399199999999Β91999999919,119991
1669 2209 1726 2263 hus
1746 2208 1928 2264 baudeneh-

173 2305 184 2320 .
213 2283 291 2340 99991
304 2283 441 2356 praesule,
465 2300 534 2338 cum
561 2283 702 2338 arthaldo
731 2283 899 2348 Rhemensi‚
929 2277 1040 2337 Odalri-
1095 2281 1618 2352 9199991991999999911[1999999919
1654 2281 1796 2334 ioeceseos
1807 2265 1920 2350 9919991

214 2371 250 2411 ce
276 2354 409 2426 aquensi
443 2353 774 2419 9991999999111919991,
793 2354 913 2409 Goslino
928 2352 1041 2407 Tullen·
1117 2353 1123 2407 i
1140 2353 1261 2407 easdem
1274 2353 1385 2407 litteras
1399 2352 1551 2407 adsedem
1576 2349 1778 2420 delegaverint
1805 2355 1927 2421 aposte-

214 2425 249 2493 si,
264 2397 440 2481 Hildebaltio
455 2425 698 2494 Transrhenensi,
712 2424 817 2504 israele
827 2424 954 2504 Britone,
966 2437 1041 2495 pree·
1093 2369 1183 2479 119999
1195 2439 1250 2496 999
1263 2423 1476 2479 restauratione
1493 2421 1624 2486 lingonis
1637 2422 1666 2476 in
1681 2421 1752 2477 sede
1774 2420 1925 2500 1119999999-

216 2501 299 2552 99919
312 2512 374 2568 que
397 2512 433 2551 ue
449 2497 587 2550 Brunone
603 2495 722 2561 abbate,
736 2512 814 2564 regis
832 2496 954 2552 Othonis
980 2494 1039 2549 ira·
1095 2496 1128 2562 si,
1145 2501 1173 2550 et
1185 2494 1361 2566 expulsione
1377 2493 1520 2550 9191199191.
1538 2497 1604 2548 Post
1617 2508 1747 2565 quarum
1761 2491 1926 2547 lectionem

214 2512 434 2638 9999999199
450 2567 539 2622 etiam
550 2571 578 2621 et
589 2548 712 2622 Odilene
725 2565 886 2621 abbatibus
898 2563 1040 2620 cumaliis
1094 2570 1288 2635 exsurgentes
1305 2565 1465 2647 hrtlialdes
1480 2563 1589 2638 praesul
1608 2571 1636 2620 et
1655 2563 1797 2636 praelatus
1818 2563 1926 2617 liodol-

214 2637 445 2704 nonnullis3ad
457 2653 551 2708 quam
564 2639 646 2706 llugo
658 2637 800 2692 canonice
819 2641 942 2692 vocatus
971 2651 1039 2690 cum
1094 2638 1173 2710 phus
1188 2637 1239 2710 qui
1255 2635 1367 2691 eisdem
1378 2636 1480 2692 litteris
1507 2634 1732 2702 nominabatur,
1764 2633 1924 2689 Fulbertus

213 2708 315 2763 venire
330 2705 484 2776 noluisset,
499 2707 673 2762 ithemensis
689 2707 877 2781 episcopatus
897 2705 1040 2762 arthaldo
1093 2723 1216 2780 quoque
1232 2707 1454 2764 Cameracensis
1465 2707 1600 2775 antistes,
1611 2722 1663 2761 eas
1686 2706 1797 2761 litteras
1811 2704 1926 2760 991919-

215 2778 406 2849 adjudicatus
420 2782 472 2833 est.
487 2777 544 2833 Sed
557 2794 625 2833 cum
641 2794 687 2833 res
702 2779 828 2834 nimium
843 2778 974 2850 implexa
998 2793 1041 2831 es
1093 2785 1172 2844 runt,
1189 2783 1353 2833 astruentes
1368 2779 1514 2850 quotieas
1529 2783 1787 2848 anteanunquam
1797 2775 1927 2831 viderint

215 2855 267 2917 set,
284 2865 339 2905 nec
351 2848 510 2904 commode
522 2864 575 2922 per
590 2849 788 2922 provinciales
814 2849 973 2922 episcopos
1001 2848 1041 2902 vi·
1094 2849 1140 2904 vei
1154 2849 1311 2916 audierint,
1326 2865 1423 2921 neque
1437 2849 1467 2904 in
1480 2864 1585 2905 aarum
1596 2848 1783 2918 delegatione
1798 2863 1926 2902 eonsen-

214 2919 333 2976 deretur
357 2935 447 2993 posse
475 2920 627 2993 componi,
654 2920 766 2992 placuit
794 2935 875 2977 anno
903 2917 1040 2992 sequenti
1095 2919 1362 2992 sumpreebuerint.
1377 2919 1575 2986 Quibusdam
1590 2919 1670 2974 idem
1698 2917 1824 2974 clericus
1854 2933 1927 2973 cen-

215 2991 338 3064 plenum
350 2990 510 3047 concilium
523 2991 682 3047 convocari
692 2991 721 3046 in
736 2990 860 3047 eeclesia
871 2990 966 3046 sancti
992 2992 1041 3045 Pe-
1054 2995 1079 3052 O
1094 2991 1182 3047 traire
1196 3006 1257 3046 non
1271 2995 1383 3063 posset,
1396 2991 1464 3046 licet
1486 2991 1517 3046 in
1540 3006 1593 3046 cos
1622 2989 1781 3046 calumniis
1809 2987 1926 3044 obstre-

214 3063 250 3118 tri
262 3063 348 3134 juna
360 3065 566 3132 Mosomagum
581 3078 618 3117 ex
632 3062 811 3118 dioecesibus
825 3061 986 3118 Trevirensi
1005 3077 1040 3117 ac
1094 3077 1179 3135 pens,
1194 3077 1291 3134 praece
1314 3062 1335 3116 it
1348 3061 1479 3117 domnus
1499 3061 1638 3130 llarinus,
1667 3075 1832 3130 suggerens
1861 3060 1926 3114 uni

214 3134 386 3190 ltbemensi.
400 3133 530 3190 Veniens
542 3137 643 3190 autem
654 3133 723 3188 illuc
735 3133 821 3203 Huge
832 3131 951 3205 praesul,
965 3131 1042 3188 etlo-
1096 3149 1188 3188 versae
1199 3149 1276 3205 syno
1299 3149 1328 3202 ο,
1341 3137 1374 3188 ut
1382 3133 1438 3188 sihi
1446 3131 1604 3190 consilium
1615 3137 1644 3188 et
1650 3137 1765 3188 rectum
1774 3129 1924 3202 judicium

214 3209 300 3262 cutus
315 3221 385 3260 cum
398 3204 524 3260 lieberto
537 3203 702 3260 trevirensi
723 3203 960 3276 archiepiscope,
987 3201 1039 3276 qui
1094 3204 1362 3330 proferrentsuper
1374 3203 1550 3276 hujusmodi
1564 3202 1790 3268 calumniatore,
1819 3205 1851 3257 et
1875 3217 1924 3256 ca-

214 3292 251 3332 99
260 3275 408 3346 legatione
417 3275 537 3356 speciali
549 3275 674 3332 coneilio
688 3275 877 3346 praesidebat,
889 3273 1040 3346 synodum
1108 3275 1279 3330 emniarum
1293 3275 1324 3329 in
1337 3275 1478 3347 episcopo
1491 3274 1632 3331 delatore.
1649 3273 1735 3330 Atilii
1781 3277 1925 3344 ostquam

213 3345 309 3402 noluit
322 3345 448 3416 ingredi.
465 3346 586 3402 Litteras
595 3363 665 3402 vero
676 3345 799 3418 hgapeti
813 3361 900 3418 papae
911 3343 992 3400 misit
1002 3343 1041 3400 ad
1095 3345 1210 3401 delator
1222 3343 1341 3418 publice
1355 3347 1525 3402 9991919199
1539 3350 1584 3401 991
1598 3343 1672 3402 19199
1686 3344 1736 3399 (191
1771 3343 1841 3410 sse,
1866 3343 1925 3398 lec-

214 3416 1041 3544 1111191111111111191111191111
1096 3413 1925 3544 teterltitldeati{tristitiis

214 3557 245 3614 id
260 3529 603 3638 99199999919199199,
618 3529 1040 3682 91119999911119999999999911-
1096 3575 1167 3614 nere
1188 3558 1297 3639 privari
1325 3557 1445 3629 debere,
1470 3575 1505 3616 ac
1533 3503 1700 3614 secantium
1720 3555 1926 3638 capitulorum

214 3627 683 3704 (199919999999999999.0991999
723 3634 794 3684 ecus
823 3627 1042 3700 responderunt
1095 3635 1228 3686 tenerem
1242 3646 1272 3685 99
1285 3629 1421 3686 exsilium
1436 3629 1558 3686 retrudi.
1570 3629 1748 3685 Diaconatus
1760 3628 1925 3700 igiturque

214 3697 347 3779 episcopi
358 3714 526 3768 congruum
541 3714 603 3755 non
617 3714 681 3756 esse
695 3703 727 3755 ut
739 3699 908 3780 apostelicae
922 3698 1042 3768 legatio·
1095 3700 1277 3768 fungebatur
1292 3700 1455 3757 ministerio
1470 3700 1623 3762 multatus,
1649 3715 1667 3756 9
1688 3703 1854 3772 conspectu
1880 3717 1895 3753 s
1916 3729 1927 3738 -

213 3769 1041 3848 9999999919999911919991999919199999999999999999-
1095 3771 1166 3828 nodi
1176 3771 1354 3844 reprobatus
1368 3771 1519 3828 abscessit.
1535 3771 1679 3828 Arlhaldo
1704 3785 1775 3826 vere
1812 3786 1871 3826 9999
1907 3770 1925 3838 “,

214 3839 499 3914 gibusetepiseopis
514 3847 686 3914 susceptum
702 3841 927 3898 intermitterent
953 3857 1009 3914 pro
1094 3842 1147 3916 qui
1170 3842 1312 3900 omnibus
1336 3859 1366 3898 99
1391 3843 1515 3915 synodis
1543 3847 1721 3924 presentem
1747 3857 1762 3897 9
1810 3841 1815 3852 ”
1843 3845 1927 3897 99991

214 3909 999 3984 199199911119999,99991991919199919999919919119
1030 3943 1041 3954 ·
1095 3929 1156 3970 nou
1171 3913 1320 3984 refugiens
1331 3913 1476 3986 synodale
1483 3913 1641 3986 judicium,
1651 3911 1840 3988 episcopium
1853 3911 1927 3968 11199

127 4017 131 4024 ·
214 3983 245 4039 di
259 3981 395 4055 presulis
409 3983 569 4040 exhibebat
585 4001 592 4051 ;
616 3984 717 4056 sicque
743 3983 865 4041 recitate
892 3983 1042 4052 Carthagi·
1096 4000 1199 4040 mense
1207 3985 1218 4055 j
1224 3989 1293 4041 9919
1307 4001 1459 4042 canonum
1473 3985 1617 4050 instituta,
1631 3989 1660 4040 91
1674 3989 1852 4040 sanctorum
1873 3985 1926 4039 Pa-

214 4053 316 4110 nensis
332 4053 450 4110 concilii
464 4053 560 4128 capite
576 4059 618 4120 19,
634 4055 677 4111 De
691 4062 830 4112 99999919
847 4061 875 4112 91
890 4061 1042 4111 accusate·
1096 4061 1175 4112 199999
1191 4055 1322 4121 decreta,
1335 4055 1460 4112 omnino
1488 4055 1678 4112 retinendum
1702 4059 1792 4128 atque
1819 4053 1925 4127 dispe

214 4140 257 4193 re,
270 4123 439 4196 judicatum
448 4128 493 4181 est
503 4129 544 4192 ut,
559 4125 701 4182 aribaldo
709 4127 884 4198 parochiam
898 4127 1041 4182 lihamen·
1095 4125 1230 4182 nendum
1246 4125 1424 4194 decernunt,
1452 4127 1578 4184 laudant
1602 4131 1692 4200 atque
1714 4123 1924 4182 corroborant.

216 4211 280 4251 sem
295 4196 448 4277 retinente,
461 4195 558 4266 Hugo,
575 4193 628 4268 qui
656 4195 792 4252 adduas
818 4197 882 4267 jam
907 4195 1041 4278 synodos
1097 4197 1235 4254 Secunda
1247 4197 1447 4254 consessionis
1476 4198 1534 4266 die,
1561 4203 1629 4272 pest
1652 4196 1789 4254 recitatas
1815 4197 1925 4252 divinar

215 4270 453 4346 vocetusvemre
467 4271 697 4339 contempserat,
724 4283 742 4323 a
772 4279 985 4323 communione
1014 4271 1042 4323 et
1080 4267 1923 4340 ¹auctoritatislectiones,ethiariuiricariiallocutionem,

215 4335 545 4416 regimmellhemansis
558 4337 1039 4410 99199991191991199991,(19999999
1057 4349 1078 4401 1)
1096 4339 1244 4409 suggessit
1256 4339 1387 4396 domnus
1402 4340 1547 4396 liebertus
1572 4339 1749 4398 Trevirensis
1763 4339 1925 4411 archiepis·

215 4406 417 4488 pmversalem
431 4407 581 4489 synodum
604 4424 637 4464 se
657 4413 839 4482 purgaturus
864 4413 1040 4476 occurreret,
1095 4427 1200 4484 copus,
1217 4413 1249 4466 ut
1262 4410 1407 4484 queniam
1421 4412 1506 4484 juxta
1521 4427 1612 4468 sacrae
1627 4409 1701 4480 legis
1717 4411 1853 4466 instituta
1867 4425 1926 4464 res

214 4493 225 4534 1
248 4494 376 4557 sumque
390 4477 554 4552 capitulum
572 4495 644 4534 mox
672 4479 702 4534 in
725 4481 827 4536 charta
846 4479 1040 4552 descriptum,
1095 4482 1215 4538 titutum
1227 4485 1317 4555 atque
1331 4487 1531 4538 restauratum
1550 4483 1646 4538 iuerat
1674 4481 1844 4538 Rhemense
1871 4483 1924 4535 19-

237 4547 481 4631 91199119999999999
497 4565 584 4606 suam
600 4549 717 4620 Hugoni
743 4551 898 4622 miserunt,
915 4551 966 4622 qui
994 4549 1041 4605 die
1096 4551 1198 4607 thaide
1210 4551 1330 4625 praesuli
1345 4553 1542 4626 episcopium,
1558 4554 1587 4610 in
1601 4553 1739 4624 ejusdem
1750 4552 1829 4608 sedis
1839 4552 1924 4608 inra-

207 4625 363 4702 sequentr,
378 4638 428 4678 xix
444 4619 821 4702 lial.l⁴“ebruar..eamdem
830 4621 956 4703 lieberto
965 4636 1041 4748 999·
1097 4638 1224 4678 sorems
1247 4624 1355 4682 nodulo
1384 4631 1576 4698 perageretur
1596 4623 1754 4695 judicium.
1784 4623 1925 4694 Praecepit

215 4691 285 4748 111199
300 4692 436 4748 chartam
450 4691 573 4760 remisit,
585 4691 729 4764 adjiciens
742 4709 774 4748 se
799 4709 903 4749 eorum
929 4708 963 4763 Ju
986 4707 1041 4747 9999
1095 4693 1196 4766 itaque
1237 4695 1337 4750 9919999
1351 4695 1480 4752 vicarius
1496 4701 1528 4752 91
1549 4695 1725 4752 canonicam
1755 4694 1926 4766 superbae

215 4777 367 4888 9999999999
382 4764 668 4837 obtemperaturum.
1096 4765 1329 4892 praesumptione
1344 4767 1479 4838 synodus
1494 4767 1637 4839 proterret
1657 4765 1847 4822 sententiam.
1874 4768 1925 4820 19-

251 4837 286 4914 A,
310 4833 488 4890 Arthaldum
503 4833 587 4907 qued
599 4835 711 4902 attinet,
725 4831 749 4890 is
762 4831 869 4890 dicitur
881 4831 970 4888 luisse
990 4835 1043 4890 Oo-
1118 4840 1204 4891 entur
1214 4851 1285 4906 erge
1301 4843 1411 4892 sanetae
1423 4837 1497 4906 legis
1510 4837 1635 4910 99919991
1649 4836 1789 4910 capitula,
1807 4836 1924 4902 Quibus

216 4901 304 4958 donis
317 4905 475 4974 cuiusdam
493 4905 591 4961 irater.
608 4909 768 4978 Postquam
783 4909 1041 4960 autemcxmona-
1095 4907 1233 4975 recitatis,
1249 4907 1415 4963 secuudum
1431 4925 1587 4965 sacrorum
1601 4924 1754 4965 canonum
1775 4908 1924 4974 instituta,

217 4973 274 5030 che
287 4973 391 5054 11199991
412 4975 482 5055 iano
495 4975 590 5033 lactus
603 4981 680 5032 esset
695 4975 939 5049 archiepiscopus
968 4976 1041 5031 11199-
1096 4983 1124 5034 91
1136 4981 1307 5032 sanctorum
1322 4977 1439 5036 decreta
1451 4983 1581 5040 Patrem,
1594 4979 1674 5046 Sixti,
1691 4977 1864 5042 alexandri,
1879 4983 1925 5034 in-

216 5059 339 5126 mensis,
355 5061 375 5117 p
418 5061 480 5101 9999
493 5053 649 5118 acceperat
664 5053 730 5119 post
744 5063 860 5104 annum
880 5045 1040 5103 ordinatio·
1096 5047 1234 5115 nocentii,
1245 5049 1363 5116 Zozimi,
1379 5049 1828 5118 9999119911,0919911991999919,
1842 5051 1928 5106 89999-

216 5131 263 5197 nis
276 5133 349 5186 suae,
359 5116 490 5182 ,missum
501 5115 558 5172 sibi
568 5133 621 5198 per
628 5117 743 5198 legatos
753 5119 887 5174 Ecclesiae
897 5117 1041 5198 1119999999-
1096 5118 1204 5186 machi,
1221 5125 1637 5203 caeterorumquesanctorum
1648 5121 1786 5178 Ecclesiae
1795 5121 1846 5176 Oei
1857 5109 1928 5177 floc-

217 5203 257 5244 999
273 5189 418 5245 91999999
454 5203 523 5262 999,
538 5186 598 5244 11199
613 5191 718 5258 Mariae,
734 5205 801 5262 quas
817 5195 845 5246 et
859 5191 986 5246 11999999
1000 5187 1041 5243 dr·
1097 5196 1204 5261 terum,
1220 5197 1566 5262 excommunicaverunt,
1583 5197 1611 5248 et
1638 5191 1677 5249 ab
1707 5191 1845 5248 Ecclesia
1877 5193 1927 5248 Dei

216 5257 351 5331 debatur,
367 5259 412 5315 vel
422 5203 461 5316 aq>
477 5257 621 5326 alberico,
634 5259 769 5332 patricio,
783 5259 870 5316 199199
881 5259 975 5340 ipsius
991 5275 1042 5332 pa·
1096 5260 1209 5332 gremio
1220 5261 1392 5344 repulerunt
1404 5263 1581 5338 praedictum
1598 5265 1752 5336 llugenem
1777 5263 1927 5320 lihamen·

216 5346 274 5402 pa.
290 5331 370 5386 i'une
392 5347 472 5388 anne
501 5335 564 5398 933,
589 5329 770 5404 praesederat
795 5349 863 5388 cum
891 5331 1041 5386 ’19991999
1097 5333 1137 5387 919
1152 5333 1287 5389 Ecclesiae
1300 5349 1504 5406 pervasorem,
1532 5334 1629 5392 donec
1653 5333 1693 5390 ad
1717 5333 1925 5407 penitentiam

217 5401 379 5456 'turonensi
393 5401 521 5458 antistite
535 5402 652 5474 synodo
668 5401 760 5458 Casiri
785 5400 965 5463 Theoderici,
995 5417 1043 5456 re
1097 5409 1125 5460 et
1139 5403 1263 5472 dignam
1279 5405 1510 5462 satisfactionem
1526 5406 1627 5461 venire
1640 5411 1824 5478 procuraret.

185 5537 190 5548 .
217 5469 347 5542 demque
362 5489 443 5530 anuo
458 5479 685 5530 consecraverat
710 5471 921 5542 llibdegarium
950 5473 1042 5526 Bello·
1136 5475 1246 5530 Eodem
1259 5492 1339 5532 anuo
1351 5475 1481 5534 interluit
1495 5477 1656 5533 arthaldus
1671 5475 1798 5532 concilio
1827 5476 1925 5532 Trevi-

217 5555 388 5610 vacensem,
419 5559 454 5600 ac
481 5543 1044 5626 1919991990999999999199999991999-
1098 5545 1189 5616 99991,
1199 5547 1418 5603 ethudevicum
1428 5545 1926 5605 LudeviciTransmarinifiliumde

216 5627 294 5685 pes;
319 5627 400 5668 anno
426 5619 489 5678 9³5,
516 5615 675 5695 concilium
710 5613 911 5670 celebraverat
933 5613 1044 5669 tinibus
1099 5633 1184 5673 serre
1194 5619 1275 5674 reete
1289 5621 1427 5688 suscepit,
1440 5617 1471 5674 id
1486 5623 1540 5684 est,
1548 5619 1718 5693 baptizavit.
1735 5619 1864 5674 llicrero
1876 5617 1927 5672 de·

218 5681 302 5764 apud
316 5685 452 5764 sanctam
467 5687 606 5750 Macram,
624 5683 844 5757 Wriredumque
859 5683 1045 5742 monachum
1100 5689 1170 5744 sinit
1185 5688 1341 5746 Fledoardi
1354 5689 1488 5748 19919919.
1500 5695 1587 5747 Anno
1599 5691 1715 5748 circiter
1730 5690 1782 5748 950
1792 5693 1926 5746 1999919-

218 5751 407 5813 erdmarerat
427 5767 460 5811 m
487 5754 664 5833 episcopum
689 5757 930 5827 tarvanensem
961 5771 1042 5817 anno
1096 5759 1130 5821 lit
1137 5763 1312 5820 avenarum
1324 5759 1405 5821 idem
1419 5762 1530 5838 999991
1543 5777 1653 5838 corpus
1682 5765 1793 5822 sancta
1807 5759 1925 5818 9991199
