4104 6162
90 101 138 156 etr
457 85 458 90 '
496 99 542 158 un
560 98 638 157 vira
654 107 682 157 s.
703 95 857 156 creator
876 80 1017 156 corrrrs‘
1036 95 1212 156 rualene.
1233 127 1267 140 -
1286 99 1351 157 tra.
1371 101 1393 156 1.
1748 105 1802 164 esa

89 220 362 290 cerdote,Witardo
374 237 506 298 qunque,
519 227 548 282 et
561 222 620 280 alio
633 221 800 280 audeberto
810 219 918 278 nobili·
973 219 1092 278 mulum
1106 235 1208 292 suum,
1222 235 1315 294 quem
1328 221 1360 279 in
1374 221 1458 282 coebs
1472 227 1654 296 remunerat,
1668 224 1758 284 etism
1769 225 1802 286 in

88 310 147 368 bus
157 309 250 379 laicis,
264 311 316 368 sod
331 315 361 368 et
370 311 435 368 aliis
444 311 686 386 quampluribus,
696 310 734 368 de
744 309 881 368 moribus
891 313 920 366 et
974 309 1069 380 terris,
1085 324 1188 366 eoram
1211 309 1273 366 suis
1287 312 1545 386 contemptoribus
1559 313 1686 372 oxalut:
1702 319 1735 372 ut
1747 331 1802 391 per

89 399 234 475 qualitate
254 399 320 456 vitre
337 400 402 472 ejus
416 401 562 458 haetenus
576 399 822 474 disquisivimus:
838 405 937 457 nunc¹
974 398 1032 456 boc
1050 397 1132 472 quod
1155 397 1227 456 loris
1242 397 1349 470 agitur,
1362 399 1486 458 interius
1504 401 1555 458 liei
1581 407 1802 478 contemptores

89 487 192 559 simul,
207 503 289 550 nuno
303 488 451 558 semotim,
467 489 542 563 quid
556 488 668 560 singuli
682 488 824 556 dicerent,
836 487 921 545 velsi
974 488 1107 554 rideant,
1121 489 1193 562 quia
1207 503 1305 546 vanus
1329 503 1392 546 uon
1414 494 1459 546 est
1482 490 1535 564 qui
1560 492 1733 562 servitDeo,
1748 493 1802 552 sed

89 578 121 635 in
147 575 276 634 dicendo
302 576 360 634 sibi
387 577 613 646 concordarent,
630 577 765 635 certatim
791 577 922 651 inspexi·
975 574 1130 650 sicutipse
1150 581 1286 640 testatur,
1300 577 1353 651 qui
1367 575 1536 649 glorificant
1556 593 1638 648 eum,
1657 580 1802 652 glorifica·

89 682 170 736 mus,
187 665 273 722 tacite
300 665 512 739 expendentes,
528 665 553 722 si
575 665 645 724 talis
667 665 729 723 vita
751 665 818 738 ejus
831 668 920 734 esset,
974 663 1019 722 bit
1032 681 1095 737 eos,
1108 669 1137 724 et
1160 665 1213 740 qui
1233 670 1429 724 contemnunt
1449 681 1530 736 eum,
1545 667 1621 724 eruit
1642 659 1800 740 ignobiles.

89 756 140 813 eui
153 754 227 812 iorte
246 753 391 812 miracula
411 755 631 813 convenissent.
647 757 806 828 Comperto
820 757 921 812 autem
975 753 1123 820 Quoniam
1137 767 1209 812 vero
1223 753 1305 812 hune
1319 755 1370 812 liei
1381 754 1536 812 bominem
1550 754 1582 812 in
1594 756 1732 831 exemplo
1745 774 1801 832 po-

88 859 185 920 quam
199 843 335 915 religiose
349 843 465 910 vixerit,
480 847 509 902 et
522 843 606 919 quod
627 859 709 901 nunc
728 847 806 901 licus
821 843 853 900 in
867 859 923 902 sue
976 841 1106 900 nnubus
1129 841 1234 922 datum
1257 843 1418 914 credimus,
1438 843 1565 901 viderint
1590 842 1648 918 ipsi
1675 845 1802 918 qualiter

90 932 187 1006 gratia
202 931 338 1005 pluribus
357 931 475 989 indiciis
489 947 556 990 esse
571 932 791 1004 monstraverit,
803 932 869 1005 jam
884 929 923 989 de
975 945 1056 1000 eum,
1071 929 1147 988 sieut
1160 931 1298 1002 aricino,
1313 936 1342 990 et
1362 932 1400 988 de
1419 947 1475 988 suo
1496 931 1601 990 ordine
1622 931 1678 989 sibi
1698 933 1802 1006 praala-

88 1023 157 1094 ejus
171 1020 326 1078 sanctitate
348 1020 486 1078 dubitare
501 1021 704 1096 nequivimus.
720 1020 811 1092 Magis
830 1019 921 1100 mira·
976 1023 1040 1078 tum
1051 1019 1218 1077 imitentur:
1234 1036 1272 1078 ne
1284 1020 1359 1079 forte
1367 1021 1443 1078 sicut
1450 1021 1555 1093 regina
1564 1021 1662 1079 Austri
1669 1021 1800 1092 ledeos,

90 1127 170 1180 mur3
184 1109 267 1185 quod
282 1109 313 1167 ln
325 1109 383 1168 hac
395 1113 499 1167 nostra
513 1113 609 1179 atae,
625 1125 695 1166 cum
708 1110 773 1184 Jam
792 1108 922 1167 charitas
976 1111 1019 1168 sic
1038 1110 1093 1168 iste
1116 1111 1147 1168 in
1168 1110 1284 1184 judicio
1304 1111 1485 1169 condemnet
1498 1127 1559 1169 cos.
1576 1115 1634 1170 lios
1648 1112 1802 1170 suemus

89 1216 169 1274 pene
182 1204 244 1257 lota
256 1197 429 1270 refrigescit,
443 1198 572 1257 instante
586 1198 749 1257 antichristi
776 1202 921 1272 tempore,
976 1200 1042 1272 ejus
1058 1199 1175 1257 acbbus
1186 1199 1378 1258 occasionem
1393 1204 1556 1270 sumentes,
1570 1200 1684 1274 aliquid
1698 1201 1738 1259 ed
1751 1217 1802 1259 eo-
1894 1265 1901 1282 Ι

90 1293 265 1347 sauctorum
280 1288 426 1346 miracula
440 1303 559 1346 cessere
571 1289 689 1346 debeat.
707 1288 765 1347 Sed
778 1287 922 1346 nimirum
976 1287 1061 1344 edem
1076 1291 1212 1361 potentes
1224 1288 1472 1357 commonendos,
1483 1288 1535 1346 ubi
1549 1305 1580 1346 se
1595 1289 1803 1363 opportunitas

91 1395 155 1435 sue
168 1377 377 1453 promissionis
400 1381 446 1436 est
467 1391 593 1446 memor,
606 1377 680 1452 quia
694 1391 748 1450 per
761 1376 920 1434 teremiam
975 1376 1145 1450 prebuerit,
1162 1376 1239 1434 sicut
1250 1376 1388 1448 rogastis,
1403 1378 1602 1434 annectimus.
1612 1378 1764 1452 Siquidem
1774 1381 1804 1436 et

90 1467 179 1525 dicit:
204 1467 272 1525 Non
287 1467 422 1524 desinam
449 1465 623 1537 benefacere
637 1466 753 1537 populo
767 1481 829 1523 meo
845 1465 918 1536 (Jer.
975 1464 1107 1521 domnus
1119 1463 1229 1537 Turpio
1242 1465 1451 1538 episcopus,et
1462 1464 1672 1522 dilectissimus
1685 1467 1803 1524 mihine

90 1573 181 1626 xxxii,
200 1559 257 1623 to).
274 1559 315 1615 lte
337 1555 396 1613 hoo
410 1558 511 1613 aubm
535 1555 601 1628 ejus
621 1554 778 1612 benetaero
797 1555 957 1650 testath
975 1551 1154 1610 venerabilis
1169 1551 1266 1610 abbas
1280 1553 1389 1626 aymo,
1405 1569 1476 1610 cum
1490 1552 1556 1610 aliis
1570 1554 1803 1628 quampluribus

90 1645 262 1719 apostolus,
278 1643 380 1702 diceus
393 1644 463 1720 quia
489 1645 568 1701 licus
581 1643 612 1702 in
627 1642 710 1701 nudo
725 1641 834 1700 saecum
855 1641 920 1699 sine
975 1641 1070 1699 multa
1091 1641 1121 1698 ri
1143 1657 1267 1716 precum
1285 1657 1334 1699 me
1346 1645 1518 1714 coegerunt,
1533 1646 1567 1700 ut
1578 1642 1643 1700 hec
1661 1643 1804 1714 aggrede-

90 1734 262 1791 testlmonlo
293 1733 490 1806 semetipsum
516 1731 699 1806 relinquens,
728 1729 921 1789 benefaciens
975 1747 1031 1790 rer.
1048 1734 1123 1790 Cum
1136 1731 1260 1805 quidem
1273 1745 1378 1788 veram
1390 1730 1503 1788 inertia
1514 1730 1803 1804 prestandissemex-

91 1821 185 1880 corda
198 1821 357 1879 homiuum
370 1820 471 1879 leuda
484 1819 598 1894 implet.
621 1819 651 1878 Si
664 1834 737 1892 ergo
748 1817 858 1876 divine
873 1818 923 1875 be·
975 1818 1172 1890 cusationem,
1188 1819 1267 1878 male
1282 1835 1313 1876 se
1328 1819 1521 1888 rixarentur
1533 1820 1598 1877 bec
1609 1819 1805 1894 aggressipo·

89 1911 229 1982 nignitati
242 1911 308 1983 ejus
320 1911 426 1984 placet,
444 1909 539 1983 utqui
553 1907 622 1966 iecit
634 1924 705 1966 cum
718 1906 856 1982 patribus
869 1907 923 1963 mi·
976 1908 1034 1964 tius
1049 1908 1128 1981 stylo
1150 1909 1357 1982 proderentur.
1375 1913 1410 1966 at
1433 1925 1490 1982 ego
1512 1909 1703 1984 perpendens
1719 1909 1804 1984 qnod

89 1999 464 2072 rabilia,nostrisquoque
479 1997 660 2068 glorificetur
673 1995 869 2068 temporibus,
880 1995 924 2051 in·
976 1996 1082 2053 humili
1109 2011 1231 2070 quoque
1259 1997 1372 2054 bomini
1394 2013 1545 2072 pomposa
1565 1997 1670 2056 ralatio
1701 1999 1803 2056 minus

88 2087 208 2144 creduli
220 2101 415 2160 nequaquam
428 2101 494 2144 esse
507 2084 665 2142 debemus.
682 2082 768 2152 Quod
781 2086 881 2141 autem
895 2089 924 2140 et
977 2089 1133 2156 congruat,
1147 2085 1240 2143 iidem
1266 2101 1338 2143 vero
1359 2085 1445 2143 dietis
1459 2086 1579 2144 testium
1594 2086 1728 2144 adhibui.
1749 2085 1804 2152 oui

88 2175 123 2232 in
136 2174 194 2231 isto
207 2179 353 2248 tempore,
368 2177 398 2232 et
409 2187 464 2248 par
484 2171 664 2231 modernum
688 2171 844 2230 hominem
858 2171 923 2228 baec
978 2173 1066 2244 signa
1078 2172 1203 2247 quidem
1217 2189 1285 2248 qua
1297 2173 1404 2244 vulgus
1414 2174 1518 2247 magni
1529 2174 1651 2248 pendet,
1657 2189 1719 2232 non
1728 2175 1806 2232 mul·

89 2261 195 2320 divina
217 2261 404 2336 dispensatio
428 2261 513 2334 gerit,
527 2261 586 2319 boc
600 2261 743 2318 nimirum
759 2275 825 2317 esee
839 2259 922 2317 vide·
978 2267 1007 2319 ta
1018 2261 1191 2332 retulerunt,
1204 2262 1256 2319 sed
1267 2261 1490 2337 disciplinatum
1502 2263 1622 2321 vivendi
1629 2263 1767 2336 modum,
1776 2267 1806 2321 et

90 2357 152 2422 tur,
166 2350 239 2424 quia
254 2352 319 2424 jam
346 2355 454 2410 cuncte
476 2353 650 2408 sauotmum
673 2355 752 2406 retro
775 2347 854 2406 iacta
878 2347 923 2406 rel
976 2365 1070 2424 opera
1084 2350 1296 2408 misericordie
1313 2367 1382 2424 quae
1405 2351 1578 2422 neomagis
1600 2351 1728 2426 placent,
1742 2367 1805 2410 non

90 2441 183 2512 dicta,
199 2439 287 2514 quasi
302 2443 439 2497 morbiue
454 2438 576 2496 acorde
594 2441 791 2496 recesserunt.
808 2440 841 2494 lit
852 2453 923 2494 cum
975 2455 1086 2515 pauca.
1099 2443 1175 2497 Nam
1186 2443 1246 2497 linx
1259 2440 1291 2496 in
1303 2440 1417 2514 judicio
1430 2440 1532 2498 multis
1545 2440 1599 2515 qui
1609 2441 1806 2515 prophetave-

89 2529 204 2586 viriste
220 2528 348 2597 Domini,
362 2528 440 2586 sicut
453 2527 484 2584 in
506 2526 615 2584 diebus
634 2531 694 2584 Noe
707 2530 844 2600 repertus
864 2529 920 2593 est,
976 2532 1054 2596 runt,
1071 2530 1100 2584 at
1113 2525 1215 2584 multis
1229 2529 1281 2600 qui
1306 2527 1400 2598 digna
1422 2528 1566 2599 lecerunt,
1581 2527 1678 2586 dicet:
1698 2529 1805 2587 Nescio

91 2619 148 2694 qui
161 2619 328 2676 secundum
342 2617 442 2690 legem
457 2617 571 2686 vixerit,
580 2617 662 2674 hunc
676 2617 777 2691 ipsum
792 2618 869 2674 Deus
883 2616 923 2674 ad
976 2632 1027 2674 uos
1039 2616 1159 2686 (Metel.
1175 2632 1240 2684 xxv,
1257 2617 1309 2686 lt).
1326 2616 1381 2679 Qui
1390 2631 1461 2675 vero
1469 2616 1619 2690 justitiam
1630 2621 1804 2692 operantur,

92 2706 297 2764 testimonium
311 2705 495 2763 intuentibus
510 2703 627 2777 ingerit,
642 2709 675 2762 ut
685 2703 821 2762 videntes
839 2703 923 2778 quod
976 2705 1007 2762 in
1021 2720 1084 2778 qua
1097 2703 1241 2762 Geraidus
1254 2721 1347 2778 quam
1367 2705 1498 2762 maxime
1511 2705 1650 2772 excrevit,
1675 2705 1805 2763 audibui

86 2796 170 2870 juste
185 2800 214 2853 et
227 2795 275 2870 pie
287 2795 403 2867 vixerit,
418 2795 458 2852 ad
477 2795 543 2867 eius
555 2793 762 2861 imitationem,
778 2797 922 2867 tauquam
978 2798 1066 2850 sunt:
1089 2794 1200 2864 Venite,
1212 2793 1359 2852 benedicti
1371 2795 1472 2852 Patria
1478 2795 1538 2852 mei
1545 2795 1666 2866 (dietih.
1675 2795 1803 2868 nudi).

90 2886 131 2942 de
146 2885 285 2958 proximo
309 2883 552 2958 resplendentem
576 2882 655 2939 acies
677 2881 775 2940 cordis
794 2879 921 2952 evigilet.
978 2885 1012 2940 El
1022 2897 1126 2939 revera
1137 2881 1239 2954 qualia
1254 2886 1324 2939 sunt
1336 2887 1420 2954 gesta
1431 2897 1485 2956 per
1499 2897 1568 2956 quie
1582 2882 1648 2948 lob,
1661 2882 1765 2950 David,
1776 2885 1806 2940 et

91 2979 151 3032 Nec
167 2973 358 3032 observantia
383 2971 598 3032 mandatorum
623 2971 674 3029 liei
688 2971 787 3042 gravis
802 2973 854 3028 aut
867 2969 923 3026 im·
977 2969 1099 3041 Tobiae,
1115 2971 1144 3026 et
1158 2968 1207 3026 alii
1221 2969 1417 3044 quamplures
1440 2969 1658 3040 beatificantur,
1673 2985 1735 3027 non
1749 2970 1806 3028 ista

91 3063 245 3136 possibilis
258 3060 587 3136 estimatur,quoniam
602 3059 726 3136 quidem
741 3059 805 3116 haec
820 3057 924 3116 alaico
977 3073 1046 3132 qua
1069 3055 1214 3116 beraldus
1240 3057 1338 3129 egisse
1357 3056 1583 3131 comprobatur.
1600 3056 1649 3113 llis
1670 3072 1742 3128 ergo
1766 3056 1808 3114 ita

93 3156 125 3210 at
138 3155 258 3225 potente
272 3151 395 3209 bomine
419 3150 579 3208 observata
596 3149 721 3206 videtur.
735 3147 810 3205 Nihil
824 3151 924 3205 autem
979 3146 1182 3215 consideratis,
1208 3146 1328 3203 credere
1351 3145 1425 3202 mibi
1451 3161 1631 3220 persuasum
1654 3143 1809 3219 estquod

93 3241 205 3298 mentis
219 3240 373 3314 ignaviam
387 3240 517 3298 deterius
528 3239 632 3311 nubit,
645 3253 741 3312 quam
761 3239 820 3295 hoc
840 3236 924 3311 quod
979 3234 1122 3294 Geraldus
1134 3237 1308 3292 sancimum
1318 3233 1586 3305 consortiodignus
1596 3233 1705 3308 sit,per
1714 3247 1808 3307 quem

92 3329 168 3388 boni
183 3329 230 3387 vel
244 3329 317 3387 mali
331 3328 431 3402 operis
450 3326 616 3398 rebibubo,
630 3341 699 3400 qua
713 3325 871 3399 posthanc
884 3324 926 3382 vi·
979 3324 1070 3382 edam
1101 3323 1230 3382 coelestis
1257 3327 1465 3382 remunerator
1491 3322 1638 3381 miracula
1669 3323 1809 3394 dignetm

92 3423 160 3477 tam
171 3417 533 3492 restat,inpresentinou
545 3415 735 3488 recogitatur.
746 3415 811 3482 Quo
822 3419 927 3472 contra
979 3412 1106 3488 operari.
1125 3411 1183 3471 Sed
1203 3413 1283 3471 banc
1301 3412 1521 3487 apologeticam
1542 3411 1751 3487 praefationem
1765 3415 1808 3470 te-

92 3512 199 3566 monet
210 3523 268 3565 uos
279 3507 443 3582 Scriptura,
459 3510 491 3564 ut
503 3505 536 3564 in
554 3503 697 3564 omnibus
715 3503 857 3577 operibus
870 3519 925 3561 no·
979 3507 1094 3573 xenbs,
1117 3500 1170 3558 diu
1183 3500 1293 3571 locuti;
1318 3502 1384 3574 jam
1407 3501 1447 3560 ad
1469 3500 1587 3558 initium
1613 3500 1757 3576 loquendi
1777 3500 1810 3558 in

95 3595 167 3654 abis
176 3611 381 3656 memoremus
390 3593 556 3654 novissime
565 3597 677 3652 nostra.
687 3595 767 3650 licus
778 3591 868 3664 igitur
879 3590 925 3650 ta·
981 3589 1222 3649 Christinomine
1236 3589 1404 3648 veniamus.

731 3864 902 3952 LIBER
958 3862 1190 3952 PRIMUS.

134 4114 156 4167 l.
172 4109 220 4168 Vir
233 4108 323 4182 igitur
346 4107 464 4167 Domini
485 4103 630 4165 nardaus
654 4120 692 4163 ea
714 4107 799 4178 parte
823 4102 966 4170 Gallia-1)
987 4107 1050 4162 tam
1084 4101 1186 4171 rebus,
1214 4117 1309 4176 quam
1349 4098 1497 4174 probitate
1531 4113 1664 4165 mamm,
1690 4097 1812 4170 genero·

94 4215 179 4270 rum,
204 4215 272 4274 quae
300 4197 341 4256 ab
369 4197 500 4271 aanuis
529 4195 637 4254 Celtica
662 4197 799 4265 vocatur,
825 4193 926 4252 oriun-
985 4192 1045 4250 sior
1066 4191 1223 4250 videretur.
1251 4193 1353 4248 Fertur
1379 4188 1460 4246 enim
1489 4187 1574 4263 quod
1606 4190 1746 4263 parentes
1779 4185 1813 4244 il·

95 4289 160 4348 due
185 4287 259 4358 luit,
287 4286 449 4346 terrritorio
469 4284 616 4355 videlicet,
640 4283 725 4359 quod
757 4287 802 4341 est
826 4287 930 4341 Arver-
983 4281 1041 4339 lius
1065 4281 1246 4339 modestiam
1267 4285 1357 4353 atque
1371 4276 1545 4350 religionem
1563 4275 1655 4335 veluti
1676 4275 1812 4352 quadam

96 4377 187 4438 nensi
222 4379 313 4452 alque
348 4374 537 4444 caturcenci‚
564 4389 621 4431 nec
657 4389 720 4430 non
757 4373 848 4430 etiam
880 4370 931 4428 lil-
983 4369 1172 4430 hereditaria
1186 4370 1255 4428 dote
1270 4369 1327 4427 sibi
1342 4366 1499 4426 cauerint.
1516 4367 1607 4441 Ctvjus
1619 4365 1661 4425 rei
1679 4365 1742 4424 duo
1755 4369 1814 4424 tes·

96 4465 198 4525 biensi
224 4465 446 4524 conterminum
469 4463 537 4538 (rt),
562 4461 676 4537 oppido
703 4461 751 4518 vel
777 4460 848 4518 villa
874 4463 933 4516 liu·
985 4463 1028 4518 tes
1062 4475 1099 4516 ex
1130 4458 1237 4517 eadem
1262 4457 1354 4531 stirpe
1384 4458 1571 4527 emergentes
1603 4454 1744 4523 existunt,
1773 4453 1814 4512 ad

97 4555 228 4624 reliaco,
256 4559 341 4630 patre
369 4553 513 4622 Geraldo,
541 4555 637 4610 matre
662 4567 735 4609 vero
767 4549 932 4608 addenda
985 4549 1043 4607 hoc
1065 4546 1262 4607 astruendum
1289 4543 1371 4604 satis'
1387 4544 1506 4603 idonei:
1533 4547 1655 4600 sanatus
1677 4541 1815 4599 videlicet

98 4645 287 4722 progenitus.
312 4643 416 4703 Carnis
436 4641 590 4700 nobilitate
611 4645 676 4700 tam
700 4639 877 4698 excellenter
893 4635 931 4695 il·
986 4637 1060 4712 (75)
1096 4637 1241 4696 cesarius
1281 4633 1461 4692 Arelatensis
1495 4631 1656 4706 episcopus
1685 4629 1760 4702 (76)
1785 4631 1815 4686 et
1911 4704 1915 4723 Ι

98 4733 214 4806 lustris,
228 4737 261 4792 ut
274 4733 350 4792 inter
372 4731 539 4791 Gallicanas
554 4729 683 4789 familias
700 4729 765 4802 ejus
779 4727 931 4803 prosapia,
985 4724 1094 4782 beatus
1116 4723 1240 4781 aredius
1254 4720 1363 4781 abbas.
1380 4723 1414 4778 Et
1430 4719 1503 4794 quia
1524 4716 1670 4775 Dominus
1684 4716 1716 4774 in
1728 4729 1816 4789 gene·

138 4841 197 4914 (74)
289 4842 294 4854 '
346 4841 394 4898 oet
407 4839 483 4897 oilla
496 4837 670 4903 Aurelium,
686 4840 825 4894 cestrnm
839 4835 934 4892 Aure-
988 4829 1146 4888 lerinense
1168 4827 1387 4886 monesterium
1415 4827 1446 4883 in
1483 4839 1578 4890 essue,
1601 4839 1639 4882 ox
1664 4823 1815 4882 monacho

101 4913 234 4970 diocense
268 4911 320 4967 ixit
340 4910 418 4968 inira
438 4924 506 4992 cap.
523 4907 659 4990 athejas
673 4907 724 4964 lib.
742 4907 764 4976 l,
780 4911 808 4964 et
825 4922 891 4988 cap.
904 4908 933 4978 4,
987 4899 1349 4982 postmodumibiiactus
1363 4901 1408 4955 est
1469 4896 1544 4979 bas;
1566 4900 1595 4954 et
1608 4895 1679 4980 inde
1692 4895 1815 4978 tandem

99 4983 156 5040 lib.
169 4997 200 5051 u,
210 4983 405 5040 Aureliorum
417 4981 535 5052 insane
543 4980 706 5049 praedium.
716 4977 859 5035 Geraldus
869 4991 933 5104 ipse
987 4973 1242 5046 poneremini
1266 4969 1306 5028 ad
1330 4968 1508 5028 meletenus
1532 4966 1668 5026 Ecclesiae
1693 4965 1816 5050 pontifi·

100 5067 207 5112 comes
229 5051 436 5122 Aureliorum,
459 5049 617 5108 Gerbertus
634 5049 824 5106 andiacum.
839 5050 882 5105 vu
895 5061 934 5119 go
988 5043 1069 5101 cium
1093 5044 1278 5114 assumptus.
1292 5039 1402 5097 Habuit
1414 5043 1443 5097 et
1464 5053 1598 5096 sororem
1616 5049 1741 5119 ncuuue¹
1755 5039 1816 5094 ca-

100 5139 163 5182 nos
176 5123 328 5181 Acrillae.
989 5114 1112 5183 sariam,
1127 5127 1221 5186 quam
1245 5114 1382 5170 sanctam
1394 5109 1541 5182 virginem
1563 5113 1624 5168 ileo
1644 5109 1765 5170 dicavit,
1780 5119 1815 5162 ao

138 5193 195 5278 (75)
211 5193 360 5276 Ceronius
370 5192 556 5276 Arelatensis
564 5191 732 5318 fferam:
746 5210 760 5238 «
773 5187 834 5270 llic,
846 5191 879 5245 ut
885 5187 933 5270 in·
988 5183 1127 5269 canobio
1141 5183 1293 5266 virginum
1314 5181 1464 5266 arelatis
1482 5195 1514 5238 se
1528 5182 1698 5238 constructo
1712 5173 1817 5248 prele-

100 5269 171 5340 qmt
190 5267 357 5340 cyprianus
379 5279 445 5336 ejus
466 5262 563 5335 diserp
595 5279 642 5344 us,
663 5259 797 5318 territorii
821 5256 936 5316 cabulo
988 5259 1037 5340 cit.
1052 5253 1111 5338 Sed
1123 5253 1249 5328 qualiter
1269 5269 1306 5311 ex
1320 5265 1385 5326 ejus
1400 5255 1491 5326 stirpe
1511 5253 1539 5308 S.
1547 5247 1699 5332 'Geraldus
1721 5246 1816 5300 Aura·

102 5335 207 5394 nensis
219 5335 312 5393 fertur
324 5334 414 5392 luisse
428 5333 679 5405 indigenacrqus
715 5327 935 5387 erautcsiortu-
988 5327 1128 5384 haccnsis
1152 5340 1254 5383 comes
1274 5339 1425 5396 emergere
1438 5324 1576 5396 potuerit,
1590 5322 1632 5374 utr
1644 5317 1729 5374 notat
1749 5329 1817 5372 san·

101 5423 146 5465 na
160 5407 378 5490 egregiaeque
393 5419 433 5488 'aa
445 5403 600 5488 prosapia,
615 5419 677 5477 quo
714 5397 891 5480 estillustre,
907 5401 936 5480 et
989 5395 1232 5465 ctus0do,mil1i
1246 5401 1324 5453 certe
1338 5393 1476 5478 nondum
1489 5390 1591 5462 liquet.
1648 5459 1681 5474 ..
1798 5459 1803 5470 Ι

102 5473 936 5607 lt:litttttilllttlttllletftttdtdt.
989 5469 1258 5597 ..libide
1271 5457 1817 5608 ddtellt'eltltltltltt

1094 5582 1102 5610 t
1675 5571 1683 5600 t
