4110 6138
180 65 188 82 ι
253 123 306 178 679
751 159 753 166 .
783 113 811 171 S.
832 112 965 170 0⁰0le
978 111 1126 170 taetus
1140 110 1391 170 ctumlcertsls
1411 110 1435 164 11
1476 164 1478 173 ,
1911 105 1959 160 tet

253 255 371 314 semper
384 239 434 295 lex
448 236 564 294 ltomini
577 239 740 294 resonaret.
753 239 926 294 Namsaora
939 234 1081 308 quaedam
1137 234 1219 292 vocis
1246 235 1312 306 eius
1329 229 1499 303 benigniter
1526 227 1712 288 intendebat.
1744 229 1836 284 Tanto
1864 229 1957 284 autem

251 329 345 386 verba
371 327 428 384 sibi
452 329 618 396 notaverat,
648 342 715 400 que
742 324 949 399 corporalibus
977 321 1082 380 officiis
1137 323 1236 381 studio
1262 321 1483 398 procurabatur
1505 324 1540 376 ut
1560 333 1681 392 semper
1702 315 1789 390 juxta
1808 314 1958 374 ecclesiam

252 417 409 475 convenire
432 415 623 473 videbantur.
652 418 687 473 Ut
709 419 754 473 est
777 415 861 480 illud,
885 429 974 471 mane
989 413 1083 487 prius·
1134 412 1345 487 hospitaretur,
1361 408 1640 484 uipermultorum
1652 421 1805 464 annorum
1819 404 1959 462 curricula

251 521 345 579 quam
359 505 444 578 loqui
457 504 610 578 inciperet,
626 503 764 561 dicebat:
778 503 1016 571 PonaDomice,
1033 518 1083 559 cu·
1135 505 1242 574 praeter
1268 499 1433 558 oratorium
1457 496 1541 555 nulla
1563 499 1651 552 nocte
1675 496 1822 564 maneret,
1841 495 1957 563 excepta

251 595 380 653 stodiam
395 597 443 652 ori
464 609 538 664 meo,
565 598 591 652 et
616 594 722 650 ostium
745 593 979 650 circumstantie
995 591 1082 649 tabiis
1134 606 1280 664 unaque
1288 588 1387 648 natale
1396 583 1723 645 innocentiumttineris
1731 581 1855 652 contigit
1863 594 1956 638 causa

250 685 322 742 mes
337 685 432 753 (Psoi.
449 699 512 751 oxu,
529 683 567 754 e),
583 685 612 738 ct
625 686 732 740 cetera
756 681 931 754 hujusmodi
954 696 1023 754 quas
1042 679 1082 737 ad
1135 682 1227 756 Copia
1252 697 1324 738 vero
1338 679 1513 738 clericorum
1534 691 1653 751 semper
1669 690 1740 732 cum
1755 671 1956 737 comitabatur,

251 773 387 845 singulos
402 772 573 846 coaptabat,
595 771 732 828 videlicet
757 787 826 828 eum
854 769 1080 843 expergisceret,
1135 787 1205 828 cum
1232 770 1343 844 quibus
1371 769 1402 826 in
1425 767 1526 825 divim
1548 781 1638 841 opere
1658 763 1769 838 jugiter
1790 758 1956 819 insudabat

252 879 323 920 cum
336 862 374 919 de
387 861 464 918 lecto
479 864 622 932 surgeret,
638 877 707 917 cum
724 860 835 932 caligas
846 859 991 928 indueret,
1011 875 1082 915 cum
1135 860 1238 919 Omnis
1260 864 1361 917 autem
1385 861 1550 932 apparatus
1564 853 1782 912 ecclesiasticus
1801 849 1958 907 ministerio

251 951 462 1009 indumentum
481 951 529 1007 vel
557 949 732 1008 cinctorium
759 953 899 1020 sumeret,
923 949 983 1004 sive
1004 951 1082 1005 certe
1134 949 1303 1007 necessario
1316 965 1386 1006 cum
1399 963 1435 1005 eo
1450 945 1575 1021 perinde
1584 943 1744 1011 terebatur,
1760 957 1831 998 cum
1843 955 1905 1013 quo
1918 937 1958 993 di·

253 1059 323 1100 cum
337 1043 401 1112 iter,
416 1039 464 1096 vel
478 1038 560 1096 aliud
573 1039 720 1113 quidlibet
740 1038 892 1111 inciperet,
919 1036 960 1094 ita
985 1041 1018 1094 ut
1039 1053 1082 1094 se
1134 1037 1212 1096 vinae
1236 1036 1384 1094 servitutis
1409 1051 1487 1109 opus
1513 1033 1626 1105 ingenti
1646 1047 1719 1089 cura
1741 1033 1771 1087 et
1787 1027 1957 1094 reverentia,

253 1131 387 1189 cundum
399 1128 533 1203 Apostoli
547 1127 671 1200 dictum,
696 1128 800 1185 omnia
821 1128 853 1184 in
880 1127 1003 1184 nomine
1028 1129 1083 1184 llo-
1134 1127 1244 1186 festivis
1259 1127 1367 1185 diebus
1386 1126 1518 1184 maxime
1533 1124 1701 1197 gerebatur.
1724 1125 1875 1180 Nocturno
1890 1123 1958 1176 tem-

252 1220 326 1277 mini
347 1219 443 1276 iacere
466 1217 627 1274 videretur.
656 1220 880 1290 Nonnunquam
911 1230 983 1272 sane
1011 1231 1081 1271 cum
1134 1233 1207 1292 pore
1222 1216 1391 1274 cunctosin
1406 1215 1536 1274 oratorio
1561 1213 1673 1270 diuam
1696 1209 1862 1286 prevenire
1888 1207 1958 1264 sole

252 1307 423 1378 contigisset
449 1322 517 1363 eum
547 1322 617 1362 cum
641 1305 756 1379 paucis,
777 1303 825 1360 vel
848 1303 947 1360 solum
967 1303 1079 1372 sedere,
1134 1307 1275 1380 bat3quo
1289 1305 1417 1380 expleto,
1432 1305 1516 1362 solus
1532 1317 1688 1362 remanere
1711 1299 1817 1358 solitus
1833 1302 1907 1356 erat.
1931 1299 1960 1352 lit

250 1397 354 1455 nescio
369 1397 442 1471 quid
457 1397 509 1453 diu
528 1401 631 1452 tacens
651 1393 864 1465 meditabatur,
885 1396 914 1450 et
941 1393 1081 1465 lacrymis
1134 1401 1205 1454 tunc
1218 1397 1361 1469 temporis
1376 1398 1459 1452 tanto
1471 1393 1601 1464 dulcius,
1630 1393 1745 1465 quanto
1766 1393 1794 1446 et
1812 1387 1959 1448 secretius,

252 1486 386 1542 suffusus
399 1484 562 1557 suspirium
576 1483 615 1540 ab
630 1483 691 1540 imo
704 1485 834 1556 pectore,
854 1485 950 1538 totum
965 1496 996 1537 se
1012 1496 1082 1537 eon·
1134 1487 1258 1542 interna
1272 1485 1440 1542 dulcedinis
1452 1499 1594 1558 saporem
1608 1479 1799 1552 degustabat.
1820 1475 1958 1546 Quando-

252 1573 376 1646 cutiens,
389 1572 535 1642 trahebat,
560 1574 593 1628 ui
615 1571 702 1628 facile
725 1569 887 1643 quisquam
911 1572 1013 1642 P⁰⁵⁸⁰i
1030 1568 1081 1625 ad·
1098 1563 1120 1617 Β
1135 1591 1194 1649 que
1221 1579 1322 1632 autem
1339 1573 1426 1632 laetus
1452 1578 1481 1630 et
1504 1572 1613 1641 alacer,
1635 1570 1684 1628 vel
1707 1569 1747 1627 ad
1770 1571 1960 1640 stratumpro

251 1667 376 1732 vertere,
391 1661 464 1735 quia
476 1676 563 1717 mens
576 1660 642 1731 eius
656 1659 715 1716 alio
727 1657 890 1732 pendebat,
914 1661 943 1715 et
960 1657 991 1714 in
1006 1674 1081 1732 prie—
1133 1669 1279 1738 tempore,
1298 1662 1347 1720 vel
1358 1662 1399 1720 ed
1413 1678 1484 1721 sues
1499 1659 1718 1733 egrediebatur.
1737 1655 1838 1716 Talem
1852 1655 1960 1730 quippe

253 1752 329 1809 senti
343 1750 580 1808 consolationem
603 1764 666 1805 non
686 1747 820 1805 heberet.
847 1747 915 1805 iulo
939 1751 1003 1805 erat
1016 1747 1081 1819 etus
1132 1753 1391 1812 vivendimodum
1404 1751 1631 1810 conversatione
1646 1748 1704 1806 sihi
1727 1745 1908 1822 praefixerat,
1931 1749 1962 1801 ut

253 1839 447 1913 colloquium,
462 1837 522 1896 talc
538 1837 698 1908 silentium,
714 1840 749 1892 ut
762 1853 796 1894 os
810 1837 875 1909 eius
890 1836 1082 1893 annuntiaret
1133 1844 1262 1918 quisque
1292 1858 1401 1900 senem
1425 1841 1546 1916 sepiens
1567 1840 1735 1906 miraretur,
1756 1836 1839 1911 quod
1863 1835 1895 1892 in
1914 1834 1960 1890 illo

251 1929 375 1988 laudem
388 1927 516 1996 Domini,
532 1931 561 1984 et
573 1925 727 1984 meditatio
741 1925 840 1982 cordis
854 1925 932 1982 illius
956 1924 987 1982 in
1012 1941 1081 1982 con·
1133 1937 1216 1990 ente
1230 1931 1357 1990 eoelesfie
1372 1931 1467 2002 gratie
1481 1928 1685 1988 eonfluxigset,
1696 1929 1780 1984 guno
1791 1924 1883 1982 estem
1894 1939 1961 1980 con-

252 2020 357 2092 SPQGiu
369 2017 434 2088 eius
445 2020 531 2072 08301·
1133 2020 1273 2078 versandi
1284 2019 1412 2076 modum
1426 2018 1455 2076 in
1470 2017 1607 2076 exteriori
1631 2013 1858 2074 conversatione
1874 2000 1961 2068 'teue-

287 2107 353 2164 xvi.
368 2108 630 2164 Noverantautem
644 2103 701 2174 sui,
716 2101 801 2178 quod
823 2102 975 2174 religionis
996 2101 1081 2160 habi·
1132 2111 1195 2182 bat,
1207 2115 1241 2168 ut
1252 2109 1379 2168 ministri
1393 2109 1458 2183 ejus
1481 2112 1587 2166 netum
1608 2106 1763 2174 heberent,
1787 2102 1916 2178 qualiter
1932 2103 1962 2158 in

251 2198 315 2252 ium
329 2197 392 2251 toto
403 2193 474 2250 nisu
488 2193 636 2267 cupiebat·
653 2193 711 2251 Sed
735 2209 805 2250 eum
828 2197 906 2250 esset
924 2192 1079 2266 providus,
1132 2198 1258 2271 singulis
1268 2198 1341 2255 anni
1354 2197 1540 2271 temporibus
1553 2198 1783 2254 conversaturus
1801 2195 1892 2248 esset.

251 2284 445 2342 considerans
459 2283 531 2357 quia
554 2281 738 2356 professores
762 2281 901 2338 sublimis
924 2281 1079 2356 propositi,
1168 2291 1247 2346 llVll.
1268 2287 1522 2346 Consuetudinem
1540 2285 1597 2342 sibi
1614 2283 1725 2341 iecerat
1752 2281 1826 2354 (108)
1853 2284 1887 2338 ut
1907 2282 1961 2336 lio-

250 2373 325 2430 dum
340 2371 440 2430 saculi
455 2387 559 2428 amore
572 2373 816 2444 corrumpuntur,
831 2369 952 2441 gravius
966 2369 1006 2427 ab
1021 2369 1081 2426 alto
1132 2392 1216 2434 mem
1227 2374 1413 2448 frequentius
1428 2373 1532 2432 adiret.
1554 2375 1655 2430 Fertur
1675 2375 1776 2428 autem
1798 2367 1884 2442 quod
1907 2367 1961 2424 illic

249 2467 352 2534 ruunt,
370 2463 462 2521 satius
480 2461 642 2518 estimavit
664 2461 706 2516 sic
730 2464 819 2525 stare,
847 2475 942 2534 quam
965 2457 1081 2532 ubsque
1134 2480 1342 2539 saepenumero
1352 2463 1503 2538 protectus
1515 2463 1561 2520 sit.
1576 2464 1744 2518 assertores
1754 2464 1857 2516 amen
1870 2458 1962 2514 nostri

249 2551 385 2625 probatis
400 2549 646 2624 cooperatoribus
667 2564 731 2606 rem
755 2552 817 2604 tam
841 2548 969 2606 arduam
987 2551 1081 2605 atten-
1132 2555 1170 2612 de
1187 2557 1302 2627 septem
1315 2552 1431 2610 vicibus
1445 2550 1517 2608 certi
1531 2553 1609 2606 sunt.
1637 2553 1722 2618 Nam,
1748 2546 1821 2621 quia
1844 2547 1892 2604 vis
1908 2546 1961 2602 hu-

250 2644 323 2698 tare.
352 2639 381 2698 si
405 2639 493 2712 igitur
513 2643 616 2696 votum
635 2637 714 2694 illius
732 2637 886 2711 inspicias,
906 2637 1080 2695 monastices
1133 2658 1232 2699 manee
1246 2646 1362 2698 natura
1377 2644 1432 2707 est,
1445 2644 1479 2697 ut
1492 2653 1611 2712 semper
1622 2637 1726 2694 lumen
1739 2635 1810 2694 velit
1818 2635 1961 2709 aspicere,

249 2725 445 2801 professionis
466 2725 559 2782 tidem
588 2726 702 2784 Christo
726 2740 779 2799 per
806 2724 997 2783 devotionem
1022 2741 1082 2782 scr·
1132 2733 1178 2789 vir
1192 2731 1256 2800 iste,
1272 2747 1343 2788 eum
1357 2733 1435 2787 esset
1446 2727 1597 2803 spiritalis,
1619 2725 1661 2783 illi
1678 2723 1861 2783 ducmnndi
1874 2723 1960 2780 lumi-

249 2815 340 2873 vavit.
352 2817 385 2871 lit
396 2813 462 2872 laus
474 2813 562 2870 valde
575 2813 710 2870 eminens
729 2816 785 2882 est,
811 2813 843 2869 in
865 2813 971 2870 babitu
990 2829 1081 2870 saecu·
1133 2821 1229 2892 neria,
1244 2822 1366 2878 Petrum
1381 2818 1492 2876 scilieet
1505 2822 1534 2875 et
1547 2815 1685 2884 paulum,
1705 2814 1876 2890 spiritaliter
1898 2829 1961 2870 em-

249 2903 315 2974 lttl‘i,
328 2903 479 2976 religionis
494 2903 648 2977 proposito
662 2901 810 2960 deservire
826 2919 833 2958 τ
848 2902 953 2960 sieute
976 2907 1080 2961 eontra
1097 2916 1118 2972 (1
1133 2909 1236 2967 hiebai
1250 2911 1435 2984 spectare.Et
1444 2906 1591 2981 quoniam
1604 2906 1687 2980 ipsos
1698 2904 1830 2962 necdum
1844 2902 1963 2960 volebat

249 2994 339 3052 nimie
352 2993 588 3066 ignominiosum
612 2996 665 3062 0⁵²,
689 2992 745 3050 ⁸111)
768 2992 906 3066 fliusdflm
927 2991 1079 3064 religionis
1133 2999 1251 3068 intueri,
1266 2997 1499 3056 loculoseorum
1513 2993 1669 3069 attempta
1687 2995 1797 3068 sepius
1819 2993 1961 3056 invisens,

248 3083 427 3141 indumento
441 3083 586 3141 seculum
599 3081 754 3157 quesisse.
772 3084 846 3139 cum
867 3097 939 3154 ergo
961 3082 1007 3140 vir
1024 3083 1079 3140 isto
1132 3106 1180 3147 res
1204 3088 1384 3147 aeacidem
1405 3087 1494 3146 beato
1517 3089 1601 3144 Petro
1630 3083 1788 3156 delearis.
1810 3085 1893 3140 nanc
1908 3081 1962 3138 sthi

248 3189 311 3232 non
324 3173 576 3242 baberetiratres,
592 3177 626 3230 ut
638 3171 751 3246 prefati
779 3188 897 3242 sumus,
924 3188 995 3229 cum
1014 3172 1080 3246 qui·
1131 3179 1229 3252 legem
1257 3177 1437 3252 prefixerat,
1466 3179 1499 3233 ut
1524 3173 1658 3232 secundo
1678 3188 1797 3247 semper
1821 3187 1904 3230 anno
1924 3169 1962 3228 ad

247 3263 306 3318 bus
329 3262 407 3318 b01¹⁰
431 3265 460 3319 ⁰i
478 3261 648 3334 jocunditer
670 3259 819 3318 hibiifll'ei
839 3259 870 3316 in
885 3275 991 3329 unum,
1012 3261 1078 3317 Vite
1132 3267 1305 3340 sepulerum
1327 3281 1433 3324 eorum
1454 3266 1632 3332 recurreret,
1659 3263 1826 3336 decemque
1852 3259 1962 3318 solidos

247 3351 339 3423 hujus
351 3350 514 3408 incolatum
529 3349 650 3407 taediose
665 3349 788 3408 ferebat.
803 3351 837 3406 Et
849 3349 926 3406 sicut
940 3349 1013 3408 olim
1027 3366 1079 3407 co·
1132 3356 1172 3415 ed
1186 3356 1342 3432 preprium
1357 3355 1468 3414 cellum
1491 3352 1705 3432 dependentes,
1729 3355 1879 3426 tanquam
1894 3365 1963 3424 sup

246 3439 353 3497 lumba
364 3443 435 3511 Noe,
455 3455 525 3496 cum
540 3437 611 3496 ioris
624 3454 686 3495 non
701 3437 865 3495 invenisset
886 3438 940 3494 ubi
960 3439 1077 3512 requie-
1131 3445 1546 3521 plexservus‚1t0minosuo
1565 3441 1654 3518 quasi
1672 3457 1798 3500 censum
1823 3440 1962 3498 deterret.

249 3533 351 3600 sceret,
374 3529 415 3586 ad
438 3545 551 3610 arcam,
576 3533 605 3586 et
628 3528 665 3586 ad
683 3529 784 3603 ipsum
809 3532 869 3586 Noe
883 3527 1000 3586 redibat
1015 3546 1022 3585 ε
1036 3529 1078 3587 sic
1131 3537 1167 3592 At
1179 3549 1251 3591 vero
1265 3533 1333 3608 quis
1346 3532 1438 3604 digne
1450 3531 1576 3606 explicet
1591 3547 1685 3604 quarn
1704 3529 1812 3586 devote
1823 3527 1901 3585 illud
1915 3543 1963 3582 ex·

247 3617 304 3676 iste
327 3618 371 3676 vir
393 3618 469 3676 inter
494 3618 585 3690 lituus
607 3616 708 3674 seculi
728 3617 846 3687 tluctus,
872 3617 912 3674 ad
931 3621 1077 3675 secretum
1130 3623 1256 3697 plebat?
1282 3625 1356 3678 Tam
1381 3621 1535 3678 beneficus
1557 3636 1629 3692 erga
1651 3619 1822 3691 indigentes
1842 3621 1919 3686 erat,
1932 3619 1964 3671 ut

248 3707 345 3766 eordie
358 3722 527 3778 recurrene,
550 3705 582 3763 in
605 3704 715 3764 Christi
736 3704 931 3762 delectatione
944 3705 1076 3779 quiesce·
1130 3727 1207 3786 pene
1219 3709 1336 3768 nullum
1350 3725 1528 3784 pauperem,
1538 3709 1592 3783 qui
1602 3708 1662 3766 illic
1676 3707 1855 3766 catervatim
1868 3706 1965 3764 abun-

245 3797 308 3856 bat.
324 3801 398 3867 Non,
413 3795 494 3854 enim
514 3793 781 3866 sicutcorvusille,
797 3795 954 3878 morticino
973 3811 1076 3870 eorpo-
1130 3801 1256 3872 dabant,
1280 3799 1346 3872 eJ'us
1370 3798 1492 3872 largitas
1517 3797 1690 3873 preteriret,
1718 3796 1760 3854 ita
1780 3811 1813 3854 se
1835 3795 1964 3853 fidenter

246 3903 304 3946 ress
316 3885 521 3945 delectationis
535 3885 696 3944 inheserat
710 3901 717 3942 :
733 3884 806 3960 quia
819 3885 966 3944 renuebat
974 3885 1078 3946 anime.
1130 3889 1265 3950 exaudiri
1290 3888 1458 3958 confidens,
1485 3888 1510 3945 si
1535 3887 1599 3963 ipse
1625 3886 1791 3946 clamantes
1812 3899 1963 3960 pauperes
2046 3899 2047 3902 ’

246 3977 312 4051 ejus
325 3976 421 4050 gloria
434 3975 590 4052 praesentis
603 3975 671 4032 vitae
693 3974 851 4048 consolari,
880 3975 935 4033 sed
958 3991 1076 4034 memor
1130 3980 1256 4038 audiret.
1273 3981 1348 4036 Nam
1362 3982 1392 4036 et
1405 3977 1553 4048 contiguis
1576 3976 1630 4034 risa
1651 3975 1843 4034 monasteriis
1867 3974 1963 4031 multa

245 4066 365 4136 Deisui,
382 4064 601 4134 delectabatur;
617 4067 646 4122 et
659 4063 854 4122 adsccretum
868 4064 1076 4139 cordis,quasi
1129 4068 1321 4142 largiebatur.
1336 4071 1460 4125 ltavero
1474 4066 1557 4124 fama
1570 4069 1659 4124 unte
1680 4065 1745 4138 ejus
1767 4063 1963 4136 benignitatis
2046 4051 2047 4080 ³

246 4155 287 4212 ad
298 4169 412 4223 arcam,
425 4167 592 4222 recurrens,
615 4151 672 4208 sub
697 4151 801 4225 lingua
821 4168 877 4210 sua
893 4153 1073 4212 exsultabat.
1130 4158 1246 4232 passim
1258 4160 1288 4214 et
1298 4156 1411 4232 ubique
1424 4159 1631 4230 personuerat.
1649 4154 1732 4212 Unde
1755 4157 1784 4211 et
1807 4152 1961 4218 monachi,
2046 4155 2047 4180 i

246 4245 381 4316 Namque
395 4241 584 4316 iniquitatem
596 4255 660 4298 non
674 4241 791 4299 sinebat
805 4241 916 4300 diutim
934 4242 966 4300 in
984 4243 1075 4300 corde
1089 4265 1112 4320 p
1131 4252 1160 4305 et
1174 4245 1333 4322 peregrini,
1350 4261 1468 4304 necnon
1480 4248 1509 4302 et
1520 4243 1617 4317 egeni
1636 4243 1689 4317 qui
1703 4246 1732 4300 et
1744 4241 1882 4316 hospitas
1897 4241 1963 4314 ejus

247 4347 303 4388 suo
326 4331 469 4405 aspicere,
497 4334 634 4388 metuens
656 4345 695 4387 ne
722 4330 796 4388 torte
826 4347 897 4388 eum
929 4331 1073 4390 Dominus
1130 4339 1266 4410 tempore
1279 4351 1340 4408 quo
1355 4333 1458 4392 ltomci
1472 4333 1597 4391 banstre
1610 4331 1715 4401 solent,
1729 4329 1856 4389 sollicite
1866 4328 1965 4404 requi·

247 4419 388 4477 exaudire
402 4418 503 4476 nolet.
520 4419 598 4486 Quin
612 4418 712 4492 potius
723 4423 857 4493 peccate,
882 4420 945 4478 sine
963 4421 1075 4494 quibus
1128 4425 1246 4494 rebant,
1260 4425 1285 4481 si
1296 4438 1397 4481 comes
1411 4421 1555 4480 deraldus
1571 4422 1691 4490 veniret,
1707 4418 1755 4477 vel
1769 4418 1897 4493 quando
1909 4433 1963 4474 ve·

246 4509 382 4568 bumana
396 4507 527 4566 conditio
541 4522 608 4564 esse
622 4507 736 4582 nequit,
751 4524 819 4582 quta
840 4508 928 4566 nobis
950 4509 1074 4584 leviora,
1128 4513 1213 4571 niret.
1225 4513 1285 4588 lpsi
1294 4512 1407 4587 quippe
1417 4510 1686 4582 llarruci,rigentes
1695 4507 1964 4582 videlicetalpium

245 4599 288 4658 illi
301 4615 371 4658 vero
385 4597 566 4674 videbantur
579 4597 693 4670 grevia,
708 4598 880 4672 itasemper
897 4615 959 4673 pra
980 4599 1075 4658 oculis
1127 4603 1244 4676 incola,
1267 4602 1342 4660 nibil
1364 4600 1568 4676 questuosius
1590 4598 1789 4662 estimabant,
1813 4613 1911 4672 quam
1931 4599 1965 4652 ut

246 4687 388 4746 studebat
414 4702 596 4760 agnoscere,
632 4690 665 4743 ut
681 4685 889 4745 remissionem
914 4687 1075 4761 impietatis
1128 4692 1352 4769 suppelectilem
1367 4691 1484 4750 Geraldi
1497 4707 1551 4766 per
1564 4691 1721 4764 (testiuga
1732 4687 1965 4747 montistovina

246 4775 345 4834 cordis
359 4792 421 4834 non
435 4776 601 4848 ambigeret
624 4778 721 4834 alteo
740 4775 900 4834 clementer
911 4777 1073 4852 percipere.
1127 4783 1363 4842 transveherent.

247 4864 292 4924 Ob
318 4865 403 4940 quod
420 4881 473 4924 rex
500 4866 566 4939 ejus
589 4870 619 4923 et
641 4865 795 4936 Dominus,
817 4865 899 4924 uam
925 4867 1019 4942 ipsius
1043 4869 1074 4926 in
1149 4865 1964 4945 xvr11.uarpebatqu0quequidamvicehocitereum

245 4959 409 5030 conspectu
424 4972 479 5013 suo
491 4954 722 5013 misericorditer
735 4955 892 5029 dirigebat,
905 4962 935 5016 et
947 4958 1074 5017 orationi
1126 4961 1255 5020 venisset
1276 4963 1378 5019 autem
1399 4960 1439 5018 ad
1463 4959 1613 5018 civitatem
1635 4957 1758 5016 nomine
1779 4959 1899 5026 Mtam,
1914 4955 1965 5012 tur

282 5081 358 5153 (ros)
379 5081 417 5138 Ut
433 5079 754 5162 Romumsrcqeectius
773 5081 880 5139 adiret.
904 5083 996 5166 Reges
1016 5081 1074 5210 ipsi
1127 5083 1224 5141 cessit.
1245 5107 1260 5136 »
1279 5083 1427 5156 Rigordus
1436 5083 1468 5140 in
1483 5081 1617 5159 Philippo
1627 5084 1762 5154 augusto
1778 5100 1785 5139 :
1800 5103 1815 5133 o
1831 5079 1964 5138 visitatis
2046 5039 2047 5076 ἢ

246 5151 441 5220 Francorum,
465 5153 687 5234 etquicunque
708 5151 999 5227 inFranciaprimi,
1044 5170 1075 5211 o·
1128 5155 1335 5238 apostolorum
1348 5155 1502 5212 liminibus
1516 5158 1643 5212 Romam
1655 5153 1803 5211 transiens
1815 5152 1848 5210 in
1870 5155 1963 5210 iran-

246 5239 331 5281 mam
342 5221 672 5306 olim'peregrrnetioms
691 5237 726 5280 ac
740 5223 883 5307 orationis
898 5239 1074 5352 causaAEro·
1127 5242 1206 5284 cram
1220 5227 1315 5284 rediit.
1331 5249 1345 5278 »
1362 5229 1396 5282 Et
1409 5230 1587 5300 anonymus
1601 5225 1654 5308 qui
1675 5229 1760 5296 gesta
1779 5223 1910 5298 Philippi
1927 5225 1964 5278 ltl

246 5309 351 5420 gerare
366 5293 454 5352 soliti.
467 5295 576 5350 Auctor
587 5295 658 5350 Vrtae
671 5293 813 5352 ludovici
825 5297 884 5351 Pii:
903 5318 918 5346 a
932 5297 993 5354 lnci
1018 5297 1073 5354 'tei
1128 5298 1245 5372 scripsit
1260 5315 1266 5354 :
1288 5319 1298 5352 t
1314 5297 1398 5355 Venit
1415 5300 1553 5356 Romam.
1569 5297 1614 5353 lbi
1627 5293 1771 5370 apostolis
1786 5299 1965 5353 reverenter

268 5365 428 5422 esiderium
443 5363 600 5421 dominam
611 5364 768 5438 quondam
787 5365 869 5423 orbis
892 5367 992 5424 videre
1015 5370 1072 5424 Ro·
1126 5369 1290 5438 honoratis,
1302 5369 1374 5426 adiit
1384 5367 1490 5426 urbem
1504 5367 1632 5424 viterbii.
1653 5389 1668 5418 »

245 5449 340 5516 marn,
367 5435 570 5519 principisque
596 5435 802 5510 apostolorum
825 5440 915 5509 atque
942 5437 1073 5496 doctoris
1162 5441 1235 5513 (lite)
1254 5442 1335 5512 Jueo
1348 5441 1457 5496 montis
1470 5441 1589 5498 lorice.
1605 5441 1706 5496 Petrus
1732 5436 1902 5494 llamianus
1929 5437 1963 5492 iu

246 5509 380 5577 gentium
395 5507 477 5563 adire
488 5506 603 5578 limina,
617 5523 709 5580 seque
731 5522 880 5580 suamque
902 5507 1019 5581 prolem
1045 5509 1072 5568 ei
1126 5510 1190 5568 Vita
1207 5513 1300 5569 sancti
1313 5509 1457 5581 odilonis,
1483 5526 1549 5585 cap.
1574 5514 1617 5578 tt,
1639 5510 1740 5566 Joetm
1754 5509 1866 5566 monti's
1877 5521 1964 5579 proe·

247 5573 470 5644 commendare.
486 5579 558 5648 Qua
571 5591 620 5636 res
631 5581 692 5636 lteo
703 5581 901 5652 prosperante
923 5593 979 5653 pro
999 5583 1071 5640 voto
1126 5587 1218 5653 reeta
1232 5583 1359 5642 vocavit
1375 5583 1434 5640 Nos
1445 5581 1536 5654 vulgo
1549 5586 1632 5639 mont
1643 5581 1734 5640 Joua.
