4106 6148
266 200 318 254 aaa
847 185 1022 244 aurulam
1040 181 1214 241 sannaus.
1233 186 1396 243 ausurus.
1882 193 1918 247 aa

266 319 410 386 uacuus,
436 319 464 371 et
486 315 517 371 in
541 313 611 372 sede
630 312 767 387 praesulis
786 311 922 369 residens
945 312 1008 367 tam
1030 306 1132 380 ipssa
1149 306 1241 380 hujus
1253 308 1450 367 ordinationis
1460 305 1652 382 perversitati.
1668 307 1774 374 Quibus
1787 313 1919 372 remandavi

267 422 361 481 quam
376 405 486 474 coniux
503 420 577 462 sua:
593 404 690 460 donec
711 403 838 477 septimo
859 399 983 458 tandem
1004 412 1096 464 anno,
1149 394 1232 466 quod
1244 411 1307 454 non
1320 402 1399 455 esset
1413 396 1487 454 mibi
1500 399 1670 470 competens
1684 395 1722 453 ad
1744 412 1790 454 eos
1802 397 1845 455 illo
1856 403 1920 472 proi·

268 494 426 554 ortlsintcr
446 493 546 568 ipsum
559 498 588 551 et
601 508 703 565 regem
721 491 881 549 lindulfum
894 493 984 563 atque
998 486 1098 558 liugo-
1149 483 1229 554 clsci,
1254 486 1307 544 ubi
1331 486 1494 546 adversarii
1525 490 1555 543 et
1582 485 1692 542 inimici
1720 486 1773 543 mei
1797 504 1855 544 cum
1870 490 1919 563 ipsis

266 599 338 642 nem
358 583 498 640 comitem
517 581 702 656 quibusdam
714 579 925 647 simultatibus,
949 573 1095 634 Rodulius
1149 581 1234 632 erant
1248 576 1413 650 aggregati.
1430 575 1516 644 Quod
1531 575 1556 633 si
1567 575 1649 650 loqui
1663 591 1775 633 mecum
1794 576 1921 644 vellentad

266 691 319 732 rex
333 690 404 732 cum
418 674 544 744 lingone
558 677 587 730 et
600 675 716 728 Bosone
731 670 821 728 fratre
837 684 902 740 suo,
924 665 1098 738 coelerisqne
1150 661 1239 722 talem
1253 663 1355 722 locum
1370 664 1554 734 devenirent,
1569 663 1620 721 ubi
1635 663 1697 720 sine
1714 664 1830 736 periculo
1848 666 1879 723 ad
1889 684 1922 726 eu

267 763 405 838 pluribus
417 766 479 820 tam
494 761 643 836 episcopis
657 776 751 835 quam
776 757 945 826 comitibus,
969 755 1097 812 Rbemo-
1151 753 1292 812 accedere
1307 770 1441 828 possem.
1459 753 1573 821 Quibus
1588 751 1805 810 advenientibus
1817 753 1923 813 inlocum

267 866 336 908 rum
350 850 468 908 obsidet
482 850 600 916 urbem,
616 847 861 906 succensentibus
872 845 928 903 sibi
938 843 1096 918 episcopis,
1151 841 1191 898 ab
1206 841 1320 900 eisdem
1346 841 1505 912 delectum,
1528 841 1677 916 proiectus
1691 857 1754 898 sum
1777 841 1811 898 ad
1829 858 1876 911 eos,
1892 860 1923 901 ve-

268 944 297 998 ct
311 939 565 1013 conquerentibus
580 939 726 996 adversus
748 953 828 1006 eum,
853 935 936 1012 quod
959 939 1021 992 tam
1036 934 1100 991 diu·
1152 931 1299 1007 aiensque
1324 937 1498 1006 prosternor
1521 946 1622 990 coram
1649 929 1730 1005 ipsis,
1759 929 1889 989 obsecrans
1903 939 1925 990 ut

269 1033 358 1088 turno
386 1033 521 1104 tempore
548 1033 651 1088 contra
676 1027 786 1086 divinae
811 1027 886 1098 legis
911 1025 1100 1084 auctoritates
1152 1026 1274 1097 propter
1287 1037 1424 1080 amorem
1438 1021 1625 1079 ethonorcm
1640 1019 1689 1076 Dei
1702 1023 1760 1078 tam
1783 1019 1846 1076 mibi
1860 1037 1925 1094 quam

163 1163 170 1173 .
269 1118 349 1176 banc
364 1118 469 1176 urbem
487 1117 658 1187 permiserit
676 1129 784 1175 vacare
811 1117 942 1189 pastore.
966 1115 1100 1181 Quorum
1153 1110 1209 1168 sibi
1224 1115 1397 1186 competens
1412 1109 1571 1168 consilium
1583 1108 1655 1166 dare
1669 1107 1818 1166 studerent.
1838 1109 1881 1176 Qui
1894 1125 1925 1165 nc

271 1207 467 1282 querimoniis
480 1211 634 1282 permotus
653 1222 705 1264 rex
718 1206 861 1263 admonet
873 1203 986 1262 clerum
1003 1207 1031 1261 et
1045 1219 1100 1277 po·
1153 1201 1191 1258 de
1202 1201 1389 1259 ordinatione
1401 1199 1536 1276 predicti
1546 1198 1678 1270 lingonis
1688 1196 1854 1272 interpellare
1862 1213 1927 1270 cupa

270 1295 376 1370 pulum
392 1296 429 1354 de
443 1296 571 1371 pastoris
586 1295 739 1365 electione,
755 1294 832 1352 dans
846 1293 888 1352 eis
900 1292 931 1350 id
942 1293 1049 1365 agendi
1061 1291 1102 1348 ia·
1154 1295 1232 1356 rant,
1248 1296 1276 1349 ct
1290 1291 1348 1349 boe
1362 1289 1545 1348 omnimodis
1560 1287 1697 1358 suadere,
1709 1291 1741 1344 ut
1751 1285 1826 1344 eisin
1843 1286 1886 1344 luc
1896 1303 1927 1343 or·

270 1384 409 1444 cultatem
423 1385 462 1442 ad
477 1386 528 1442 Dei
539 1386 687 1442 honoram
702 1384 785 1442 etsui
795 1381 980 1440 fidelitatem.
994 1381 1101 1454 Sicque
1155 1381 1308 1438 dinatione
1344 1396 1529 1438 consensum
1560 1378 1746 1452 praebcrem3
1772 1376 1928 1451 promittentes

271 1473 524 1532 concordantibus
545 1474 657 1531 cunctis
681 1477 743 1530 tam
764 1471 879 1530 clericis
900 1487 993 1545 quam
1017 1469 1101 1526 laicis
1156 1486 1203 1528 res
1219 1469 1382 1526 nonnullas
1398 1467 1541 1543 episcopii
1555 1467 1630 1525 mibi
1652 1482 1684 1524 se
1706 1466 1893 1539 impetraturos.
1907 1469 1929 1520 ll

271 1563 323 1637 qui
338 1567 421 1621 extra
430 1563 621 1620 obsidionem
632 1568 725 1630 erant,
738 1561 874 1635 pluribus
885 1561 973 1618 etiam
985 1574 1101 1628 eorum,
1156 1575 1223 1630 ego,
1238 1564 1401 1634 postquam
1416 1572 1597 1632 responsum
1612 1555 1665 1612 diu
1679 1553 1846 1624 distuleram,
1857 1553 1929 1610 videns

271 1651 323 1725 qui
337 1650 431 1708 clausi
445 1650 635 1715 tenebantur,
651 1651 681 1706 in
696 1650 727 1706 id
741 1650 842 1722 ipsum
864 1647 1034 1706 laventibus
1050 1644 1101 1702 eli·
1116 1649 1208 1718 g'eos
1222 1653 1347 1705 cunctos
1362 1647 1392 1704 in
1405 1645 1560 1722 proposito
1574 1645 1660 1720 quod
1682 1646 1821 1718 caeperunt
1836 1657 1930 1716 peracre

273 1741 350 1811 gitur
372 1739 546 1796 humilitatis
571 1743 681 1795 nostroe
706 1754 837 1812 persona
864 1739 896 1794 iu
919 1737 977 1794 hoc
1005 1735 1103 1806 magis
1156 1742 1266 1808 rantes,
1288 1753 1413 1807 surgens
1436 1735 1574 1793 interdixi
1590 1733 1692 1808 palam
1707 1731 1810 1790 cunctis
1828 1729 1931 1788 audienti

156 1857 161 1862 ·
272 1843 468 1900 oneraquam
489 1828 602 1884 honore
617 1826 785 1884 subeundo.
811 1824 1018 1900 aperientibus
1039 1829 1103 1881 tan·
1157 1827 1224 1899 bus,
1241 1825 1507 1884 excommunicans
1521 1822 1697 1882 auctoritate
1712 1821 1760 1878 Dei
1773 1820 1852 1877 Patris
1866 1817 1931 1875 omui

272 1916 342 1972 dem
358 1919 420 1973 tam
433 1915 578 1972 militibus
593 1931 685 1989 quam
698 1915 813 1972 civibus
824 1919 927 1988 portas
944 1913 1025 1970 urbis
1039 1912 1103 1985 regi
1157 1916 1296 1990 potentis,
1310 1920 1339 1972 et
1353 1914 1424 1984 Filii,
1436 1918 1465 1971 et
1476 1912 1601 1988 Spiritus
1613 1911 1716 1980 sancti,
1728 1915 1756 1968 ut
1767 1909 1930 1968 nulluseorum

274 2003 411 2075 Rodulio,
427 2006 456 2060 et
469 2003 671 2077 episcopalem
685 2002 925 2060 benedictionem
946 2001 1020 2058 mibi
1042 2005 1102 2058 tra·
1157 2005 1197 2062 ad
1212 2004 1351 2062 eamdem
1364 2003 1586 2062 ordinationem
1600 2000 1761 2072 accederet,
1774 2015 1822 2056 nec
1837 1995 1930 2054 cicula

274 2091 413 2149 dentibus
429 2091 588 2166 episcopis,
599 2092 651 2166 qui
663 2093 748 2148 erant
761 2091 870 2149 ducem
883 2095 912 2148 et
926 2094 1004 2162 octo,
1019 2095 1048 2148 et
1057 2107 1105 2147 su·
1157 2094 1320 2168 episcopali
1334 2094 1449 2150 honore
1464 2108 1512 2150 me
1538 2091 1658 2149 vivente
1677 2105 1780 2147 manus
1795 2088 1930 2160 imponeret,

274 2179 613 2254 scipientibusnostram
628 2179 913 2240 humilitatamum
936 2180 1015 2236 clero
1036 2180 1102 2236 uni·
1158 2183 1212 2241 sed
1236 2199 1292 2240 nce
1313 2183 1391 2239 ullus
1418 2181 1558 2240 eamdem
1583 2179 1813 2238 benedictionem
1826 2174 1932 2246 suscipere

272 2286 361 2328 verso
369 2285 464 2344 quam
471 2270 592 2344 reliquis
603 2269 929 2335 civibus,intr0nizatns
940 2269 980 2326 ab
990 2269 1104 2343 episco-
1157 2277 1363 2346 presumeret.
1380 2271 1507 2338 Quodsi
1529 2269 1605 2327 sorte
1620 2268 1712 2339 lieret,
1737 2263 1870 2325 adsedem
1886 2275 1932 2334 apo·
1989 2311 1990 2332 ,

273 2359 321 2433 pis
335 2358 629 2425 nostraediueeeseos,
645 2358 821 2432 impositum
831 2358 915 2426 milvi,
928 2362 1016 2431 prout
1026 2361 1104 2415 Deus
1158 2361 1295 2418 stolicam
1306 2377 1359 2417 eos
1372 2359 1591 2434 provocabam.
1612 2357 1670 2416 lllis
1684 2355 1751 2416 iude
1762 2351 1903 2416 iurantibus,
1913 2353 1933 2402 ut
1989 2343 1990 2398 l

275 2449 431 2516 concessit,
458 2448 657 2505 ministerium
682 2463 736 2520 per
762 2463 858 2504 anuos
877 2447 970 2504 terme
992 2463 1103 2504 novem
1158 2465 1281 2526 possem
1296 2449 1375 2506 exire
1388 2448 1425 2506 de
1441 2447 1540 2505 medio
1563 2443 1890 2516 accumulandum
1904 2453 1932 2492 re·

274 2537 410 2607 tractavi,
425 2535 568 2594 ordinans
582 2551 636 2608 per
648 2535 801 2592 dioeaesim
815 2535 973 2608 episcopos
983 2539 1060 2604 octo,
1075 2540 1104 2594 et
1159 2537 1243 2606 verti,
1264 2537 1427 2612 temperavi
1451 2552 1646 2612 responsum,
1674 2535 1771 2592 dicens
1783 2535 1812 2589 ul
1829 2529 1934 2587 mitterent

275 2626 306 2682 in
321 2624 475 2697 episcopio
489 2624 613 2696 multos,
628 2629 718 2696 prout
738 2627 911 2702 competens
934 2623 1103 2693 videbatur,
1160 2643 1280 2685 mecum
1294 2628 1346 2701 qui
1359 2627 1401 2684 cis
1424 2626 1612 2684 renuntiaret
1634 2623 1707 2700 quid
1728 2619 1829 2681 consilii
1845 2614 1933 2691 reputt
1989 2583 1990 2648 l

276 2712 416 2768 clericos:
433 2727 594 2785 quousque
609 2728 690 2768 nono
706 2712 912 2786 postmodum,
927 2728 1007 2769 anno
1021 2717 1104 2786 post·
1159 2717 1389 2790 valeremsuper
1403 2716 1460 2773 bac
1475 2731 1506 2772 rc
1521 2715 1551 2772 in
1562 2702 1935 2780 dominamearegiaaetlde·

276 2817 371 2876 quam
386 2800 569 2858 ludovicum
583 2816 695 2872 regem,
710 2800 826 2858 favente
842 2803 974 2872 Hug'oue,
992 2803 1105 2859 cuncti·
1161 2806 1239 2863 libus
1254 2807 1329 2878 ejus,
1339 2805 1411 2880 quia
1421 2821 1472 2862 rex
1483 2820 1546 2862 non
1557 2803 1673 2862 aderat.
1685 2802 1729 2860 ld
1742 2802 1794 2859 boc
1811 2795 1935 2857 illimlltml

277 2905 351 2962 sque
362 2887 446 2959 regni
453 2888 1105 2962 principibus.Gerbergarnquoquereginam
1162 2892 1323 2952 beroldum
1332 2893 1670 2967 episcopum,putantes
1681 2888 1935 2949 meassemutaturun

276 2977 501 3046 benedixeram,
517 2981 546 3034 et
560 2993 646 3035 sacro
668 2977 860 3051 perfuderam
876 2977 1045 3046 chrismate,
1061 2977 1106 3033 in·
1121 3013 1142 3068 C
1161 2983 1330 3041 consilium,
1353 2985 1416 3049 Quo
1430 2981 1575 3055 veniente,
1592 2985 1623 3040 et
1635 2996 1736 3039 comm
1749 2969 1936 3041 dominamque

277 3066 403 3138 stigatus
418 3067 504 3138 tlugo
518 3082 620 3124 comes
634 3066 800 3134 iracundia,
809 3065 893 3139 quod
906 3065 932 3122 ei
941 3066 1107 3124 consentire
1161 3077 1190 3131 et
1200 3071 1341 3129 fidelihus
1356 3073 1421 3144 ejus
1439 3071 1508 3129 inda
1521 3086 1570 3128 me
1585 3069 1795 3145 interpellante,
1815 3067 1897 3122 iterun
1906 3071 1936 3112 ev·

280 3156 326 3214 vel
337 3155 480 3228 conjungi
499 3155 647 3213 noluerim
669 3156 709 3212 ad
728 3155 823 3230 ipsius
843 3155 921 3226 regis
948 3155 1107 3212 infidelita·
1161 3176 1287 3232 surgens
1311 3160 1443 3234 praeiatae
1469 3159 1597 3217 modum
1621 3144 1936 3216 excommunicationisir
1989 3177 1990 3216 ,

278 3244 498 3316 tem,adhibitis
510 3261 612 3301 seeum
624 3245 776 3302 Heriberto
787 3243 905 3314 comite,
917 3249 946 3301 et
955 3243 1107 3302 Willelmo
1162 3249 1284 3307 eosdem
1321 3249 1479 3323 episcopos
1507 3247 1662 3320 iaculatus
1695 3263 1776 3304 sum:
1801 3238 1936 3299 vocatorem

279 3339 534 3392 Nortmannorum
573 3335 717 3408 principe,
760 3335 957 3391 llbemensem
992 3335 1110 3392 obsidet
1161 3355 1284 3413 quoque
1297 3338 1337 3396 ad
1351 3338 1454 3396 sedem
1469 3337 1669 3411 apostolicam
1690 3337 1789 3394 iterare
1803 3325 1891 3389 curavi,
1907 3335 1938 3378 cr·

278 3424 396 3480 urbem.
421 3427 477 3481 Nec
495 3423 632 3494 longum,
648 3429 731 3481 sexta
745 3423 856 3480 scilicet
871 3423 1036 3481 obsidionis
1049 3423 1108 3489 die,
1163 3428 1392 3485 communicans
1419 3427 1521 3501 ipsum
1543 3426 1627 3484 hunc
1653 3423 1812 3494 beroldum,
1832 3421 1858 3474 ut
1878 3408 1936 3470 ideis

278 3511 402 3568 deseror
417 3512 456 3568 ab
470 3512 553 3568 omni
562 3527 638 3584 pene
651 3517 729 3568 coetu
738 3511 852 3568 laicalis
861 3512 986 3568 militiae:
1008 3513 1110 3586 sicque
1163 3516 1288 3573 omnino
1303 3531 1365 3572 uon
1380 3519 1499 3586 uicerat,
1513 3513 1567 3571 sed
1579 3514 1695 3571 cunctis
1711 3508 1848 3569 manifeste
1862 3497 1937 3576 proici·

279 3598 448 3667 derelictus,
469 3599 509 3654 ad
539 3599 694 3669 lingonens
718 3605 746 3656 et
770 3599 956 3655 Heribertum
980 3601 1109 3674 compel·
1162 3611 1217 3665 ret.
1234 3605 1283 3661 His
1291 3605 1333 3661 ita
1347 3604 1448 3676 gestis,
1469 3602 1722 3678 parvipendentes
1736 3599 1774 3657 illi
1784 3599 1892 3654 nosbam
1906 3601 1937 3640 ex·

280 3686 328 3744 lor
341 3687 431 3744 exire.
446 3691 469 3744 a
484 3687 594 3760 quibus
609 3691 776 3744 coarctatus
786 3692 815 3744 ct
826 3687 1001 3745 conterritus
1018 3704 1110 3760 cogor
1163 3693 1478 3766 communicationem,
1502 3691 1624 3750 libemis
1649 3677 1796 3751 accedunt,
1816 3676 1937 3755 etqvidau

281 3779 393 3832 memet
411 3776 574 3851 episcopali
598 3777 807 3850 procuratione
832 3775 984 3846 abdicare,
1012 3783 1040 3836 et
1068 3781 1110 3837 ita
1163 3799 1267 3842 eorum
1284 3780 1465 3838 ordinationi
1476 3780 1547 3837 huic
1560 3795 1672 3838 manus
1690 3773 1880 3852 applicuerunt,
1897 3759 1939 3835 qui

279 3879 328 3920 mc
341 3864 540 3938 propellentes
551 3864 582 3922 in
596 3865 735 3922 eoenobio
751 3865 848 3922 sancti
863 3865 959 3922 Basoli
972 3867 1109 3926 habitare
1164 3873 1236 3931 dam
1250 3887 1322 3928 vero
1335 3886 1366 3927 se
1390 3868 1570 3927 subduxisse
1589 3869 1733 3926 sciuntur.
1749 3868 1805 3936 Ego
1823 3872 1880 3916 vero
1892 3863 1938 3908 0⁰1⁰

280 3952 463 4010 constituunt
479 3972 486 4010 ε
503 3956 659 4026 llugonem
674 3970 746 4012 vero
761 3954 855 4012 lilium
881 3955 1033 4023 daniberti,
1056 3956 1109 4030 qui
1163 3975 1233 4032 rege
1243 3975 1380 4027 manens,
1396 3973 1473 4032 quas
1483 3957 1530 4015 illc
1545 3957 1639 4015 scitur
1651 3953 1798 4028 angustias
1815 3941 1938 4033 peurisa

278 4041 459 4100 autisiodori
474 4042 620 4100 diaconus
644 4043 800 4102 ordinatus
825 4043 933 4116 fuerat,
956 4044 987 4102 in
1004 4045 1109 4103 urbem
1164 4053 1193 4108 et
1216 4065 1319 4108 secum
1341 4046 1464 4122 pertuli;
1487 4050 1516 4104 et
1539 4046 1666 4120 quando
1688 4038 1938 4123 cumbeloaganat

279 4131 475 4188 introducunt
488 4135 517 4188 et
539 4131 656 4189 civitate
682 4132 845 4204 potiuntur.
870 4133 1036 4190 ludovicus
1058 4151 1109 4191 an·
1164 4143 1234 4196 sunt
1257 4138 1342 4210 Hugo
1366 4140 1395 4193 et
1417 4134 1596 4207 Heribertus,
1620 4133 1767 4208 cumipse
1784 4141 1862 4191 eram,
1878 4121 1938 4212 W

279 4224 341 4277 tem
353 4235 405 4278 rex
427 4220 631 4291 alturgundia
643 4220 772 4287 rediens,
789 4237 837 4278 me
864 4222 946 4295 apud
970 4228 1108 4282 sanctum
1164 4227 1247 4286 evasi
1263 4225 1367 4283 mortis
1379 4223 1558 4299 periculum.
1577 4223 1737 4299 Prolapsus
1749 4219 1846 4291 itaque,
1862 4202 1938 4266 ³¹¹¹ss¹⁰

212 4325 218 4335 ·
281 4306 420 4364 Basolum
442 4309 560 4382 reperit,
576 4313 603 4367 et
618 4325 777 4366 assumens
801 4325 906 4367 seeum
926 4311 1014 4368 simul
1039 4329 1108 4370 cum
1164 4314 1384 4390 etprolectione
1396 4312 1504 4379 Dei,de
1518 4311 1619 4370 medio
1632 4295 1938 4376 inimicorumproittl'

279 4396 458 4471 propinquis
482 4398 568 4464 meis,
590 4415 721 4470 qnorum
746 4415 793 4456 res
820 4399 987 4458 Heribertus
1008 4417 1109 4460 comes
1165 4411 1193 4464 et
1207 4403 1410 4476 vagabundus
1429 4402 1496 4460 loca
1519 4400 1601 4458 invia
1615 4395 1880 4476 qusqussilusllt
1895 4393 1939 4454 Ψ

280 4485 453 4558 abstulerat,
470 4485 649 4543 Lauduuum
659 4487 788 4552 deducit,
801 4487 885 4561 quod
895 4493 1028 4546 castrum
1039 4493 1110 4546 tunc
1164 4495 1268 4566 lustro,
1282 4509 1344 4551 non
1352 4507 1445 4548 ausus
1455 4494 1536 4549 certo
1544 4491 1706 4548 consistere
1713 4485 1786 4545 loco.
1799 4476 1939 4540 comiteur

280 4574 461 4634 obsidebant
485 4574 656 4634 Heribertus
672 4579 700 4633 et
720 4575 825 4646 lingo:
851 4576 1009 4650 solutaque
1029 4577 1111 4636 obsi·
1164 4589 1225 4643 tem
1233 4584 1357 4654 Hugoet
1371 4580 1541 4638 Heribertus
1556 4579 1639 4638 affati
1651 4577 1797 4654 quosdam
1806 4567 1895 4628 amica
1903 4571 1939 4613 ¹1⁰·

281 4663 370 4722 dione
384 4663 532 4739 oppidum
546 4665 722 4736 ingreditur,
737 4665 887 4739 nobisque
903 4668 1032 4724 metatus
1056 4665 1109 4722 de·
1164 4677 1241 4731 atros
1253 4670 1309 4728 sihi
1331 4669 1478 4740 subditos,
1494 4668 1669 4726 suadentur
1683 4681 1730 4724 me
1751 4639 1939 4735 raqdrentcsssd

281 4753 558 4827 gendidisponitur.
575 4753 694 4811 Interim
706 4753 802 4810 clerici
814 4754 907 4811 nostri
933 4754 1001 4825 loci,
1017 4755 1070 4812 sed
1082 4759 1111 4812 et
1164 4759 1412 4836 ipsosdeducant,
1423 4757 1597 4831 pollicentes
1608 4754 1718 4813 semihi
1728 4747 1910 4810 benenatum.
1921 4733 1939 4786 tl

281 4839 485 4912 laiciquidam
501 4843 631 4916 pessime
645 4843 686 4900 ab
710 4842 862 4901 Heriberlo
886 4847 1060 4916 tractantur,
1083 4849 1112 4902 et
1164 4832 1938 4920 rebusquasipsipetissentditaturos.Requircnlestsl⁰

282 4926 407 4999 quidam
423 4928 641 4989 clericorumin
665 4933 809 4989 custodiis
835 4933 1038 5002 retruduntur,
1062 4950 1110 4990 res
1164 4919 1938 5008 meamicireperiuntperdiversavagaulemetitapet

283 5029 388 5071 eorum
401 5014 576 5073 auferuntur
596 5025 686 5092 atque
708 5020 897 5094 diripiuntur,
923 5021 1036 5095 rapinae
1057 5039 1111 5095 per
1164 5027 1259 5085 ducor
1271 5042 1289 5082 a
1300 5023 1440 5081 fratribus
1452 5024 1527 5081 meis
1538 5027 1565 5081 et
1582 5022 1685 5080 amicis
1700 5012 1938 5094 adpraeialoscomv·

282 5106 377 5160 totam
391 5101 498 5160 urbem
510 5103 568 5160 late
582 5112 798 5180 perpetrantur,
817 5115 928 5168 lnterea
939 5127 1109 5168 convocem·
1164 5123 1216 5174 tes.
1235 5114 1290 5181 Qui
1313 5117 1475 5187 postquam
1499 5129 1548 5169 me
1569 5112 1600 5169 iu
1623 5113 1765 5186 potestate
1788 5117 1837 5160 sua
1856 5101 1938 5159 wespa

283 5196 331 5249 tur
342 5191 476 5265 episcopi
491 5198 600 5250 nostrae
612 5194 776 5254 diaeceseos
791 5198 830 5254 ab
846 5202 969 5271 lingone
987 5204 1016 5257 et
1029 5200 1110 5258 Heri·
1164 5206 1256 5274 ciunt,
1267 5219 1401 5278 quaercre
1413 5206 1577 5276 eoeperunt,
1589 5206 1622 5260 ut
1629 5200 1671 5258 eis
1684 5197 1825 5274 palliuma
1836 5182 1891 5244 sede
1900 5181 1937 5272 flii

283 5281 368 5338 berto
384 5281 589 5352 satagentibus
604 5287 632 5340 et
646 5285 849 5357 querentibus
864 5287 903 5344 ab
918 5287 960 5344 eis
982 5287 1020 5345 de
1033 5289 1111 5346 ordi-
1164 5277 1937 5358 manamihicollatumtradarem,ctsacerdolalimem·

283 5369 403 5428 natione
432 5371 567 5443 llugonis¹
599 5371 651 5430 lilii
682 5372 831 5430 Heriberti.
857 5377 913 5442 Qui
942 5377 1111 5435 suessionis
1164 5364 1935 5456 111'steri0ponitusadjurarem.Quodegonullatcuustne
1989 5423 1990 5434 ,

285 5462 466 5532 congregati,
474 5464 594 5522 mittunt
606 5464 646 5522 ad
658 5481 707 5522 me
719 5465 898 5523 laudunum
909 5467 1110 5540 llildegarium
1165 5469 1325 5540 iacturum,
1340 5485 1439 5543 neque
1451 5485 1506 5543 pro
1520 5486 1622 5528 amore
1637 5467 1700 5526 vitre
1720 5462 1803 5534 buius
1814 5447 1934 5532 presentia
1989 5477 1990 5480 κ

284 5547 470 5622 episcopum,
479 5567 548 5609 cnm
562 5553 627 5612 aliis
637 5554 820 5630 quibusdam
833 5554 951 5627 legatis,
965 5557 1112 5614 mandan·
1166 5562 1296 5617 attestor.
1313 5558 1465 5616 Districtus
1479 5559 1578 5630 igitur,
1593 5563 1621 5616 et
1641 5549 1848 5626 coangustiatus
1860 5535 1890 5595 ab
1899 5529 1934 5588 lli

284 5641 330 5696 tes
350 5639 435 5698 ulad
448 5655 501 5700 eos
523 5643 668 5717 venirem,
683 5645 723 5705 ad
737 5645 985 5705 consentiendum
1002 5645 1113 5706 seilicet
1166 5648 1311 5724 episcopii
1325 5647 1448 5707 tandem
1461 5647 1552 5712 rebus
1573 5643 1775 5710 abrenuntiare
1793 5620 1933 5703 ,ompeloss
1989 5711 1990 5750 ,
