4110 6138
137 175 190 228 ιιι
515 125 517 130 ’
765 199 769 206 «
805 173 993 231 semones
1005 173 1178 241 emanue.
1333 193 1346 200 -
1793 176 1846 235 ιιι

132 294 230 351 viores
251 294 357 352 habes
383 294 523 362 adimes,
551 296 603 368 qui
628 297 669 354 ita
697 296 893 364 testabantur,
919 295 1000 358 lii-A
1018 313 1152 366 exosam,
1172 311 1230 354 nec
1245 303 1335 377 more,
1349 315 1408 356 suo
1432 316 1536 374 precer
1559 301 1730 376 supplicum
1752 304 1847 358 attae

133 387 245 450 centes
286 384 369 456 quod
405 385 548 441 machina
581 385 691 442 domus
724 390 826 442 contre
866 384 962 440 solem
1017 385 1078 453 dat,
1092 402 1163 442 cum
1178 403 1208 442 se
1222 393 1277 459 per
1300 387 1445 444 miracula
1470 395 1648 462 presentem
1671 405 1733 446 non
1746 394 1846 446 estem

132 473 328 545 resplendens
347 475 443 546 'quasi
469 475 651 532 monticulus
670 491 780 532 eureus
794 474 962 542 videbatur,
1017 474 1078 530 det.
1094 476 1149 531 Alii
1166 476 1365 532 nihilominus
1385 479 1475 549 quasi
1495 479 1680 536 discuterent
1697 479 1845 553 quidnam

133 565 162 618 et
183 567 248 618 tum
274 563 543 636 paemene-tem
565 564 757 622 cernentibus
772 567 963 637 mpraescuta-
1017 564 1064 636 sit,
1094 565 1145 621 ubi
1188 571 1274 622 muta
1301 565 1486 638 psalmodia,
1514 571 1658 640 tantaque
1682 569 1845 625 missarum

131 649 195 716 bat,
210 649 382 720 utgloriaus
396 651 475 708 beati
498 652 612 710 llartim
632 652 862 725 quodammodo
875 656 964 708 teste
1016 653 1183 726 frequentia
1205 655 1380 723 celebretun
1408 655 1459 712 ubi
1488 656 1578 712 etiam
1604 658 1754 714 temeritas
1779 673 1845 730 pne-

133 744 223 795 retur.
241 740 273 794 ln
295 740 426 796 arcuada
440 753 511 796 vere
531 747 601 813 port
614 741 699 798 cibus
722 741 881 798 voluerunt
895 755 962 796 eam
1017 742 1107 800 candi
1129 745 1247 801 tantem
1271 744 1469 818 reprimatur,
1492 759 1549 800 our
1573 743 1678 802 divina
1699 746 1851 803 sereniss,

133 828 223 902 pn'sei
250 833 470 890 constructores
499 831 712 900 *architectnrit
742 831 888 904 quoniam
911 830 963 886 do·
1017 832 1094 889 adeo
1114 833 1234 890 domari
1257 835 1433 906 {dominam
1459 833 1609 907 permissa
1632 833 1679 899 sit,
1701 849 1770 890 eum
1791 834 1846 890 uti*

133 933 203 974 mes
234 917 298 984 ille,
323 919 463 990 quamvis
495 919 641 978 latissima
669 922 715 987 sit,
742 920 836 978 tertis
861 923 964 976 tamen
1016 935 1076 992 que
1096 920 1127 978 in
1149 922 1251 978 mnus
1274 923 1342 980 aliis
1362 923 1438 979 locis
1467 927 1496 978 et
1519 921 1621 978 minus
1648 921 1708 977 ileo
1733 922 1845 978 servia·

134 1022 199 1062 sese
214 1007 464 1079 imprimentibus
491 1013 608 1066 tannim
635 1009 709 1066 solet
736 1025 800 1066 esse
823 1013 961 1079 angusta,
1017 1015 1074 1074 tur,
1089 1014 1118 1065 et
1131 1011 1276 1082 precandi
1298 1011 1419 1068 libertes
1439 1009 1611 1068 effrenatior
1624 1009 1770 1068 videatur.
1785 1010 1845 1064 lioc

132 1099 167 1152 ut
188 1095 345 1168 intendis
372 1097 455 1154 chori
479 1103 509 1153 et
532 1098 602 1167 angi
630 1097 794 1170 posticulas
823 1097 962 1171 quamvis
1016 1103 1072 1152 nos
1093 1097 1251 1154 audientes
1278 1104 1401 1172 stupore
1434 1098 1592 1172 percussit,
1612 1103 1645 1154 et
1672 1095 1776 1153 dolore
1803 1100 1846 1152 at-

131 1183 267 1240 ncleetas
292 1185 449 1242 subruant.
478 1187 576 1251 Quam
605 1186 747 1242 devotam
778 1185 961 1248 violentiam,
1017 1185 1112 1248 toniti,
1129 1185 1251 1244 fraudes
1277 1188 1392 1261 antiqui
1414 1186 1581 1261 deceptoris
1605 1187 1682 1244 illico
1702 1200 1846 1256 mengna-

132 1273 234 1340 credo,
257 1279 376 1344 matam
397 1274 490 1332 hebet
511 1274 643 1330 domnus
666 1276 730 1348 ipse
756 1276 906 1344 Murenae,
923 1273 963 1330 ad
1016 1274 1126 1332 rimus.
1144 1278 1219 1334 Nam
1245 1293 1315 1336 cum
1339 1277 1469 1350 apostoli
1493 1277 1551 1334 sint
1572 1275 1759 1334 bonusodor
1772 1277 1844 1339 Deo,

132 1362 306 1435 exemplum
332 1362 468 1419 videlicet
502 1364 622 1422 Domini
656 1365 713 1430 sui,
738 1381 830 1438 quem
868 1364 962 1419 turbae
1017 1362 1086 1419 lecit
1109 1369 1210 1422 tamen
1236 1365 1318 1422 idem
1339 1366 1492 1438 deceptor,
1517 1369 1549 1421 ut
1575 1363 1760 1438 quibusdam
1786 1362 1847 1419 sint

131 1451 382 1524 comprimebant.
397 1454 481 1509 Nunc
508 1457 607 1510 nmen
635 1457 664 1512 et
689 1453 832 1508 histriatis
845 1451 963 1524 parieti·
1017 1451 1094 1508 odor
1108 1453 1263 1510 mortisia
1287 1458 1425 1510 mortem.
1441 1453 1529 1519 Quod
1541 1453 1684 1510 nimirum
1698 1451 1761 1508 istis
1773 1465 1845 1508 cun-

131 1540 202 1606 bus,
216 1545 248 1596 et
269 1539 369 1596 'vities
391 1539 535 1613 sapphiro
554 1541 736 1602 subornatis,
751 1541 826 1614 quin
850 1540 961 1598 ethri-
1018 1539 1129 1609 tingere
1155 1541 1320 1602 timuimus.
1349 1542 1401 1614 qui
1428 1541 1466 1597 de
1493 1541 1714 1600 medicamento
1735 1540 1846 1598 virinus

132 1628 346 1686 cusiaensis
359 1629 502 1688 decusata
516 1646 578 1686 non
592 1645 700 1703 pamm
715 1631 864 1688 intuentes
879 1629 961 1686 oble·
982 1629 1074 1708 gsiut
1097 1635 1281 1699 exaggerent
1304 1629 1560 1688 murmurationis.
1576 1629 1652 1695 Ouia
1677 1642 1749 1686 rere
1772 1628 1846 1686 bea·

133 1718 242 1774 ciebat.
267 1719 394 1779 tluando
413 1723 530 1790 autem,
547 1719 730 1791 utdiximus,
782 1720 862 1776 lema
900 1724 962 1775 tam
1018 1714 1232 1776 iissmidomni
1247 1721 1340 1775 nostri
1368 1719 1494 1790 injurias
1518 1719 1689 1774 audivimus
1705 1718 1845 1784 exerceris

132 1805 188 1862 diti
204 1807 299 1862 nuntii
316 1807 551 1880 circumquaque
576 1809 751 1880 pervolavit,
764 1813 883 1880 tempus
898 1809 963 1878 jam
1017 1813 1107 1879 prout
1129 1807 1280 1864 charitatis
1294 1809 1409 1864 viscera
1423 1807 1587 1880 quisquam
1598 1806 1700 1873 sensit,
1715 1803 1846 1878 amplius

131 1895 275 1962 instabat,
297 1911 360 1968 quo
382 1896 521 1966 eiusdem
547 1896 627 1952 beati
653 1897 767 1954 Martini
790 1894 964 1954 solemnitas
1017 1895 1106 1969 coepit
1128 1896 1238 1952 dolere.
1256 1900 1319 1952 Non
1344 1897 1415 1952 setis
1438 1896 1534 1952 luerat
1557 1894 1641 1967 quod
1664 1893 1773 1950 nostris
1786 1892 1847 1950 exi-

133 1983 207 2040 selet
231 1983 386 2040 celebrari.
403 1987 479 2040 Cum
504 1984 628 2056 quidem
652 1991 757 2040 turmis
780 1984 963 2058 populorum
1018 1985 1157 2054 gentibus
1177 1985 1284 2058 culpis,
1298 1985 1467 2042 seeundum
1490 1984 1564 2040 illud
1589 1983 1737 2056 templum
1750 1987 1847 2056 pertit-

133 2073 308 2128 eatcrvatim
322 2072 439 2128 innunt
461 2073 570 2143 partim
592 2087 685 2129 cause
708 2073 903 2128 solemnitatis
919 2077 963 2126 at·
1017 2073 1049 2129 lit
1072 2074 1262 2144 conflagrari,
1286 2073 1396 2140 adltuc,
1419 2074 1497 2146 preb
1517 2072 1623 2128 doleri
1651 2071 1683 2139 ii,
1705 2087 1760 2143 pro
1781 2069 1848 2143 qui·

133 2160 230 2229 tincti,
255 2160 365 2233 partim
391 2165 422 2216 ut
446 2159 644 2231 dejectionem
679 2162 789 2218 demus
817 2161 961 2218 viderent.
1018 2163 1074 2219 bus
1103 2163 1181 2221 hanc
1209 2163 1352 2234 injuriam
1380 2162 1487 2233 sensit,
1515 2161 1649 2218 nituntur
1677 2160 1704 2218 ei
1735 2159 1847 2216 calum·-

134 2249 288 2321 Siquidem
313 2265 351 2306 ea
373 2251 416 2306 vis
436 2255 553 2312 natura
580 2257 633 2314 est,
658 2257 688 2307 ut
713 2251 838 2323 quilibet
858 2251 964 2306 dolens
1017 2251 1100 2306 nicri.
1119 2253 1260 2308 llemores
1280 2256 1381 2306 tamen
1395 2249 1475 2306 illius
1489 2249 1572 2322 quod
1594 2248 1701 2306 dicitur
1715 2248 1753 2304 de
1775 2250 1844 2313 lien

132 2337 227 2394 oculis
253 2337 354 2394 videre
377 2339 484 2409 gestiat
510 2339 568 2394 hoc
597 2339 697 2411 ipsum
720 2339 800 2395 unde
826 2339 916 2394 dolet.
933 2341 964 2394 Et
1017 2339 1089 2411 quia
1110 2339 1193 2395 dedit
1214 2339 1351 2394 carmina
1373 2339 1405 2394 in
1426 2343 1523 2403 nocte,
1545 2337 1577 2393 id
1598 2343 1652 2403 est,
1670 2335 1847 2394 consolatio·

133 2442 204 2482 cum
231 2442 279 2481 res
308 2427 372 2482 visa
392 2426 461 2498 plus
483 2442 535 2482 cor
557 2427 735 2493 moestitieet,
753 2432 852 2482 tamen
874 2427 962 2498 quasi
1018 2441 1085 2482 nem
1101 2427 1320 2498 Scripturarum
1341 2427 1372 2482 in
1397 2425 1598 2496 tribulatione,
1614 2424 1846 2482 conferebamus

133 2516 173 2572 ed
192 2515 331 2572 solatium
354 2515 454 2571 videre
475 2516 567 2588 cupit,
590 2517 671 2572 unde
696 2517 792 2586 magis
819 2515 966 2573 indoleat
1018 2515 1148 2571 vicissim
1162 2516 1245 2588 quod
1265 2517 1357 2572 menti
1378 2515 1416 2572 ud
1440 2514 1580 2572 solatium
1604 2513 1790 2572 occurrebat.
1806 2517 1847 2568 Ae

134 2603 407 2660 Ferebaturautem
432 2604 507 2660 inter
530 2604 686 2677 plurimos,
702 2605 785 2678 quod
810 2605 887 2662 inter
906 2605 963 2662 ira·
1017 2609 1080 2660 tum
1102 2604 1176 2660 torte
1203 2603 1240 2660 de
1263 2605 1320 2660 hoc
1343 2603 1426 2676 quod
1450 2603 1616 2670 dicebatur,
1633 2618 1700 2660 sese
1723 2600 1848 2672 ingessit

134 2697 193 2748 tres
206 2693 317 2749 nudius
333 2694 434 2750 tertius
455 2697 543 2750 antea
558 2693 708 2750 discordia
722 2695 858 2760 saevierit,
874 2696 962 2766 quin·
1017 2694 1145 2762 occasio,
1163 2699 1194 2750 ut
1217 2693 1299 2750 idem
1327 2693 1497 2764 diligentius
1521 2697 1714 2750 retractatum
1737 2689 1847 2747 scribe-

133 2781 223 2837 etiam
247 2782 341 2854 pridie
363 2797 457 2855 quam
481 2788 585 2839 sancte
600 2784 679 2838 aedes
693 2790 886 2844 cremaretur,
900 2784 964 2856 qui·
1017 2789 1107 2839 retur.
1137 2785 1212 2853 Ergo
1234 2783 1321 2854 juxta
1346 2787 1479 2840 tenorem
1512 2787 1583 2843 tunc
1611 2781 1721 2838 habitae
1746 2779 1848 2838 conia-

132 2869 206 2926 dam
228 2875 297 2926 ante
325 2875 464 2928 sanctum
487 2870 585 2932 ¹altere
610 2877 639 2927 et
663 2872 813 2938 conviciis,
844 2877 873 2928 et
900 2888 964 2928 ver·
1017 2871 1189 2938 bulationis,
1209 2871 1283 2943 quid
1310 2885 1391 2928 nunc
1414 2871 1518 2930 divina
1538 2870 1673 2941 dignatio
1691 2869 1848 2927 indulserit

132 2958 257 3015 heribus
282 2960 432 3032 quosdam
470 2975 507 3016 ex
534 2959 677 3016 iratribus
702 2960 961 3018 dehonestaverit:
983 2959 1201 3051 Cadoriamm,
1229 2959 1328 3031 primo
1354 2959 1526 3026 suadentes,
1554 2963 1585 3014 ut
1609 2959 1696 3028 iaxta
1718 2956 1848 3030 prophe·

133 3048 545 3121 sanctusquoquellartinus
566 3049 688 3104 cuidam
711 3047 895 3121 pauperculo
910 3065 964 3121 per
1019 3053 1090 3116 hm,
1129 3047 1247 3104 vexatio
1281 3047 1379 3104 saltim
1418 3047 1470 3105 det
1501 3045 1683 3102 intellectum
1720 3044 1846 3114 auditui,

132 3137 232 3192 visum
261 3137 452 3210 apparuerit„
470 3141 499 3193 et
518 3137 606 3210 quasi
630 3151 818 3210 conquerens
845 3135 961 3202 dixerit,
1018 3141 1166 3208 quatenus
1190 3136 1450 3206 comminationes,
1465 3151 1543 3208 quas
1567 3137 1644 3190 [leus
1669 3131 1847 3204 pecccatori-

131 3224 217 3299 quod
242 3226 273 3282 in
299 3243 354 3282 sua
380 3225 473 3282 domo
498 3227 536 3282 sit
560 3225 727 3297 injuriatus,
744 3231 773 3282 et
797 3224 911 3282 concite
926 3224 964 3280 sit
1017 3226 1075 3282 bus
1101 3227 1237 3293 intentat,
1262 3225 1307 3282 vel
1334 3241 1388 3298 per
1410 3225 1468 3281 hoc
1495 3222 1579 3296 quod
1607 3221 1716 3278 accidit
1742 3235 1845 3292 exper-

131 3313 203 3370 inde
228 3314 420 3384 migraturus,
451 3319 541 3386 atque
576 3313 616 3371 ad
649 3312 835 3370 tutelensem
864 3312 962 3368 vicum
1018 3319 1073 3382 tas,
1090 3315 1265 3382 timeamus;
1291 3318 1432 3384 rogantes
1460 3312 1566 3370 Christi
1590 3309 1791 3378 clementiam,
1814 3311 1847 3364 ut

131 3407 342 3476 perventurus.
360 3407 402 3460 lte
428 3405 509 3459 enim
537 3402 709 3459 confluebat
731 3403 838 3473 ingens
861 3401 961 3469 turba,
1016 3405 1102 3476 juxta
1123 3403 1197 3460 illud
1222 3403 1288 3474 tob,
1306 3401 1421 3460 molliat
1445 3417 1497 3460 cor
1525 3406 1674 3466 nostrum,
1694 3403 1722 3456 et
1746 3397 1846 3454 cibare

134 3498 166 3547 ut
187 3498 307 3564 putares
330 3492 411 3564 quod
435 3491 578 3548 afflictum
602 3493 660 3549 lob
683 3491 790 3548 vellent
813 3491 902 3548 amici
925 3506 963 3546 ex
1017 3510 1073 3552 nos
1087 3493 1227 3562 dignetur
1247 3507 1332 3570 pane
1349 3493 1565 3564 lacrymarum,
1580 3505 1618 3548 ne
1642 3489 1715 3546 torte
1730 3487 1847 3544 dicatur

132 3579 272 3636 condicto
296 3581 422 3636 visitare.
449 3583 523 3638 Tum
550 3581 674 3653 quidem
701 3586 729 3636 et
753 3593 810 3636 nos
836 3578 964 3636 occurri·
1016 3583 1166 3640 denobisz
1182 3583 1337 3640 attrivisti
1354 3598 1411 3650 ecs,
1427 3595 1481 3639 uec
1495 3579 1780 3650 drtlueructtilem,
1795 3577 1844 3648 ³³3

132 3685 211 3724 mus.
228 3669 327 3726 Oculis
348 3683 419 3726 vero
440 3673 548 3726 cuncta
570 3669 812 3742 percurrentibus
833 3668 963 3724 inunda-
1016 3672 1147 3730 etitem:
1170 3673 1310 3728 Percussi
1320 3672 1467 3741 populum
1491 3685 1597 3734 meum,
1614 3671 1642 3724 et
1665 3682 1683 3724 a
1703 3666 1758 3722 viss
1784 3664 1845 3720 sub

132 3757 208 3814 bant
228 3757 379 3830 lacrymae.
395 3761 427 3816 Et
450 3775 519 3814 eum
544 3757 664 3828 singula
687 3759 814 3830 qualiter
835 3757 962 3816 antevi-
1017 3778 1076 3818 ιιοιι
1100 3767 1142 3818 est
1172 3776 1306 3818 reversus
1332 3761 1405 3831 (der.
1434 3775 1482 3828 xv,
1510 3760 1548 3829 7).
1579 3760 1714 3832 Etcum
1743 3757 1846 3809 nostra

132 3848 256 3930 debant,
272 3847 376 3904 tlenms
391 3847 581 3920 inspicerent,
599 3847 728 3916 gemitis
743 3847 962 3919 irrumpebanh
1017 3850 1196 3924 perversitas
1218 3864 1269 3904 cor
1293 3848 1374 3918 justi,
1401 3845 1509 3902 scilicet
1532 3843 1638 3901 domni
1664 3841 1787 3908 ltartirn,
1808 3840 1847 3896 si-

133 3935 237 3992 tlcrdis
261 3952 331 3992 vero
354 3936 512 4006 sanguine,
528 3935 566 3990 de
586 3949 649 4008 quo
671 3934 814 4006 lacrymae
835 3949 963 3992 naseun-
1017 3942 1067 3994 cut
1090 3937 1163 3992 alias
1187 3935 1328 4000 diximus,
1345 3947 1470 3990 moerere
1498 3931 1681 3994 lacietcum
1707 3945 1764 3985 nos
1794 3943 1846 3999 po

132 4031 191 4088 tur,
216 4025 280 4096 jam
313 4025 458 4082 exhausto
494 4031 586 4092 (nem
615 4023 654 4078 de
681 4023 788 4078 eodem
816 4023 963 4091 sanguiue
1017 4026 1075 4082 tius
1100 4023 1206 4080 viderit
1231 4023 1262 4079 in
1288 4021 1379 4078 rebus
1407 4019 1546 4092 pessimis
1572 4017 1748 4084 exultantes,
1774 4030 1846 4087 que-

133 4114 241 4184 fluunt,
256 4120 285 4171 et
307 4113 376 4171 ideo
400 4130 468 4170 curn
490 4129 546 4186 pre
567 4113 676 4186 pietate
690 4111 867 4178 tunduntur,
884 4127 963 4168 mar·
1016 4118 1100 4170 ratur
1113 4112 1237 4168 dicens:
1263 4109 1399 4166 Sustinui
1419 4109 1471 4180 qui
1484 4108 1599 4182 sultam
1614 4104 1846 4172 contristaretur

134 4203 244 4276 tyrium
266 4203 496 4276 quodammodo
519 4203 694 4273 imitantur),
717 4199 756 4257 ad
780 4200 962 4257 auditorium
1018 4208 1044 4260 et
1068 4217 1129 4257 non
1151 4200 1211 4269 [uit
1226 4198 1430 4269 (Paulusne,
1446 4196 1509 4266 et);
1534 4195 1682 4267 itemque:
1708 4193 1778 4248 Non
1802 4195 1844 4248 est

133 4293 322 4348 secessimus.
345 4295 420 4350 Tum
445 4309 517 4350 vero
542 4291 643 4348 nescio
671 4289 745 4364 quid
774 4290 827 4346 diu
851 4305 962 4346 sermo·
1018 4293 1071 4364 qui
1097 4279 1189 4348 vicera
1226 4303 1320 4345 meum
1345 4286 1444 4344 deleat
1469 4285 1507 4357 (l
1524 4287 1595 4356 lien.
1624 4299 1696 4350 xxn,
1721 4283 1757 4354 8).
1780 4284 1845 4338 lton

133 4383 223 4440 cinati
246 4397 363 4440 sumus.
380 4383 534 4455 Siquidem
556 4381 728 4462 dolentibus
753 4397 818 4438 mos
832 4384 886 4451 est,
899 4395 962 4436 non
1018 4382 1099 4438 enim
1112 4379 1183 4436 satis
1195 4394 1251 4434 noe
1265 4375 1456 4434 remordebat
1470 4373 1616 4433 memorie
1626 4371 1749 4446 peccati.
1759 4369 1845 4437 Quod

132 4471 164 4528 id
187 4471 272 4544 quod
297 4472 372 4528 ratic
396 4472 500 4543 poscit,
514 4471 569 4552 'sed
593 4470 677 4545 quod
704 4470 791 4527 dolor
807 4473 964 4542 extorquet
1017 4471 1074 4528 illis
1101 4483 1182 4541 saepe
1205 4466 1358 4537 contegit,
1371 4466 1425 4538 qui
1450 4469 1479 4522 et
1505 4468 1631 4538 peccata
1651 4478 1707 4518 sua
1720 4475 1783 4518 non
1798 4460 1846 4517 de

132 4560 299 4617 identitare.
326 4560 459 4618 Tandem
482 4559 522 4616 ad
545 4561 602 4618 hoe
628 4565 752 4616 ventum
780 4563 832 4625 est,
862 4563 894 4614 ut
922 4557 962 4614 ad
1016 4555 1165 4622 flent,sed
1179 4555 1279 4630 potius
1300 4552 1507 4626 multiplicant,
1523 4557 1553 4609 et
1572 4549 1646 4608 nihil
1672 4548 1779 4606 accidit
1802 4547 1845 4604 eis

133 4648 245 4705 doloris
255 4653 451 4719 augmentum
465 4648 622 4718 diceretur,
633 4647 716 4721 quod
726 4645 862 4704 nonnulli
872 4645 962 4702 beato
1017 4648 1107 4704 triste.
1133 4643 1216 4702 Unde
1236 4643 1380 4715 scriptum
1408 4647 1475 4697 est:
1502 4640 1579 4707 Quia
1604 4653 1663 4694 non
1684 4637 1845 4706 profertur

133 4738 257 4795 llartino
284 4738 483 4806 detraherent,
512 4738 600 4811 quasi
624 4738 676 4810 qui
703 4751 765 4793 non
794 4741 896 4809 posset
918 4735 962 4790 in·
1017 4738 1075 4793 etto
1099 4741 1204 4792 contre
1228 4733 1321 4788 mulos
1346 4729 1503 4794 sententie,
1529 4726 1718 4798 absqueulte
1739 4723 1846 4806 liniare

133 4827 274 4884 cendium
300 4829 472 4901 reprimere,
499 4843 560 4899 quo
595 4827 722 4883 domum
759 4841 845 4882 suam
878 4825 963 4882 toties
1015 4823 1075 4891 tilii
1095 4823 1247 4878 bornicum
1269 4821 1446 4888 perpetrant
1469 4817 1552 4872 mctc
1574 4815 1683 4886 (Eccle.
1706 4829 1765 4882 vui,
1790 4813 1843 4884 tt).

132 4916 318 4989 permisisset
336 4917 404 4986 igne
426 4915 547 4988 depasci
560 4932 567 4970 ι
579 4913 726 4970 nonnulli
741 4929 863 4986 quoque
885 4913 964 4970 dice·
1017 4911 1073 4968 Sed
1090 4908 1287 4968 conveniebat
1310 4905 1398 4962 nobis
1412 4904 1463 4962 illa
1476 4921 1535 4974 uox
1550 4920 1613 4977 qua
1626 4903 1752 4960 dicitur:
1770 4903 1845 4960 Pro*

132 5011 209 5072 rent,
235 5007 318 5080 quod
342 5006 421 5063 hanc
446 5009 581 5062 nostram
608 5008 724 5060 aetatem
748 5004 812 5074 jam
839 5004 964 5061 haberet
1016 5005 1128 5058 cerunt
1149 5015 1205 5069 me,
1230 5003 1258 5054 et
1285 5012 1347 5054 uon
1375 4997 1454 5054 serui
1476 4995 1578 5068 (Prae.
1611 5009 1688 5060 ιιιιι,
1715 4996 1771 5059 35).
1796 4991 1846 5048 Ad

132 5205 227 5270 lianc,
242 5201 324 5274 quia,
342 5199 467 5272 parvula
481 5198 570 5254 nimis
585 5201 658 5266 erat,
672 5199 845 5269 Perpetuus,
856 5201 885 5252 et
899 5197 963 5270 ipse
1018 5193 1191 5263 coniugium
1205 5207 1260 5265 pro
1273 5190 1425 5274 'Chremmi
1446 5187 1604 5272 quondam
1619 5183 1846 5265 circumventio·

131 5276 241 5330 Turorn
253 5274 454 5344 episcopans
470 5270 581 5326 Briccio
594 5268 756 5336 secundus,
766 5267 962 5338 submovens,
1017 5282 1055 5322 ne
1070 5265 1195 5330 lecisset,
1212 5263 1368 5320 Eutromus
1392 5263 1526 5318 decimus
1536 5263 1661 5337 octavus
1674 5267 1844 5334 episcopus,

133 5343 451 5403 construxitaliamam
475 5341 578 5400 liorem
586 5339 768 5411 miroopere.
778 5353 871 5412 quam
882 5339 962 5416 idem
1018 5337 1126 5417 camin⁴
1136 5335 1186 5390 illa
1197 5303 1467 5416 quapriusl'uerat
1481 5331 1627 5406 elegantia
1642 5329 1790 5406 reparavit
1812 5327 1845 5412 et

132 5413 292 5481 Gregorius
304 5358 507 5469 describitfib.
522 5429 549 5478 ιι,
562 5427 628 5484 cap.
641 5414 682 5476 lt,
692 5415 720 5466 et
732 5409 762 5464 in
778 5410 842 5489 ejus
856 5407 963 5465 absida
1018 5407 1166 5464 illothario
1179 5421 1248 5476 rege
1268 5403 1424 5462 ordinante
1440 5402 1546 5457 stanno
1560 5397 1726 5478 'cooperuit
1743 5399 1775 5451 ut
1790 5367 1844 5450 lra-

132 5487 257 5542 beatum
273 5501 381 5557 corpus
394 5483 488 5556 ipsitts
504 5479 679 5538 venerabilis
694 5485 787 5536 sancti
805 5479 961 5536 transtulit.
1017 5480 1066 5536 het
1079 5479 1143 5550 tam
1158 5475 1256 5534 dictus
1274 5477 1530 5548 bregantinos,
1547 5467 1597 5524 hb.
1615 5478 1654 5535 nr,
1671 5477 1737 5540 cap.
1754 5465 1800 5535 203
1816 5461 1845 5522 et

133 5559 244 5613 Verum
258 5561 286 5614 et
305 5556 363 5613 ha'c
378 5563 431 5629 per
447 5552 653 5611 willeharium
668 5559 907 5623 succensemus
921 5549 963 5608 ibi
1016 5550 1068 5607 lib.
1084 5563 1113 5606 ιιι
1126 5563 1193 5622 cap.
1210 5549 1262 5606 ult.
