4156 6182
121 129 171 184 {05
290 143 292 148 ’
516 121 868 182 nrlrollss'llbltnllull
887 124 916 182 S.
937 122 1038 178 GREG.
1059 122 1094 178 ΙΝ
1112 119 1185 177 JOB.
1206 149 1240 160 —
1258 119 1433 178 llONlTUll.

123 341 327 354 m

611 473 949 595 SANG'I'I
995 470 1334 591 01³0le

742 676 891 732 laseris
911 672 1164 730 cubulacuusls
1184 675 1207 728 ll

479 861 1041 1011 Menenium
1098 860 1203 1000 ΙΝ
1259 863 1458 1006 lou

765 1105 906 1172 LIBRI
940 1105 1090 1172 XXXV
1120 1099 1189 1185 (54),

161 1271 299 1332 Primum
320 1279 337 1332 e'
364 1282 461 1333 uetere
487 1293 541 1334 ms.
564 1275 648 1333 eruti
663 1292 699 1334 ee
719 1275 750 1334 in
773 1273 868 1335 lucem
891 1271 968 1334 editi
993 1271 1092 1332 studeo
1113 1281 1141 1332 et
1164 1271 1325 1351 diiipentie
1348 1270 1454 1332 domni
1476 1272 1608 1334 Martini
1632 1273 1793 1337 Mensura
1824 1275 1829 1283 '

272 1372 453 1432 monasterii
471 1370 507 1433 S.
528 1371 657 1432 Martini
681 1371 716 1432 de
744 1369 866 1453 Campis
886 1370 1082 1446 Perr'se'ensis,
1104 1369 1237 1449 ejusdem
1258 1369 1374 1430 ordinis
1395 1369 1538 1432 rnonucbi
1549 1373 1686 1453 professi

486 1503 538 1574 (Ex
554 1503 736 1562 Bibliotheca
749 1503 885 1562 maxima
899 1506 1020 1561 Patrum
1034 1501 1105 1560 edit.
1121 1502 1270 1574 lugdun,
1288 1506 1359 1559 tom.
1372 1503 1465 1575 llVll.)

826 1763 1136 1858 LECTORI.

157 2053 342 2115 sanctissimi
357 2055 470 2113 odonis
485 2055 687 2130 cluniacensis
701 2055 796 2113 nostri
815 2055 952 2113 antistitis
972 2060 996 2114 l
1010 2057 1114 2113 omnia
1128 2057 1266 2128 exempla
1274 2056 1457 2128 reducenda,
1473 2063 1518 2117 cst
1530 2059 1613 2117 Pauli
1623 2061 1663 2118 ad
1675 2061 1768 2122 Galat.
1773 2105 1781 2134 ‚
1798 2081 1835 2127 iv,

119 2126 247 2184 secundi
257 2141 335 2199 opus
345 2125 375 2182 in
387 2126 497 2182 lobum
510 2125 634 2183 habenti
646 2127 677 2182 in
686 2127 842 2199 publicum
854 2127 952 2198 cdere,
1010 2126 1063 2182 ubi
1076 2126 1149 2184 dicit
1166 2130 1257 2184 :Haec
1276 2134 1375 2185 cutem
1389 2130 1471 2186 dieto
1485 2137 1556 2187 sunt
1579 2147 1637 2202 per
1648 2134 1836 2204 alopeciam.

120 2197 197 2254 illud
225 2196 354 2253 breviter
381 2196 419 2252 de
445 2196 585 2253 sensibus
609 2197 720 2270 quibus
745 2201 851 2254 sancta
865 2201 954 2256 Mater
1009 2199 1078 2254 lam
1093 2213 1164 2268 ergo
1178 2213 1216 2254 ex
1229 2197 1279 2254 illo
1294 2199 1360 2255 loco
1385 2199 1463 2256 duos
1490 2201 1640 2258 hahemus
1661 2219 1767 2262 sensus
1792 2222 1840 2262 cx-

120 2267 253 2326 Ecclcsia
277 2266 422 2324 catholica
438 2283 493 2326 sua
522 2283 612 2324 sensa
635 2283 726 2324 conce
751 2274 858 2342 iusque
882 2285 953 2325 suos
1008 2284 1140 2342 pressos,
1164 2268 1298 2342 primum
1320 2269 1488 2338 litteralem,
1511 2273 1679 2329 secundum
1704 2274 1838 2348 allegori-

118 2355 184 2396 non
212 2353 274 2394 unc
298 2335 390 2404 modo
419 2338 630 2420 suistaperirc,
654 2285 824 2410 anchaare,
840 2355 953 2414 eosque
1009 2356 1089 2396 cum.
1107 2343 1155 2396 Est
1170 2344 1270 2398 autem
1295 2340 1439 2412 allegoria
1459 2347 1606 2414 perpetua
1621 2347 1650 2400 et
1665 2345 1840 2404 continuata

118 2410 229 2467 docere
244 2407 328 2480 solet,
344 2425 381 2466 ca
394 2413 585 2490 potissimum
610 2409 724 2468 ratione
749 2411 952 2485 perstringcn·
1008 2410 1164 2492 parabola,
1187 2412 1312 2484 quando
1341 2412 1442 2468 scilcet
1456 2428 1552 2469 unum
1571 2412 1688 2482 dicitur,
1716 2419 1745 2472 ct
1757 2417 1839 2474 aliud

119 2481 196 2538 dum
211 2485 264 2538 cst.
290 2479 374 2554 quod
394 2485 488 2537 instar
503 2481 600 2553 llagni
615 2480 694 2538 illius
716 2481 848 2553 Gregorii
863 2499 953 2538 suum
1007 2481 1188 2564 intelligitur.
1216 2482 1260 2540 llli
1286 2483 1348 2540 duo
1376 2499 1484 2540 sensus
1506 2484 1676 2556 probantur
1699 2502 1736 2543 ex
1753 2488 1838 2546 tertio

118 2552 213 2610 hocce
228 2551 371 2625 scriptum
385 2551 539 2609 lloralium
554 2551 636 2610 titulo
656 2553 822 2622 donaverit,
847 2553 953 2636 inquo
1006 2553 1140 2622 loannis,
1166 2553 1219 2610 uhi
1246 2553 1318 2612 dicit
1343 2556 1556 2612 :Scrutamini
1576 2557 1762 2626 Scriptores.
1789 2561 1839 2616 Est

119 2628 230 2697 praeter
268 2622 414 2680 moralem
461 2623 631 2694 allegorico,
672 2625 784 2697 typico,
827 2627 951 2697 tropico,
1007 2623 1088 2680 enim
1098 2623 1140 2681 ibi
1154 2625 1377 2682 commendatio
1388 2641 1493 2683 sensus
1501 2625 1643 2684 litteralis.
1655 2627 1838 2700 eflegoncus

119 2696 261 2780 mystico,
274 2697 303 2776 et
317 2693 382 2750 aliis
396 2664 427 2750 ici
443 2709 539 2764 genus
552 2694 644 2752 utitur
665 2695 813 2752 sensibus.
831 2699 864 2752 ln
887 2695 953 2778 ipsa
1007 2695 1302 2778 autemprohaturer
1318 2697 1471 2771 plerisque
1484 2699 1701 2772 prophetarum
1711 2704 1838 2758 stavan-

121 2771 212 2838 rgrtur
227 2765 378 2838 Scriptura
393 2779 479 2822 sacra
493 2768 560 2822 octo
580 2781 707 2822 numero
723 2781 831 2823 sensus
850 2782 953 2839 proecr·
1008 2765 1181 2838 gchstarum
1191 2767 1275 2832 locis,
1289 2767 1342 2824 ubi
1354 2767 1462 2825 dicitur
1474 2770 1526 2826 :In
1535 2771 1693 2840 parobolis
1702 2774 1837 2843 operiam

121 2853 183 2911 pue
204 2835 411 2920 commendari
431 2835 644 2962 propriissimis
658 2836 743 2918 'locis
765 2837 954 2918 comperiun·
1007 2853 1039 2919 cs
1053 2852 1150 2894 meum
1159 2850 1170 2910 ;
1186 2841 1234 2894 et:
1251 2839 1319 2919 Non
1331 2841 1391 2920 nisi
1403 2854 1458 2908 per
1470 2841 1644 2964 parabolas
1661 2843 1839 2913 mqucbotur

121 2915 181 2980 tur,
197 2905 307 2964 scilcet
323 2924 329 2962 :
343 2907 439 2963 littam
451 2923 487 2978 is,
502 2906 549 2963 vel
561 2907 740 2976 historicus;
762 2907 951 2978 allegoricus,
1009 2923 1058 2965 ees.
1071 2909 1148 2978 Ergo
1164 2913 1291 2989 apparot
1302 2907 1369 2964 illos
1395 2925 1446 2965 am
1493 2925 1548 2965 uos
1569 2927 1676 2967 sensus
1694 2913 1839 2970 contineri

121 2979 171 3036 val
183 2978 375 3052 parabolicus
389 2996 395 3046 ;
423 2977 638 3050 tropologicus,
651 2977 699 3034 vel
712 2978 930 3051 etymologicus
945 2997 952 3046 ;
1007 2977 1040 3034 in
1055 2977 1223 3051 Scriptuns.
1237 2979 1349 3034 Tertius
1361 2995 1377 3034 e
1389 2979 1480 3035 icitur
1490 2995 1527 3035 ax
1541 2981 1649 3036 codem
1663 2982 1740 3046 loco,
1755 2983 1838 3039 vide·

122 3047 374 3122 anagogicam
390 3047 479 3106 anolo
503 3049 584 3118 'cus;
601 3049 729 3131 typicus,
742 3049 791 3106 vel
805 3049 954 3122 exempla·
1008 3047 1076 3106 licat
1090 3063 1197 3104 sensus
1213 3049 1426 3122 tropologicus,
1443 3048 1496 3104 ubi
1506 3049 1596 3106 dicit:
1612 3053 1671 3106 Nos
1681 3067 1746 3108 csse
1760 3051 1838 3109 filies

139 3122 146 3133 '
537 3119 768 3194 repertionalis;
797 3119 952 3194 mysticus,
1008 3119 1120 3190 bbere,
1134 3123 1167 3176 ut
1182 3119 1348 3176 sicutlsaac
1363 3119 1420 3176 luit
1430 3121 1526 3176 haeres
1538 3121 1676 3190 Abrahae,
1692 3123 1734 3180 ita
1748 3122 1839 3180 etiam

121 3193 171 3250 vel
182 3191 289 3266 apocal
334 3191 428 3260 ticus;
444 3195 473 3246 et
520 3191 610 3250 timus
630 3191 954 3260 boarcademicus,ch
1008 3205 1065 3248 nos
1078 3190 1173 3248 simus
1185 3190 1320 3247 haeredes
1334 3189 1552 3264 promissionis.
1573 3194 1624 3249 Est
1640 3192 1721 3250 enim
1735 3198 1838 3268 tropo-

144 3263 268 3340 rimordi
302 3263 337 3318 's.
354 3263 488 3329 Quorum
499 3261 637 3336 exempla
651 3267 679 3320 ct
692 3263 759 3320 loca
775 3267 951 3336 sequuntur.
1008 3261 1088 3333 logia
1112 3262 1298 3336 comparatio
1313 3261 1455 3336 quaedam
1479 3263 1602 3320 moralis
1617 3270 1686 3322 ante
1701 3269 1838 3324 actorum

121 3280 159 3392 Xl
177 3339 209 3391 ut
222 3333 328 3391 molius
343 3331 556 3405 intelligantur,
575 3349 611 3390 ex
629 3349 691 3390 uno
707 3334 775 3391 loco
795 3335 953 3407 Scripturas
1009 3333 1214 3406 superioribus
1242 3333 1428 3408 temporibus
1452 3333 1493 3391 ad
1516 3339 1619 3393 nostra
1644 3353 1741 3411 usqua
1765 3341 1839 3394 tem-

121 3138 181 3188 r1s;
201 3119 414 3194 anaphoricus,
442 3063 536 3248 we?

122 3421 181 3481 pro
195 3403 335 3463 omnibus
350 3409 394 3462 est
417 3404 508 3486 etiam
522 3419 647 3462 necesse
672 3403 739 3488 illos
762 3405 952 3489 confirmare,
972 3411 994 3466 Β
1007 3421 1094 3532 pora,
1120 3409 1153 3461 ut
1180 3404 1314 3488 similiter
1338 3421 1478 3477 agamus.
1494 3407 1529 3462 nt
1543 3422 1604 3464 uno
1618 3408 1720 3491 verbo,
1735 3413 1838 3483 tropo-

122 3493 268 3560 expresso
281 3476 418 3559 ejusdem
436 3478 604 3560 ,Scripturas
632 3479 801 3560 teshmomo
826 3493 864 3560 cr
888 3471 953 3534 abrs
1019 3491 1089 3547 ogra
1102 3479 1147 3533 est
1160 3475 1318 3560 discursus
1332 3493 1464 3560 merum.
1481 3478 1682 3562 confirmatur
1704 3483 1760 3536 istc
1775 3495 1840 3562 sen-

122 3549 211 3607 lccis.
227 3550 320 3606 Locus
331 3551 420 3620 igitur
433 3547 482 3604 illc
500 3563 532 3604 sn
552 3563 644 3624 quem
658 3548 747 3606 nobis
761 3552 830 3606 sunt
851 3548 954 3606 isthaec
1009 3564 1061 3604 sus
1072 3549 1100 3620 (Ι
1111 3548 1180 3620 Cer,
1192 3548 1252 3622 xv),
1266 3548 1320 3604 ubi
1334 3549 1406 3606 dlolt
1418 3549 1581 3622 Apostolus
1595 3567 1601 3606 :
1621 3551 1702 3608 Sicut
1713 3551 1838 3625 protun-

160 3690 215 3764 (stt
232 3689 353 3748 lloralia
365 3690 461 3748 sancti
473 3690 605 3762 Gregorii
615 3689 647 3747 in
657 3689 714 3748 lob
730 3695 864 3749 asancto
875 3691 954 3748 Ode·
1008 3693 1153 3750 eliserunt
1161 3691 1322 3750 Dominum
1345 3693 1450 3750 dende
1462 3695 1627 3752 ordinatim
1644 3697 1675 3753 in
1690 3697 1838 3754 subselliis

120 3767 162 3819 nc
178 3761 287 3820 abbate
302 3761 489 3820 cluniacensi
505 3761 638 3820 secundo
661 3761 805 3832 breviata,
829 3765 955 3819 testatur
1008 3764 1159 3821 sederunt.
1175 3764 1274 3837 Atque
1297 3771 1365 3835 post
1390 3766 1660 3836 praecisamentis
1686 3783 1787 3824 eorem
1806 3769 1839 3824 in

121 3833 256 3890 domnus
277 3834 409 3890 ioannes
437 3833 536 3901 ltalus,
549 3833 718 3890 monachus
739 3832 953 3900 cluniacensis,
1009 3835 1139 3892 medium
1157 3835 1320 3904 prosiliens
1335 3836 1413 3892 dicit
1427 3851 1439 3892 .·
1454 3835 1604 3904 Quidnam
1632 3843 1675 3894 esi
1691 3840 1772 3910 quod
1785 3840 1840 3895 hoc

121 3909 230 3962 auctor
238 3904 308 3961 Vitae
317 3904 464 3976 ejusdcm,
475 3903 523 3960 bis
536 3903 636 3960 verbis
652 3905 726 3961 :Per
735 3905 816 3961 illud
826 3919 956 3976 nemque
1010 3907 1042 3961 in
1057 3906 1120 3962 loeo
1135 3908 1359 3962 immeramur?
1386 3906 1494 3963 Ceteri
1507 3921 1576 3964 vero
1593 3908 1770 3980 Greperium
1782 3925 1839 3979 pc-

121 3981 240 4046 tempus
268 3979 392 4045 repulus
408 3979 450 4030 est
464 3989 483 4030 e
495 3975 645 4044 frutribus
672 3990 702 4031 se
716 3975 909 4045 dilipentibus
922 3979 956 4029 ut
1007 3990 1081 4046 pom
1103 3981 1277 4044 inspectore
1297 3991 1328 4032 se
1353 3977 1505 4047 inquiunt.
1528 3979 1594 4032 Hoc
1607 3980 1733 4034 audiens
1746 3981 1841 4034 Peter

119 4047 260 4105 Moralio
275 4045 354 4110 beuti
368 4043 506 4114 Grepcrii
517 4058 605 4114 pupae
617 4043 671 4099 snb
684 4060 744 4100 uno
759 4047 800 4100 eis
822 4049 955 4102 coareta-
1011 4049 1111 4101 noster
1127 4045 1200 4114 Ode,
1216 4047 1296 4101 uelut
1313 4046 1419 4101 ouidm
1435 4046 1611 4114 induentur,
1627 4049 1716 4115 eoepit
1732 4049 1790 4102 bue
1805 4049 1842 4102 il·

118 4122 172 4178 ret
185 4115 346 4172 uolumine.
362 4113 421 4170 llle
439 4119 538 4170 auten
549 4113 704 4184 professus
719 4119 805 4171 estse
830 4115 894 4170 bae
903 4115 957 4170 rni-
1013 4117 1120 4185 tueque
1133 4114 1370 4184 circumspicere,
1382 4129 1514 4185 quonam
1525 4128 1563 4171 ee
1571 4121 1663 4185 perte
1676 4117 1841 4174 uenientem

121 4189 205 4246 nime
216 4186 320 4257 facee
330 4199 424 4256 pesse,
439 4184 552 4242 addens
567 4185 656 4242 etiem
668 4185 695 4240 si
700 4185 837 4255 foenum
848 4183 960 4256 opendi
1013 4201 1078 4244 eum
1092 4191 1193 4270 posset
1218 4185 1328 4242 uidere.
1342 4185 1457 4242 Deinde
1468 4186 1590 4244 cunetis
1603 4188 1698 4244 oculis
1711 4203 1841 4260 sursum,

122 4259 184 4328 sibi
195 4257 321 4326 adesset,
337 4263 436 4314 tomen
460 4271 521 4313 nen
537 4256 643 4313 debere
669 4270 700 4312 se
726 4256 894 4327 decepere,
922 4269 959 4313 ne
1012 4257 1215 4330 quaererem
1229 4257 1351 4314 murum
1366 4257 1446 4314 uidet
1461 4256 1577 4314 beatum
1588 4258 1775 4330 Greperium,
1791 4261 1843 4317 sed

125 4330 208 4388 tenti
226 4329 287 4386 viri
299 4329 442 4396 laborem,
458 4327 595 4402 tentique
604 4327 702 4398 operis
724 4328 853 4398 pretium
868 4328 959 4384 aliter
1012 4330 1097 4385 ultre
1122 4343 1223 4384 omnes
1256 4329 1513 4399 uiprncesserent
1532 4332 1721 4400 cumcuim,
1737 4333 1844 4403 speeie·

124 4403 297 4469 inmutare,
314 4401 361 4457 uel
374 4399 493 4483 aliquid
506 4399 623 4456 ducere
643 4398 805 4482 uideretur.
821 4399 958 4456 Econtre
1011 4413 1068 4528 ppo
1096 4406 1124 4456 et
1148 4343 1281 4484 moribqus
1306 4399 1553 4472 persplendidum
1579 4408 1669 4475 atque
1690 4410 1841 4462 ornatum.

125 4473 178 4530 illi
191 4471 379 4542 opperrebent
392 4485 419 4528 er
432 4475 522 4528 anteo
534 4469 697 4537 succumbe,
710 4485 801 4542 quom
815 4475 899 4528 tento
912 4471 958 4527 lo·
1045 4487 1086 4528 oe
1100 4477 1235 4528 uincente
1248 4471 1302 4528 iile
1314 4487 1414 4529 menes
1427 4487 1481 4528 sur
1502 4478 1567 4542 unt,
1577 4479 1606 4531 et
1617 4475 1705 4544 slecis
1719 4476 1843 4533 ceruici-

128 4541 884 4612 beresustineri,etsetiusessejudieobentsnnditus
892 4557 959 4598 eum
1014 4543 1067 4600 bus
1083 4542 1314 4600 benedictionem
1325 4549 1443 4614 petunt.
1489 4545 1529 4600 lle
1543 4559 1612 4601 uere
1627 4561 1687 4602 non
1702 4548 1782 4602 inter
1796 4561 1844 4604 eos

127 4613 959 4698 demere,eiadreliquosScriptnrostranspredi,quom
1014 4613 1150 4671 deorsum
1167 4629 1259 4686 usqne
1273 4615 1434 4678 deseendit,
1451 4615 1503 4670 sed
1524 4631 1614 4686 super
1625 4617 1779 4674 ambonem
1798 4631 1844 4673 ec-

128 4686 319 4744 s'ubecvelut
355 4700 423 4743 rom
436 4685 514 4742 mole
533 4684 666 4742 interire.
684 4683 901 4751 Quotidienem
945 4698 960 4740 e
1014 4685 1111 4742 etesiae
1137 4685 1280 4751 substitit,
1301 4690 1329 4740 et
1349 4690 1468 4754 petrem
1495 4693 1630 4743 nostrum
1659 4692 1844 4744 terratenus

129 4757 213 4827 opud
226 4773 274 4815 eos
283 4758 320 4814 de
329 4701 387 4815 Xer
397 4771 430 4814 re
439 4771 499 4812 non
509 4755 707 4826 pervertebat
716 4755 883 4812 altercatio.
923 4770 961 4826 pc
979 4761 1201 4830 cprestretum
1229 4755 1366 4838 inquiens
1379 4757 1495 4812 vecocit
1512 4773 1519 4811 ε
1537 4759 1644 4828 Surpe,
1660 4759 1760 4828 freter
1774 4759 1844 4826 Ode,

130 4835 230 4886 tomen
244 4830 305 4886 seio
315 4843 406 4899 super
419 4828 476 4885 boc
490 4842 523 4884 re
534 4827 644 4884 mullos
656 4826 828 4898 indipnntos
839 4827 916 4896 scre,
932 4830 962 4882 ot
1015 4827 1080 4884 noli
1093 4827 1205 4882 timere.
1218 4826 1275 4894 Quo
1287 4841 1355 4882 cum
1370 4827 1560 4898 sumspisset,
1569 4827 1644 4884 cidit
1657 4829 1752 4886 ueluti
1764 4845 1847 4886 mere

130 4900 327 4958 adsedendos
342 4914 389 4957 ecs
401 4899 480 4956 bone
499 4897 569 4955 libet
578 4897 726 4955 rationem
740 4898 962 4968 insereremur
1015 4897 1171 4968 scriptoris
1195 4911 1286 4966 super
1311 4898 1484 4956 euriculom
1503 4899 1567 4968 ejus
1596 4898 1758 4958 boerentem
1775 4917 1847 4972 pen·

130 4971 211 5028 enim
219 4971 401 5040 bebetetud
417 4974 544 5042 propter
568 4969 847 5042 errepontiom,sed
865 4968 963 5039 dispo·
1017 4984 1098 5032 nem,
1114 4973 1141 5024 et
1155 4968 1242 5039 quusi
1253 4967 1382 5025 doctoris
1406 4969 1577 5040 mepisterio
1589 4971 1761 5041 productim
1777 4988 1847 5030 ecu-

129 5043 362 5126 nenteltcrnino,
373 5047 407 5099 ut
415 5058 506 5114 super
514 5045 644 5100 montem
655 5046 819 5110 portemur
826 5042 961 5106 lucerne,
1017 5040 1173 5123 minutam,
1189 5045 1218 5096 et
1231 5041 1263 5094 in
1277 5040 1499 5123 summofinom.
1511 5041 1605 5124 wem
1616 5059 1734 5102 sumens
1746 5045 1847 5100 beetm

130 5113 963 5309 stentsattelsslutdripbtn‘ini
1018 5111 1848 5254 ilit⁰3²tttllttiltt⁰tinbtnbrt-..tans

130 5256 218 5325 rebit,
235 5256 297 5313 iilis
310 5255 446 5314 videlieet
459 5255 723 5326 persistentibusin
761 5269 797 5310 oe
807 5255 962 5324 petitione,
1019 5268 1105 5326 quem
1120 5267 1189 5309 uero
1198 5255 1395 5323 composueris
1404 5255 1514 5311 tibrum
1528 5271 1589 5313 non
1598 5252 1755 5333 delebitur,
1764 5266 1849 5334 meus

128 5327 248 5398 fectum
262 5331 353 5385 estut
384 5327 496 5384 nodum
509 5326 732 5384 noctedcmnus
748 5324 809 5380 Ode
822 5327 904 5382 intro
918 5339 964 5381 ee·
1019 5329 1119 5382 eutem
1135 5323 1225 5380 stabit
1240 5325 1271 5380 in
1287 5331 1441 5382 aetenum.
1470 5325 1510 5382 Et
1525 5329 1665 5384 continuo
1692 5322 1848 5394 conpetens,

131 5399 254 5456 clesiom
271 5399 350 5456 beeti
395 5398 646 5455 artinieomuetae
658 5397 791 5454 orationi
804 5396 964 5464 insisteret,
1020 5391 1173 5454 inteliem't
1195 5398 1334 5466 protinus
1362 5398 1443 5470 quod
1457 5397 1583 5454 uideret.
1597 5395 1723 5449 Sumons
1742 5394 1850 5452 debinc

132 5475 161 5526 ct
173 5485 240 5527 eree
252 5470 351 5527 subito
365 5469 397 5524 in
412 5483 477 5524 eum
492 5483 612 5524 somnus
633 5467 772 5540 obrepsit,
786 5467 921 5594 viditpuc
934 5467 965 5521 in
1021 5469 1159 5550 volumen
1172 5467 1254 5523 illud
1268 5483 1421 5539 moenum,
1436 5468 1598 5590 digpemer
1607 5463 1749 5536 pertepit,
1763 5472 1791 5521 et
1806 5481 1852 5550 sm

132 5541 236 5602 eadem
250 5538 851 5600 visionesnnetcrumebcrumuenientem
880 5553 967 5594 esur
1020 5553 1135 5596 rnorem
1147 5543 1266 5608 portem
1281 5554 1371 5612 quom
1385 5549 1469 5617 prae
1502 5539 1536 5596 tt,
1552 5532 1607 5590 sub
1624 5551 1684 5594 une
1700 5537 1852 5615 columine

132 5627 199 5670 mm
209 5615 242 5671 in
249 5613 383 5672 eamdem
394 5610 547 5669 ecetesiam
559 5609 874 5684 descendere-etesius
886 5609 967 5688 bene·
1022 5611 1274 5682 compescuntur
1282 5610 1850 5676 murmurationemecrumeompesemt.

366 5703 489 5759 Penios..
518 5695 640 5757 Glllllllll
1640 5699 1658 5752 i
