4110 6138
225 151 277 205 stt
575 191 578 200 .
750 136 778 194 S.
799 133 928 192 000le
945 129 1093 190 annana
1110 127 1361 185 astariacensis
1378 129 1411 183 ll.
1880 121 1931 176 'tid

225 270 267 326 ria
287 265 426 340 obsequii
447 261 604 328 beneficia,
621 277 685 318 sua
709 257 951 332 compunctionis
965 255 1053 311 ttam-
1072 252 1214 320 stendit,
1231 255 1322 324 caput
1336 227 1471 324 protecto
1487 248 1568 305 itlius
1588 246 1806 326 pretiosissimo
1817 244 1938 318 perium

226 375 309 416 mam
323 373 359 412 se
380 352 547 411 dilectionis
562 351 709 408 fervorem
725 349 878 417 intimans,
894 363 929 403 ac
944 345 969 402 si
982 343 1056 417 ipsis
1110 341 1153 397 dit
1173 346 1336 410 unguento.
1363 339 1449 406 Quod
1475 354 1545 396 vero
1572 337 1667 392 tudes
1691 335 1811 392 iscariot
1834 337 1937 389 conus

225 439 630 517 loqueretur-verbis,dioens
648 440 692 496 :0
709 437 835 496 bomine.
846 438 917 492 Jcsu
930 434 1057 490 clemen-
1110 431 1188 486 hanc
1205 429 1428 485 sanctissimam
1442 427 1597 484 mulierem
1621 425 1794 494 indignatus
1810 422 1937 478 dicitur:

226 535 348 604 tissime,
364 533 417 607 qui
432 531 536 589 curnis
557 529 616 587 sais
639 533 668 586 ct
688 527 825 584 cordium
851 527 1002 598 inspector
1025 538 1057 578 es
1109 536 1165 593 pro
1180 519 1324 575 effusione
1338 518 1411 575 tanti
1426 517 1580 588 unguenti,
1593 515 1791 587 daturaparte
1804 511 1938 580 intelligi,

226 639 325 690 verus,
338 623 391 695 qui
406 637 468 678 non
482 619 527 676 vis
542 621 671 674 mortem
679 621 882 690 peccatorum,
895 613 947 670 sed
959 611 1057 681 magis
1110 609 1182 682 quia
1196 609 1316 681 reprobi
1329 613 1357 664 et
1366 607 1501 664 infideles
1512 609 1615 662 eontra
1629 609 1766 660 sanctam
1777 601 1939 658 Ecclesiam

226 717 260 770 ut
273 713 485 768 convertantur
498 712 525 764 ct
533 705 647 775 vivant,
655 709 686 761 tu
693 705 759 776 ipse
772 698 993 772 intelligisquid
999 697 1058 754 mci
1110 697 1245 770 quotidie
1257 697 1384 754 sariunt
1396 697 1521 769 ejusque
1535 694 1682 765 derogant
1698 691 1834 760 religioni
1845 707 1881 747 ac
1892 688 1940 744 de

226 799 395 872 deposcant
408 795 566 866 singultus
582 793 657 866 quid
676 792 818 865 lacrymoe
832 791 872 847 ab
893 791 955 845 imo
968 792 1057 844 erutae
1111 785 1232 856 votioni,
1246 786 1380 842 rident-es
1392 801 1446 857 per
1462 789 1594 856 quatuor·
1608 781 1715 838 mundi
1735 780 1851 853 plagas,
1868 777 1940 832 doo-

226 887 371 959 ilagitent,
382 884 457 958 quid
466 886 793 940 meusamerusexoret
803 879 940 951 gemitus.
951 878 1059 932 Pceca·
1112 876 1189 931 trina
1203 875 1298 947 ipsius
1314 878 1343 930 et
1358 873 1514 945 exemplis,
1530 871 1694 928 divinitatis
1709 869 1827 925 Domini
1839 871 1942 941 poten

228 977 285 1035 trix
301 991 370 1034 sum
383 978 412 1032 et
426 970 595 1038 immtmde,
605 975 634 1027 et
643 971 780 1026 omnium
788 967 989 1025 nefandorum
1001 965 1057 1022 cri-
1113 966 1195 1033 tiam,
1209 969 1238 1020 et
1250 962 1444 1019 humanitatis
1463 962 1527 1032 ejus
1548 959 1738 1018 clementiam
1753 957 1869 1014 curretis
1884 954 1941 1012 clu·

228 1065 347 1124 minum
359 1061 557 1134 labepolluta.
566 1059 623 1116 Sed
634 1058 812 1133 quiameam
827 1057 868 1114 ab
880 1055 968 1112 annis
978 1054 1059 1127 prio·
1112 1054 1217 1110 ruisse.
1231 1052 1315 1110 Unde
1328 1057 1356 1108 et
1367 1052 1405 1108 de
1420 1053 1478 1108 hac
1489 1054 1593 1107 sancta
1604 1049 1728 1104 muliere
1742 1064 1812 1120 qum
1826 1061 1942 1119 praere·

228 1154 312 1214 ribus
320 1151 633 1220 contaminavivitam,
643 1146 885 1204 adteDominum
894 1160 997 1200 meum
1007 1142 1060 1216 qui
1112 1144 1156 1200 nit
1172 1158 1284 1214 ungere
1299 1157 1408 1214 corpus
1424 1140 1551 1208 bomini,
1564 1139 1661 1212 inquit
1674 1139 1756 1210 ipse:
1767 1138 1868 1192 Amen
1877 1135 1943 1189 diso

230 1244 335 1302 carita
344 1239 617 1310 aemruaconfugio,
632 1233 1060 1309 utmaleperditamrestituas
1113 1234 1203 1301 votis,
1233 1234 1402 1303 utusque
1423 1233 1625 1301 predicatum
1648 1230 1746 1300 suerat
1769 1227 1826 1283 tar
1848 1226 1945 1280 Ere*

230 1334 367 1404 vitamet
376 1346 426 1388 mc
436 1328 615 1386 debarathri
624 1325 929 1384 faucibusolemcnter
939 1322 1058 1395 eripias,
1112 1324 1224 1394 pedum
1238 1323 1270 1377 in
1283 1327 1344 1378 tcto
1359 1312 1482 1390 munda
1496 1321 1650 1376 ditaturae
1661 1317 1741 1390 quod
1749 1318 1811 1374 hae
1823 1315 1900 1385 secat
1914 1315 1943 1368 tn

231 1420 459 1484 misericorditer
470 1418 589 1484 meres,
606 1419 741 1489 potenter
756 1413 927 1476 abstrahas,
942 1411 994 1483 qut
1015 1426 1061 1466 se
1112 1411 1287 1467 mererium
1310 1412 1374 1480 ejus
1395 1409 1500 1480 (Marc.
1516 1424 1576 1472 xiv,
1593 1407 1630 1478 9).
1652 1405 1801 1472 Quoniam
1821 1418 1885 1458 nou
1902 1417 1946 1456 so

230 1511 280 1568 lus
295 1509 431 1568 laborem
450 1512 478 1564 et
492 1506 629 1563 dolorem
644 1503 828 1560 consideras.
845 1501 923 1567 Ouid
936 1515 1009 1556 vero
1024 1515 1061 1554 ex
1112 1499 1176 1555 lum
1187 1499 1216 1554 in
1232 1503 1294 1554 toto
1309 1497 1424 1553 mrrndo
1438 1497 1476 1553 de
1487 1498 1543 1553 bac
1555 1501 1660 1552 sancta
1667 1491 1945 1565 mrdiereprmdica-

230 1598 410 1671 htrjusmodi
432 1594 599 1654 ddectionis
619 1592 808 1666 professione
820 1593 982 1647 consecuta
1003 1587 1060 1656 sit3
1115 1592 1172 1653 tur,
1185 1587 1269 1660 quod
1284 1586 1399 1642 unxerit
1414 1590 1505 1658 caput
1517 1584 1644 1652 ltomini;
1658 1583 1712 1639 sed
1726 1578 1948 1642 ctdchcclesis

231 1683 634 1762 ipsehominusmanifestat,
647 1681 700 1754 qui
710 1680 822 1736 Simoni
833 1677 1062 1750 indignantium
1115 1677 1249 1749 quotidie
1264 1677 1344 1732 enim
1360 1681 1391 1730 ut
1401 1676 1464 1746 jam
1479 1675 1670 1747 prelibatum
1684 1674 1744 1729 boc
1762 1675 1909 1745 operatur
1919 1669 1948 1722 in
2045 1659 2046 1672 ¹

233 1775 321 1834 adse
330 1773 486 1834 mistionem
495 1770 693 1845 peccatricem
711 1772 894 1843 permitteret
908 1767 1059 1832 accedere,
1117 1765 1294 1822 suissauctis
1304 1764 1663 1829 actionibustieneetiam
1670 1762 1759 1819 Maria
1772 1760 1949 1830 itagtlsleoe

122 1841 132 1856 ⁹
233 1862 451 1924 conuersussd
464 1861 550 1918 illum
563 1859 808 1933 responditinter
823 1863 931 1916 ostem
944 1875 952 1912 ι
965 1857 1061 1912 Amen
1116 1854 1232 1920 dicitur,
1257 1853 1415 1922 ttagdalus
1430 1867 1499 1908 vero
1514 1852 1723 1925 temptatam
1739 1851 1845 1916 wrm,
1867 1855 1898 1906 et
1913 1851 1948 1904 si·

234 1955 300 2012 diro
312 1954 380 2026 tihi,
390 1953 515 2009 Missa
525 1955 594 2006 sunt
611 1950 774 2019 citreorum
785 1949 893 2014 nemra,
906 1947 978 2019 quio
991 1946 1064 2001 dite
1118 1944 1242 2012 gnificat
1258 1942 1428 1998 Eccbsiam.
1440 1942 1538 2003 'turris
1553 1941 1632 1997 enirn
1649 1957 1713 1998 noa
1734 1939 1838 1998 sotum
1859 1939 1950 1996 subii

233 2044 281 2102 ard
294 2043 426 2098 mutam
437 2041 520 2112 (Lar.
537 2054 584 2106 vn,
601 2039 657 2109 tr).
671 2038 741 2103 Qus
756 2035 875 2092 bomini
889 2034 999 2106 adepta
1008 2032 1065 2089 cte-
1119 2033 1204 2100 micr,
1222 2032 1275 2088 sed
1287 2036 1316 2088 et
1328 2032 1417 2088 tutior
1430 2031 1606 2097 domasset,
1622 2047 1684 2087 aon
1698 2030 1786 2087 facite
1807 2030 1948 2086 hostibus

234 2131 389 2202 mendam,
400 2132 531 2187 uthums
539 2126 688 2194 describit,
696 2125 774 2182 illico
783 2123 962 2197 posthabitis
968 2121 1064 2178 omui-
1119 2127 1236 2196 patens3
1252 2138 1289 2178 ac
1298 2137 1351 2194 per
1359 2121 1417 2176 hoo
1430 2121 1593 2177 dadastam
1605 2119 1742 2189 erugant
1752 2135 1819 2193 que
1830 2124 1949 2176 terrena

233 2221 302 2293 bus,
312 2220 354 2276 ita
366 2217 520 2277 familiuds
537 2216 642 2273 allecta
661 2221 717 2278 est,
730 2219 763 2270 ut
775 2215 877 2287 ipsum
887 2228 953 2268 noa
964 2212 1064 2268 solum
1119 2212 1272 2276 deserens,
1286 2211 1418 2276 ecclesiia
1436 2210 1599 2278 desiderat,
1614 2223 1754 2282 pugnans
1769 2210 1850 2272 inter
1862 2211 1949 2281 spiri-

234 2313 346 2378 mentc,
359 2307 450 2366 sedet
458 2321 583 2378 corpore
591 2309 775 2377 sequeretur,
784 2303 823 2358 de
835 2298 1064 2374 propriisfaoub
1119 2301 1192 2362 tales
1201 2301 1359 2374 nequibas,
1375 2299 1638 2372 fortitudinemque
1646 2315 1733 2360 seam
1743 2315 1804 2358 uon
1817 2299 1887 2368 sibi,
1898 2299 1948 2354 sed

234 2397 357 2464 tatibus,
372 2387 1066 2468 utpotevaldelocuples‚victumetuestitumei
1121 2391 1248 2452 musmo
1262 2390 1462 2459 committens,
1486 2395 1635 2447 oratcum
1660 2390 1805 2457 Propheta
1819 2389 1948 2446 dicens:

236 2481 665 2556 manneus,implensbifarie
674 2489 680 2536 ζ
689 2479 867 2536 romimcum
881 2483 1066 2551 praeceptum
1117 2475 1191 2535 'tinto
1204 2479 1279 2536 miti
1292 2481 1385 2534 turris
1394 2479 1597 2549 fmtitudt'teie,
1607 2479 1712 2548 esocis
1724 2479 1841 2535 inimici
1852 2479 1949 2546 (Psoi.

236 2574 361 2634 dicentis
372 2573 445 2640 :Qui
456 2572 687 2628 mihimtierstrct
697 2585 744 2626 me
757 2569 1064 2640 sequuturttcanmu,
1120 2584 1166 2634 su,
1181 2571 1220 2635 4).
1239 2567 1364 2623 thecuat
1380 2567 1431 2624 illa
1446 2567 1538 2623 turris
1548 2565 1631 2622 fords
1649 2571 1680 2623 et
1694 2567 1950 2640 inexpugnabilis,

236 2667 294 2732 26).
309 2661 428 2734 llystiee
437 2664 539 2716 auum
549 2659 614 2716 haec
626 2656 800 2714 beatissima
811 2657 919 2713 mulier
929 2661 1066 2712 sanctam
1121 2655 1721 2728 euivocesponsiinCantieiscanticorum
1728 2656 1838 2713 dicitm
1849 2657 1952 2714 :Sicut

237 2751 376 2822 designat
386 2748 558 2808 Ecclesiam.
576 2748 653 2813 tisim
661 2745 742 2804 bene.
755 2745 788 2802 in
800 2747 926 2810 dimum
937 2745 1066 2802 &monis
1121 2748 1215 2803 turris
1224 2747 1324 2802 Dauid
1338 2747 1448 2804 eodum
1462 2753 1555 2810 terunt,
1572 2761 1639 2820 que
1655 2747 1805 2815 edificata
1826 2754 1868 2804 est
1882 2763 1951 2804 eata

237 2839 355 2898 renuas
369 2837 488 2908 dodau,
503 2833 729 2894 etabomnibus
743 2833 956 2907 pristinmvitae
965 2837 1066 2889 conte
1117 2835 1367 2906 propugnaculis.
1379 2835 1805 2906 Mitisetgpeipendeateaea,
1818 2841 1845 2892 et
1854 2839 1952 2892 omne

239 2930 296 3000 giis
313 2931 417 2992 curam
428 2925 543 2999 (Simon
566 2924 648 2984 enim
666 2923 877 2997 interpretatur
897 2922 1064 2989 chatheas),
1080 2963 1100 3020 G
1120 2929 1280 2980 manutere
1292 2925 1418 2994 fortium
1434 2925 1579 2995 (terrun,
1595 2925 1632 2994 4).
1649 2924 1952 2997 EtdequaSalomon

238 3017 364 3094 prish'uc
381 3016 557 3089 decoquens
575 3012 836 3072 anauamstusvtt
851 3027 976 3079 errores,
1002 3027 1066 3068 om
1121 3013 1163 3070 ait
1174 3029 1180 3068 :
1192 3013 1295 3068 Turris
1306 3014 1584 3083 formaturascmea
1592 3014 1718 3080 Desint,
1729 3013 1953 3083 masseman-

237 3124 370 3182 usmqua
402 3105 555 3168 idolorum
588 3109 774 3177 postponens
807 3103 982 3176 spurcitiam
1013 3116 1068 3175 per
1121 3103 1161 3157 rit
1171 3099 1725 3172 justus.etenottabiturtProu.xvru,
1744 3105 1795 3172 to).
1810 3101 1867 3160 Sed
1878 3103 1953 3174 quis
2044 3145 2045 3172 .

237 3213 353 3272 aquam
373 3194 574 3268 baptismatis,
595 3209 724 3252 suorum
741 3191 872 3256 obhnuit·
886 3192 1005 3248 soniam
1018 3190 1068 3254 de-
1121 3189 1253 3248 nominis
1266 3189 1508 3262 interpretatione
1522 3189 1681 3262 compulsi,
1696 3189 1887 3263 asuperllcie
1895 3191 1955 3247 liis

236 3289 431 3356 damnemus
440 3284 573 3358 quotidie
584 3282 745 3340 bominum
752 3282 952 3354 sequituencn
961 3296 1067 3351 gressu
1121 3279 1214 3338 tonica
1223 3278 1381 3352 paululum
1395 3277 1805 3344 discessimus,litsetintuere
1819 3279 1955 3336 clamem

237 3375 335 3449 pedis,
352 3372 406 3433 sed
423 3371 592 3432 imitatione.
613 3370 721 3443 operia.
748 3369 864 3440 rigavit
888 3375 989 3426 autem
1003 3370 1067 3425 hoec
1121 3368 1268 3424 desimam
1293 3367 1411 3424 domim
1427 3367 1659 3424 familiaritatem
1674 3383 1747 3440 erga
1759 3368 1883 3425 beatam
1895 3372 1956 3426 tte
2044 3341 2045 3422 Ῐ

238 3463 346 3522 mittier
360 3461 452 3534 pedes
467 3459 585 3518 nomini
599 3457 742 3531 lacrymis
756 3459 949 3530 poenitentia,
963 3463 993 3514 et
1012 3474 1067 3514 aa·
1122 3458 1198 3514 riam
1211 3462 1239 3514 et
1254 3472 1390 3514 sororem
1399 3457 1631 3528 ajusltsrtham,
1641 3458 1824 3532 scipsasum
1832 3459 1893 3532 pire
1901 3459 1955 3516 de·

239 3555 350 3624 guanto
375 3549 431 3622 pies
447 3547 643 3606 confessionis
665 3546 769 3617 linivit,
785 3547 858 3619 quia
872 3547 1070 3604 Eccmsiatie
1123 3547 1253 3604 rotonis
1274 3546 1305 3602 iu
1325 3545 1467 3603 omnibus
1489 3545 1678 3604 famulatura.
1704 3547 1848 3618 Legimus
1859 3549 1954 3616 enim,
2044 3543 2045 3570 l

205 3667 209 3674 ·
237 3641 465 3700 minumtesum
472 3635 906 3696 cbristumvarumuommum
915 3652 952 3692 ac
963 3652 1068 3692 verum
1122 3635 1308 3706 euangelista
1321 3638 1401 3692 tues
1411 3641 1560 3703 nements,
1575 3637 1663 3710 quod
1676 3639 1810 3695 Intravit
1821 3641 1910 3696 resa
1923 3641 1955 3695 ist

238 3729 364 3790 medens
389 3727 553 3793 homiaem,
569 3740 625 3798 pro
651 3723 715 3796 stris
737 3725 870 3798 quotidie
885 3726 1068 3797 sucessibus,
1122 3724 1271 3797 quoddam
1296 3725 1462 3786 emulum
1489 3729 1517 3782 et
1538 3727 1806 3798 mulierqaadum
1827 3728 1956 3784 tinette

237 3820 444 3896 lacrymarum
457 3814 638 3886 singultibus
648 3814 742 3888 ipsius
754 3819 858 3872 exorat
871 3814 1066 3884 ablutionem.
1122 3815 1470 3884 omnisaemepitiltum
1480 3815 1513 3870 ia
1523 3815 1642 3872 ἀοηιιιυι
1656 3829 1752 3882 suam,
1764 3821 1792 3872 et
1806 3817 1957 3874 cassat

238 3911 379 3980 Dumque
400 3907 567 3977 asumptus
594 3903 791 3962 humanitatis
807 3903 953 3976 mysteria
976 3902 1070 3974 digna
1121 3919 1207 3961 soros
1219 3904 1339 3960 marine
1350 3903 1461 3960 Marta
1473 3903 1638 3970 Quaetiom
1649 3905 1958 3974 secrupedesDamr'ar

127 4029 137 4044 ι
237 3995 406 4070 reverentia
418 3993 542 4067 suscipit
551 3996 584 4052 et
594 3991 921 4065 praedicatquisinter
930 3993 1068 4050 homines
1121 3991 1529 4060 sedenaeudt‘ehatvetdum
1546 3993 1897 4064 attramentarium
1912 4011 1958 4052 so-

238 4084 410 4148 conresssri
431 4083 573 4154 dignata
587 4087 641 4150 est;
659 4081 762 4154 utique
787 4081 820 4152 in
841 4081 934 4154 pedes
952 4081 1070 4138 bomini
1122 4083 1242 4154 mpsim
1256 4082 1490 4154 cireasreqcens
1500 4082 1698 4140 ministerium
1712 4085 1955 4155 (haema—tet.
2044 4089 2045 4106 ¹

202 4177 207 4194 '
238 4179 430 4246 amiantum
440 4171 526 4230 nardi
537 4171 687 4245 pisticum,
704 4169 735 4228 id
753 4175 798 4228 cst
808 4169 938 4238 fidele,
960 4171 1067 4226 fundit.
1122 4170 1206 4230 Unde
1224 4187 1291 4228 non
1316 4170 1414 4228 schim
1435 4175 1538 4228 contra
1566 4187 1709 4242 sororem,
1733 4189 1840 4230 verum
1863 4175 1957 4232 stiam
2044 4227 2045 4241 ,

239 4267 313 4330 Qum
334 4261 467 4336 loquitur
487 4261 519 4320 iu
547 4260 669 4318 Canhco
696 4258 819 4328 amoris,
847 4259 950 4316 dicens
968 4277 974 4315 :
989 4260 1068 4315 Dum
1084 4313 1106 4368 D
1122 4261 1340 4334 conmeipsum.
1352 4261 1678 4334 bominumquerelam
1688 4264 1824 4335 assumit,
1836 4265 1955 4322 dicem:

239 4357 378 4410 eseetrea
395 4349 578 4408 increabile
601 4364 664 4413 suc,
680 4349 795 4408 nardus
813 4363 881 4406 mee
898 4348 981 4406 dedit
998 4347 1069 4406 odo·
1121 4353 1256 4419 Domine,
1271 4367 1334 4408 aaa
1347 4356 1390 4408 est
1402 4351 1458 4407 teci
1469 4354 1643 4424 cara-quod
1653 4369 1739 4412 seror
1752 4369 1823 4412 aree
1831 4357 1957 4428 reliquit

238 4457 301 4500 reru
315 4456 401 4497 suum
417 4439 515 4512 (Caret.
531 4455 551 4503 r,
566 4443 619 4508 tt).
637 4439 709 4503 Ques
721 4437 1071 4510 mmhum‚rsrbajusta
1122 4456 1167 4498 me
1186 4441 1558 4498 commmentatores-bic
1575 4457 1646 4514 erpo
1661 4444 1711 4500 itti
1723 4449 1817 4500 utme
1829 4445 1958 4514 adjuret

237 4530 377 4597 litteram,
401 4527 544 4587 manibus
569 4529 599 4584 B.
624 4525 719 4584 itariae
743 4525 925 4596 uagdmosa
940 4525 1069 4600 comple
1121 4531 1233 4603 ficiat
1262 4531 1299 4586 tt
1312 4529 1360 4585 ille
1377 4529 1431 4603 qut
1451 4535 1574 4587 nonest
1592 4547 1790 4604 personarum
1803 4539 1956 4606 acceptor,

237 4620 288 4693 sih
303 4624 335 4680 ot
358 4616 493 4692 quotidie
516 4615 706 4690 spiritualiter
730 4630 793 4676 uon
812 4619 910 4674 cessat
932 4615 1066 4688 implere,
1123 4619 1177 4678 sed
1191 4618 1379 4691 siagmorum
1394 4619 1499 4682 marita
1512 4619 1957 4696 dijudicat,aoitquemeliorem
2043 4623 2044 4644 ¹

238 4708 352 4780 aurstein¹
363 4713 459 4768 tetam
472 4705 580 4766 mundi
592 4703 782 4764 latitudinem
792 4703 953 4774 glorianter
962 4703 1069 4768 laudes
1122 4725 1188 4767 csse
1202 4710 1337 4766 animam
1358 4723 1453 4782 quam
1474 4725 1597 4783 corpus,
1612 4715 1647 4768 ut
1666 4711 1767 4768 olbam
1790 4713 1957 4786 spiritalem

237 4797 368 4856 referens
391 4794 523 4857 Creatori
548 4794 642 4854 dicit:
664 4795 725 4852 Deo
745 4799 846 4852 autem
873 4795 1000 4865 matthe,
1017 4795 1070 4866 qui
1122 4813 1216 4872 quam
1245 4796 1408 4864 carnalem,
1434 4799 1478 4864 ita
1502 4798 1685 4872 uniusopus
1705 4799 1819 4868 laudat,
1834 4805 1870 4857 ut
1883 4803 1958 4858 atte-

237 4901 354 4955 semper
368 4885 536 4955 triumphat
549 4899 603 4942 uos
618 4886 650 4940 ia
664 4884 784 4942 casato
796 4885 877 4954 desc,
900 4889 929 4942 et
948 4885 1067 4944 odorem
1122 4885 1184 4941 rius
1199 4899 1260 4941 non
1274 4883 1421 4957 vituperet
1432 4903 1439 4952 ;
1451 4885 1492 4942 ait
1506 4901 1578 4942 vero
1592 4905 1598 4943 :
1612 4887 1748 4954 Martis,
1759 4889 1885 4946 Martha
1900 4891 1960 4946 sot·

238 4977 352 5033 acidis
369 4991 430 5033 sua
444 4976 618 5045 monifestat
628 4991 684 5046 per
694 4991 759 5042 nos,
772 4977 804 5032 ia
815 4977 896 5036 omni
907 4977 980 5044 laec,
997 4977 1069 5048 quia
1124 4975 1207 5030 licita
1222 4978 1298 5041 eset
1312 4974 1445 5030 turbaris
1457 4989 1528 5047 erga
1542 4976 1687 5046 pirama,
1698 4991 1792 5047 perro
1807 4995 1903 5034 unum
1915 4987 1957 5036 est

239 5065 331 5124 tetrus
342 5066 417 5122 odor
431 5065 548 5122 Christi
559 5079 661 5122 scmus
674 5066 735 5122 Deo
760 5065 807 5138 (ΙΙ
819 5064 888 5124 Ger.
902 5081 933 5132 u,
954 5066 995 5135 ta,
1015 5069 1067 5132 15).
1122 5063 1955 5140 seceamtum.Martuoputnasapartemrecitassem

238 5156 311 5222 Qum
331 5171 402 5212 cum
425 5152 644 5212 sublimitatem
668 5153 778 5212 divium
801 5154 977 5227 mejestatis,
1000 5169 1068 5226 que
1122 5152 1280 5222 (terseratisr
1293 5152 1332 5209 ch
1350 5167 1386 5210 eo
1401 5154 1436 5208 iu
1447 5159 1593 5222 auruum
1608 5155 1706 5225 (baa,
1721 5171 1775 5226 iu,
1787 5159 1845 5221 tt).
1868 5157 1957 5230 Spiri-

237 5244 363 5318 squelis
376 5242 663 5308 estillicumPetre,
680 5243 1069 5315 congruereligioneacre-
1121 5239 1350 5302 tualitarautem
1369 5241 1415 5297 hta
1426 5241 1494 5304 drrae
1510 5241 1870 5315 mmsrosdavoussims,
1887 5261 1955 5318 qus
2043 5235 2044 5320 t

236 5333 371 5392 verentia
380 5331 538 5390 confitetur
550 5335 579 5390 et
597 5330 751 5404 predicat
765 5335 794 5390 et
807 5330 838 5388 in
850 5336 1004 5403 quantum
1016 5345 1069 5390 na·
1122 5329 1522 5404 bominumsusceperuntin
1532 5332 1852 5402 domumsusm,duas
1863 5335 1955 5406 signi-
2043 5387 2044 5406 ,

236 5421 339 5478 taralis
357 5421 468 5492 ingenii
483 5421 570 5490 vigor
592 5419 716 5493 superni
729 5419 856 5476 luminis
872 5419 1067 5478 illustratione
1124 5417 1459 5487 ficanttlcclssirerites,
1471 5420 1601 5478 activam
1615 5419 1956 5496 scilicetetcontsmpla-
2043 5415 2044 5430 *

236 5507 375 5604 pertusus
389 5509 436 5574 sit,
451 5509 545 5579 digna
559 5507 752 5566 veneratione
767 5505 880 5574 rasati,-
896 5506 1066 5579 mentisque
1120 5506 1223 5566 tinam
1234 5509 1288 5566 Per
1297 5507 1687 5581 Marthamengcquaecirca
1700 5509 1842 5584 frequens
1850 5511 1955 5568 minis·

236 5609 333 5658 accur
354 5595 394 5658 ad
417 5595 684 5668 mutsmptsndam
697 5595 816 5658 mamm
831 5593 1064 5666 potemismea-
1120 5595 1234 5662 tsrium-
1258 5599 1332 5664 erat,
1359 5596 1471 5658 achra·
1488 5596 1561 5654 she·
1580 5595 1669 5656 hbes
1688 5599 1876 5674 exprimitur.
1903 5603 1955 5658 rer
