4120 6154
176 176 227 230 347
696 170 724 226 S.
745 168 874 226 ODONlS
892 163 1042 224 sanaris
1061 169 1315 228 CLUNlAGENSlS
1334 173 1357 226 ll
1833 172 1885 226 348

175 294 251 366 tunt,
265 295 489 366 designantur?
509 294 594 352 Pravi
612 309 823 368 namqueeum
839 296 920 348 reeta
931 291 1039 349 inci-A
1057 296 1089 348 ln
1103 294 1236 352 convalle
1263 295 1343 352 enim
1359 295 1482 368 repertis
1507 293 1631 364 singulis
1656 310 1728 350 eum
1752 293 1886 351 elamore

174 385 289 459 pientes
303 382 460 456 aspiciunt,
480 389 532 441 aut
545 384 708 455 irridendo,
729 381 881 455 autquasi
896 397 1003 436 eonsu-
1056 399 1173 440 currere
1186 389 1239 453 est,
1251 384 1380 440 subortis
1395 399 1556 440 causarum
1571 383 1782 440 occasionibus
1795 383 1886 440 etiam

175 473 265 530 lende
280 471 498 528 contradicunt.
516 475 589 530 Cum
604 489 675 528 vere
688 473 753 544 jam
766 470 918 544 quosdam
930 485 1003 542 pen·
1055 486 1110 544 pro
1122 486 1217 543 parva
1231 473 1306 545 stipe
1320 471 1445 542 litigare.
1471 472 1600 528 Possunt
1611 487 1734 545 queque
1749 488 1804 546 per
1818 472 1886 528 her·

176 565 242 619 sant
256 561 295 617 ad
311 577 433 617 summa
461 560 615 634 proficere,
641 562 713 635 quia
728 577 833 617 eorum
853 559 1003 632 proiectus
1056 558 1111 615 bas
1125 563 1215 632 atque
1244 560 1387 617 arborum
1414 561 1537 616 cortices
1552 575 1614 616 nen
1642 559 1753 630 solum,
1769 564 1888 634 11111111-

174 650 309 707 iunditus
336 650 482 724 dissipare
507 656 670 724 nequeunt,
698 667 716 708 a
740 647 1002 724 quibusdamilles
1055 645 1233 717 dictumest,
1255 647 1406 704 benorum
1421 664 1523 721 opera,
1549 647 1716 704 sedinhae
1740 647 1801 704 vita
1817 663 1888 704 ecn-

175 738 236 795 suis
251 737 393 810 operibus
415 737 574 794 divertunt.
599 739 713 795 llerbas
727 737 827 810 itaque
842 735 894 802 eis,
916 738 945 790 et
959 747 1004 790 ar·
1056 735 1215 792 solationes
1236 753 1272 794 ac
1295 737 1506 811 prosperitates
1533 735 1668 807 intelligi.
1694 737 1778 810 Saepe
1804 735 1887 792 eninr

173 827 284 884 borum
311 826 434 884 cortices
461 827 604 884 mandere
619 831 673 894 est,
690 826 734 883 vel
755 824 854 882 studia
865 823 942 880 bene
956 821 1001 877 in·
1055 824 1246 898 omnipotens
1275 828 1351 882 Deus
1370 825 1479 882 electos
1494 841 1564 882 eum
1587 825 1674 881 donis
1689 825 1883 882 interioribus

174 917 358 984 encomium,
373 915 421 972 vel
433 917 620 990 operationes
630 913 835 990 quorumdam
841 913 906 985 jam
918 926 1001 968 more
1055 913 1139 982 ditat,
1169 913 1363 970 exterioribus
1403 915 1494 971 etiam
1529 914 1696 971 honoribus
1737 913 1885 982 sublevat,

174 1004 318 1062 arborum
331 1003 371 1060 ad
381 1005 537 1078 superiora
551 1005 737 1062 tendentium
756 999 1002 1076 persuasionibus
1056 1018 1248 1076 cumqueeos
1264 1002 1450 1077 praeferendo
1465 1007 1588 1060 eaetevos
1617 1002 1808 1060 honorabiles
1820 1002 1887 1058 red-

174 1092 331 1167 pestiferis,
344 1094 626 1167 quasiquibusdam
639 1093 759 1151 malitiae
776 1089 1000 1160 suadentibus,
1055 1092 1107 1161 dit,
1130 1092 1219 1150 iatius
1244 1092 1404 1150 imitabiles
1432 1092 1570 1150 ostendit.
1601 1097 1635 1150 Et
1664 1107 1888 1166 nonnunquam

176 1182 331 1256 dissipare.
349 1183 463 1240 Herbas
477 1183 625 1240 mandunt
634 1181 764 1256 reprobi,
788 1197 858 1238 cum
871 1179 1004 1236 intirmo-
1055 1181 1140 1255 pravi
1154 1182 1280 1254 quidam
1293 1197 1398 1238 eorum
1419 1181 1513 1238 vitam
1531 1181 1710 1255 despiciunt,
1728 1180 1783 1238 sed
1797 1180 1888 1237 ieliei-

175 1287 243 1328 rum
257 1271 341 1328 initia
353 1271 504 1328 irridendo
519 1277 710 1329 consumunt.
729 1271 777 1328 Vel
805 1274 881 1327 certe
891 1269 1001 1325 herbas
1055 1275 1145 1328 tatem
1165 1272 1196 1327 in
1210 1272 1268 1328 hoe
1283 1271 1399 1327 mundo
1411 1271 1532 1344 assequi
1556 1271 1785 1345 concupiscunt.
1812 1269 1889 1337 Quia

175 1361 319 1418 mandere
338 1365 382 1417 est
393 1361 479 1418 laevia
491 1362 633 1435 quaedam
648 1378 683 1419 ac
697 1365 797 1418 tenera
815 1360 853 1416 de
873 1357 1003 1432 antiquis
1055 1357 1144 1429 igitur
1156 1359 1203 1416 hic
1231 1359 1439 1416 blandimenta
1462 1359 1638 1415 transitorias
1657 1363 1800 1432 querunt
1815 1373 1888 1414 con·

175 1449 310 1505 Patribus
324 1439 607 1508 imitari'rlrbornm
622 1467 693 1508 vero
721 1450 844 1507 cortices
857 1449 944 1504 edere
959 1451 1003 1503 esi
1056 1447 1218 1511 solationis,
1244 1447 1354 1504 herbas
1370 1447 1543 1516 comedunt,
1559 1448 1631 1522 quia
1652 1447 1684 1503 111
1697 1447 1884 1519 cogitationi·

175 1554 280 1595 eorum
295 1555 387 1612 opera
402 1540 559 1613 superficie
583 1545 669 1596 tenus
685 1555 784 1610 agere,
801 1538 855 1595 sed
866 1537 1003 1594 intentio·
1055 1535 1113 1592 bus
1137 1537 1198 1592 suis
1222 1537 1399 1593 exteriorem
1422 1553 1528 1594 eorum
1544 1536 1680 1608 gloriam*
1690 1535 1887 1604 meditantur,

174 1643 245 1683 nam
256 1632 368 1684 11111111
391 1628 422 1684 in
448 1627 562 1684 eisdem
592 1627 734 1701 operibus
749 1643 811 1684 non
826 1631 934 1682 tenere.
953 1626 1037 1704 seg
1056 1625 1199 1682 arborum
1227 1625 1351 1683 cortices
1378 1625 1544 1694 mandunt,
1572 1630 1601 1682 et
1614 1626 1766 1699 quoniam
1791 1625 1823 1682 in
1840 1626 1889 1681 bis

175 1715 276 1788 quitur
291 1733 297 1771 :
311 1716 351 1772 Et
364 1717 456 1774 11111111
464 1719 680 1786 juniperorum
696 1722 761 1773 erut
791 1715 874 1772 111111
888 1730 1001 1771 eorum.
1056 1714 1265 1770 omnibussoli
1280 1712 1412 1771 avaritias
1429 1719 1489 1770 tota
1520 1714 1682 1772 intentione
1704 1713 1888 1782 deserviunt,

175 1804 317 1862 -Arbor
343 1821 477 1878 namque
499 1805 629 1878 juniperi
658 1821 714 1878 pro
727 1804 803 1861 toliis
825 1803 1002 1878 punctiones
1056 1803 1296 1877 radieejunipevi
1309 1803 1471 1877 replentur.
1487 1804 1558 1866 Quae
1581 1807 1689 1862 cuneta
1713 1803 1751 1860 de
1765 1802 1888 1860 conval-

174 1892 274 1962 habet,
290 1893 332 1949 sie
359 1891 471 1966 quippe
501 1898 571 1950 sunt
595 1893 709 1950 hirsuta
734 1909 802 1965 quae
828 1890 949 1965 profert,
973 1893 1004 1946 ut
1056 1892 1135 1948 libus
1161 1892 1291 1966 rapiunt,
1320 1893 1392 1966 quia
1420 1909 1457 1949 ex
1484 1909 1587 1949 amore
1612 1894 1704 1965 hujus
1731 1891 1845 1948 intimae
1860 1896 1889 1948 et

175 1981 268 2053 spinis
295 1981 404 2038 similia
443 1985 676 2039 contrectantem
701 1985 836 2054 pungere
873 1978 1003 2036 valeant.
1056 1980 1256 2053 eorrupu'bilis
1273 1981 1340 2036 vitae
1353 1981 1511 2036 immensis
1526 1980 1740 2055 cupiditatibus
1751 1979 1886 2036 inardes-

177 2070 349 2142 Spinavero
364 2075 513 2126 estomne
539 2075 707 2143 peceatum,
733 2070 806 2144 quia
820 2071 894 2126 dum
917 2067 1004 2124 trahit
1057 2073 1136 2137 eunt,
1165 2073 1193 2126 et
1221 2085 1291 2126 eum
1318 2069 1438 2140 singula
1460 2070 1612 2143 reperiunt
1627 2069 1667 2126 ad
1693 2085 1730 2126 ea
1746 2067 1889 2126 eumele-

176 2158 216 2215 ad
228 2158 463 2231 delectationem,
488 2160 576 2232 quasi
601 2160 766 2233 pungendo
791 2158 902 2216 lacerat
923 2173 1004 2214 men·
1057 2159 1194 2216 moribus
1222 2163 1354 2232 currunt,
1381 2159 1454 2232 quia
1479 2159 1617 2216 videlieet
1636 2163 1811 2216 sanctorum
1833 2161 1888 2214 Pa-

175 2251 245 2304 tem.
263 2247 429 2320 Undejusti
438 2265 511 2305 voce
522 2252 550 2305 et
564 2247 734 2322 poenitentis
757 2248 864 2305 dicitur
878 2265 884 2303 :
898 2269 912 2297 «
929 2249 1002 2304 Con·
1057 2251 1138 2304 trum
1164 2264 1294 2322 quorum
1328 2248 1435 2304 merita
1476 2248 1603 2322 adipisci
1640 2263 1703 2304 non
1736 2252 1885 2321 quaerunt,

173 2353 279 2394 versus
291 2353 358 2394 sum
373 2339 403 2394 in
418 2354 633 2395 aerumnamea
646 2338 720 2394 dum
742 2337 902 2407 configitur
916 2335 1004 2409 spina
1057 2336 1125 2393 loca
1140 2341 1230 2410 atque
1251 2337 1400 2408 regimina
1427 2337 1652 2411 apprehendere
1678 2341 1829 2408 satagunt,
1858 2341 1887 2393 et

102 2427 106 2442 “
175 2428 270 2495 (Psoi.
285 2443 368 2496 xxxi,
383 2429 421 2499 t).
438 2449 452 2477 υ
469 2427 546 2492 Quid
561 2442 632 2482 vero
646 2441 700 2498 per
714 2425 846 2482 radicem
860 2423 1002 2497 juniperi,
1058 2440 1127 2480 eum
1142 2423 1303 2497 tranquilla
1326 2430 1490 2498 nequeunt,
1514 2425 1578 2481 haee
1602 2424 1780 2498 plerumque
1809 2440 1888 2480 asse-

174 2515 233 2570 nisi
255 2516 379 2572 avaritia
404 2515 589 2584 designatur,
602 2530 639 2569 ex
653 2530 715 2587 qua
729 2518 920 2586 peecatorum
940 2529 1004 2569 onr-
1057 2514 1119 2587 qui,
1148 2513 1238 2570 etiam
1266 2513 1402 2588 disrupta
1426 2514 1595 2571 concordia
1623 2530 1698 2588 paee
1712 2514 1885 2571 moliuntur.

174 2601 260 2658 nium
274 2602 366 2674 spinae
381 2601 615 2674 producuntur?
631 2605 672 2658 tie
686 2618 747 2675 qua
768 2605 796 2658 et
810 2617 864 2676 per
878 2601 1003 2658 Paulum
1057 2601 1214 2674 Sequitur:

174 2689 301 2746 dicitur:
317 2711 330 2740 «
345 2689 438 2746 Radix
465 2685 602 2747 omnium
623 2689 774 2746 malorum
794 2695 840 2746 est
854 2689 1002 2763 cupiditas
1092 2693 1178 2748 Vens.
1192 2695 1219 2748 6.
1237 2693 1271 2748 [1
1286 2693 1409 2750 desertis
1422 2692 1600 2750 babitabant
1611 2695 1801 2762 torrentium,
1813 2698 1842 2750 et
1856 2695 1886 2748 in

176 2780 222 2851 (II
232 2781 306 2835 Tim.
322 2795 363 2847 11,
379 2779 434 2852 10).
451 2803 465 2830 a
482 2778 556 2846 Quia
572 2778 662 2850 igitur
677 2779 855 2854 pierumque
872 2779 1002 2836 1111111111
1057 2782 1192 2837 cavernis
1207 2786 1306 2850 terra,
1326 2783 1475 2853 estsuper
1496 2783 1643 2854 glaream.
1658 2813 1694 2822 -
1713 2783 1784 2838 lure
1799 2782 1889 2853 igitur

177 2867 244 2924 sola
253 2867 413 2938 instruunt,
431 2868 484 2925 sed
497 2867 604 2925 erroris
619 2870 853 2942 praedicamenta
875 2884 936 2926 non
951 2869 1003 2925 de·
1057 2870 1225 2926 inventores
1241 2885 1452 2943 perversorum
1467 2871 1645 2941 dogmatum
1669 2875 1813 2928 torrentes
1835 2887 1886 2928 vo

176 2961 288 3025 serunt,
317 2955 391 3013 dum
421 2961 560 3031 sumptus
588 2957 740 3030 percipere
755 2958 845 3030 quasi
865 2957 1038 3058 doctoresC
1057 2962 1173 3026 cantur,
1187 2959 1292 3032 quiaa
1316 2959 1414 3017 calore
1442 2959 1592 3018 charitatis
1610 2959 1720 3031 frigidi,
1744 2961 1831 3034 qnasi
1855 2961 1888 3016 in

172 3045 288 3114 volunt,
304 3045 381 3103 bene
391 3047 428 3103 de
443 3047 485 3104 eis
500 3046 594 3103 saneti
613 3047 668 3104 viri
688 3063 769 3104 nunc
783 3063 857 3104 voce
871 3046 1000 3104 dicitur:
1058 3051 1176 3120 torpore
1205 3049 1348 3122 temporis
1374 3048 1511 3105 hiemalis
1533 3055 1719 3120 excrescunt,
1748 3051 1888 3124 quinon

174 3135 214 3190 111
240 3137 333 3193 radia
352 3139 566 3208 temperarem
597 3141 662 3194 erat
688 3137 771 3194 cibus
786 3153 899 3194 eorem.
928 3137 1002 3201 Quia
1056 3139 1203 3208 perpetua
1216 3135 1401 3208 plenitudine
1415 3135 1579 3210 profluunt,
1603 3137 1656 3194 sed
1670 3137 1888 3196 catholicorum

173 3222 248 3280 dum
275 3225 344 3282 totis
373 3227 482 3282 mentis
502 3241 563 3282 suae
589 3225 728 3282 sensibus
748 3225 906 3282 avaritiam
921 3226 1002 3296 cogi·
1057 3221 1286 3292 allegationibus
1298 3224 1388 3297 quasi
1402 3224 1526 3280 ustibus
1551 3224 1622 3281 solis
1638 3227 1835 3282 exsiceantur.
1856 3229 1889 3283 Et

173 3315 247 3383 tant,
260 3313 349 3385 quasi
363 3328 399 3369 eo
426 3313 568 3370 alimento
592 3318 761 3384 vescuntur,
786 3313 824 3370 de
845 3329 906 3386 que
920 3315 1004 3370 nasci
1056 3311 1180 3384 quidem
1190 3312 1358 3369 inventores
1373 3328 1583 3387 perversorum
1593 3313 1772 3386 dogmatum
1782 3320 1889 3372 eontra

173 3400 279 3473 procul
306 3399 399 3457 dubio
414 3405 607 3474 peecatorum
622 3402 812 3474 sequentium
825 3404 1004 3476 punctiones
1057 3404 1194 3457 sanctam
1207 3400 1368 3458 Ecclesiam
1378 3402 1472 3459 exerti
1482 3403 1597 3460 iervore
1608 3404 1673 3476 jam
1684 3403 1816 3460 veritatis
1827 3420 1891 3460 exs-

174 3487 280 3546 solent.
307 3488 421 3546 1111111
438 3489 589 3556 Ouienim
613 3505 676 3546 non
703 3491 820 3562 frugem
834 3491 926 3548 11111111
941 3491 1003 3548 elo·
1058 3489 1140 3546 tincti
1155 3495 1232 3558 sunt,
1250 3490 1302 3546 sed
1317 3495 1418 3548 11111111
1433 3507 1538 3550 eorum
1551 3492 1691 3566 discipuli
1714 3509 1750 3550 ea
1764 3509 1832 3566 qnae
1846 3492 1889 3548 illi

174 3575 237 3648 quii
260 3576 488 3648 concupiscunt,
513 3577 566 3632 sed
600 3577 640 3634 ad
666 3593 767 3634 rerum
791 3579 1003 3651 temporalium
1057 3579 1224 3636 docuerunt
1249 3584 1349 3636 tenere
1376 3580 1584 3638 acdeiendere
1602 3597 1664 3640 11111
1677 3582 1835 3640 desistunt.
1851 3582 1886 3639 lli

174 3661 323 3720 ambitum
350 3663 494 3734 serviunt,
522 3679 718 3738 nequaquam
732 3680 810 3738 pane
836 3666 933 3737 tritici,
950 3667 1003 3724 sed
1057 3682 1129 3738 ergo
1141 3666 1194 3739 qui
1207 3665 1328 3723 illorum
1339 3673 1505 3742 sequuntur
1515 3685 1630 3728 errores
1645 3672 1676 3727 in
1690 3671 1814 3728 desertis
1828 3677 1887 3728 ter-

173 3751 274 3808 radiee
299 3752 432 3825 juniperi
455 3753 609 3810 satiantur.
627 3757 856 3812 contemnentes
871 3772 1004 3830 namque
1057 3757 1186 3813 rentium
1201 3755 1347 3825 habitant,
1363 3756 1395 3814 id
1416 3763 1471 3829 est,
1493 3758 1524 3815 in
1539 3775 1644 3816 eorum
1673 3759 1887 3833 praedicatione

174 3843 268 3896 Deum
279 3841 327 3898 bie
342 3841 465 3899 minime
477 3843 617 3912 sentiunt,
629 3847 778 3916 quantum
792 3845 829 3902 sit
841 3845 912 3902 mali
920 3847 1004 3920 quod
1057 3843 1223 3915 confidunt,
1238 3860 1369 3917 quornm
1385 3845 1504 3921 eloquia
1519 3848 1735 3905 catholicorum
1745 3849 1811 3920 jam
1825 3864 1887 3904 res-

173 3934 276 4000 agunt.
292 3930 400 3988 Adhuc
420 3929 501 3988 enlm
518 3932 650 4005 juniperi
672 3932 804 3990 radicem
831 3936 1002 4004 comedunt,
1056 3933 1203 4007 pensione
1218 3938 1251 4004 et
1260 3933 1486 3992 ratiocinatione
1502 3937 1615 3995 siccata
1630 3943 1707 3995 sunt.
1725 3938 1802 4005 Quid
1817 3953 1889 3994 vero

172 4018 225 4076 sed
239 4018 330 4092 hujus
341 4019 450 4078 radicis
465 4036 559 4094 quam
588 4022 646 4078 sint
672 4023 749 4078 rami
765 4023 865 4097 asperi
887 4039 949 4080 non
964 4029 1005 4082 at·
1056 4021 1138 4080 aliud
1149 4037 1294 4080 cavernas
1311 4028 1405 4095 terrae,
1419 4041 1513 4100 quam
1526 4026 1659 4084 occultas
1679 4027 1889 4085 haeretieorum

172 4108 306 4166 tendunt.
333 4109 407 4176 011111
431 4110 574 4168 nimirum
595 4127 691 4184 prava
705 4112 783 4169 actio
798 4112 891 4171 modo
915 4115 1004 4188 quasi
1056 4111 1286 4185 praedicationes
1298 4113 1489 4188 accipimus?
1504 4115 1551 4174 Sic
1563 4116 1644 4174 enim
1655 4116 1732 4174 inter
1744 4133 1775 4173 se
1793 4117 1888 4174 hare·

170 4197 490 4256 111111111111111111
506 4199 605 4272 eulpa,
621 4201 674 4256 sed
703 4201 899 4273 postmodum
914 4203 1003 4276 quasi
1056 4199 1106 4258 tici
1118 4199 1310 4258 clandestinis
1325 4203 1541 4262 conventiculis
1555 4210 1673 4276 coeunt,
1688 4210 1720 4263 ut
1727 4205 1819 4263 errori
1833 4223 1889 4263 suo

171 4300 209 4341 ex
221 4299 252 4341 se
266 4285 359 4342 ramis
374 4287 482 4358 pungit
496 4287 527 4342 in
542 4301 642 4358 poena.
661 4289 800 4361 Sequitur
815 4307 822 4345 z
1057 4285 1256 4345 rever‘entiam
1265 4305 1359 4363 quam
1368 4291 1527 4350 exratione
1539 4308 1602 4350 non
1614 4293 1722 4361 valent,
1734 4294 1889 4367 praebeant

206 4373 290 4428 vsvs.
307 4377 333 4428 1.
351 4373 408 4440 Qui
422 4374 458 4430 de
472 4375 661 4431 convallibus
682 4377 740 4432 iste
756 4379 917 4448 rapientes,
934 4395 1001 4436 eum
1016 4349 1039 4402 ⁰
1056 4391 1093 4432 ex
1107 4375 1315 4433 occultatione.
1325 4377 1582 4454 Glareannquippe
1592 4381 1887 4440 illosminutissimos

170 4459 294 4530 singula
321 4461 511 4532 reperissent,
536 4477 604 4518 eum
625 4464 758 4521 clamore
780 4467 1001 4524 1111111111.-
1056 4463 1186 4522 dicimus
1199 4464 1325 4539 lapides,
1341 4483 1419 4541 quos
1445 4485 1527 4542 aqua
1550 4469 1680 4529 1111111111
1698 4466 1888 4528 1111111111-

170 4549 212 4606 111
226 4549 414 4608 convallibus
438 4551 489 4609 1111
504 4552 635 4626 rapiunt,
662 4554 734 4627 quia
751 4555 815 4612 haee
830 4555 868 4613 de
884 4558 1001 4615 humili·
1055 4557 1134 4610 tores
1154 4553 1244 4626 igitur
1273 4571 1484 4629 perversorum
1512 4559 1690 4631 dogmatum
1717 4575 1807 4634 super
1823 4559 1887 4632 gla-

169 4638 229 4696 bus
242 4637 461 4698 dietisPatrum
487 4641 618 4715 superbo
643 4642 749 4716 spiritu
764 4643 917 4716 eolligunt,
933 4662 1000 4719 qum
1054 4657 1138 4699 ream
1165 4641 1311 4713 habitant,
1336 4645 1409 4718 quia
1430 4645 1497 4702 illas
1523 4647 1684 4704 hominum
1698 4651 1815 4706 mentes
1829 4653 1887 4704 tra·

170 4726 245 4786 dum
271 4745 327 4804 pro
341 4730 402 4786 suis
432 4747 462 4788 se
487 4731 624 4805 partibus
649 4731 797 4790 invenisse
826 4733 1000 4809 gloriantur,
1055 4729 1140 4801 hunt,
1156 4748 1225 4805 quae
1252 4733 1334 4792 nulla
1362 4736 1516 4806 gravitatis
1533 4737 1691 4796 stabilitate
1707 4737 1886 4808 solidantur,

170 4817 211 4873 111
223 4833 260 4875 ea
284 4835 354 4876 cum
381 4821 563 4879 elamoribus
596 4828 729 4880 currunt.
764 4823 839 4890 Quia
864 4824 1002 4885 videlicet
1054 4836 1131 4893 quas
1145 4821 1275 4880 velutde
1289 4823 1356 4880 1000
1372 4841 1490 4900 sempor
1504 4827 1657 4884 adlocum
1669 4827 1796 4886 flumina
1809 4843 1888 4884 erro·

169 4919 260 4961 omne
282 4907 367 4979 quod
395 4911 535 4980 sentiunt,
565 4911 703 4985 appetita
731 4911 831 4969 laudis
856 4913 999 4972 11111111
1052 4925 1121 4966 rum
1148 4911 1272 4968 ducunt.
1300 4913 1383 4971 Unde
1412 4920 1440 4972 et
1454 4916 1631 4989 praedicator
1659 4918 1798 4989 egregins
1814 4933 1884 4974 eum

168 4993 329 5052 nominum
347 4995 506 5054 diffamare
519 5005 676 5056 conantur.
691 5000 781 5058 Aliter
797 5019 803 5057 :
820 5006 852 5058 ln
876 5019 1000 5079 eompa-
1053 4999 1203 5057 auditores
1232 5017 1303 5058 suos
1332 5018 1395 5060 non
1422 5005 1627 5078 temporaliter
1652 5006 1734 5076 duci,
1751 5006 1805 5063 1111
1818 5007 1888 5063 torti

168 5080 283 5139 ratione
298 5083 437 5142 videlieet
449 5101 650 5158 supernorum
674 5091 773 5146 omnis
793 5107 926 5164 praesens
943 5093 1001 5152 vita
1054 5093 1176 5162 cuperet
1189 5091 1332 5172 gravitate
1348 5092 1480 5164 solidari,
1496 5095 1655 5153 admonuit
1681 5096 1785 5154 dicens
1801 5114 1809 5152 :
1824 5118 1838 5146 «
1854 5097 1889 5153 tlt

168 5171 315 5230 convallis
326 5178 391 5242 est;
408 5174 565 5244 hiantem,
588 5177 661 5249 quia
673 5177 814 5236 sublimia
840 5181 999 5252 montium,
1050 5179 1116 5250 iam
1128 5193 1191 5235 nen
1202 5179 1296 5238 simus
1306 5182 1885 5255 parvuliiluetuantes,neeeireumiera-

167 5258 199 5314 id
212 5263 256 5316 est
270 5257 358 5319 iortia
369 5265 436 5318 acta
451 5265 625 5318 sanctorum
641 5265 838 5338 contemplari
853 5268 998 5338 nesciunt,
1053 5283 1121 5324 mur
1131 5270 1214 5325 omni
1222 5276 1311 5328 vento
1327 5271 1470 5329 doctrinas
1480 5273 1602 5344 (111111.
1619 5275 1755 5347 1114).»
1773 5274 1864 5333 Aliter
1880 5293 1887 5331 1

168 5351 222 5405 sed
234 5365 288 5421 per
302 5349 534 5408 oblectationem
548 5350 579 5406 in
601 5351 713 5408 intimis
728 5355 817 5426 quasi
831 5355 862 5412 in
877 5358 999 5414 11111111-
1054 5355 1292 5416 lnbenaeteuim
1303 5364 1387 5434 parte
1404 5365 1481 5418 reete
1492 5365 1637 5420 torrentes
1649 5367 1769 5420 sanctos
1781 5365 1885 5438 pradi-

166 5435 246 5492 libus
261 5443 488 5508 conversantur,
505 5443 533 5496 et
559 5439 633 5496 dum
650 5441 806 5514 quodlibet
819 5443 937 5501 luorum
952 5447 999 5502 vel
1052 5451 1168 5504 catores
1176 5448 1353 5522 accipimus,
1363 5451 1415 5523 qui
1427 5451 1688 5526 duminpraescnti
1704 5453 1766 5510 vita
1779 5453 1887 5510 divinis

166 5524 253 5599 parvi
267 5525 406 5599 stipendii
432 5527 598 5598 inveniunt,
625 5546 696 5587 curn
718 5529 850 5588 elamore
864 5540 998 5604 currunt,
1053 5535 1142 5593 nobis
1153 5537 1278 5610 eloquiis
1288 5538 1428 5609 influunt,
1440 5555 1590 5614 aquarum
1598 5541 1789 5600 multitudine
1799 5543 1888 5616 quasi

165 5612 239 5685 quia
265 5613 323 5671 1111
350 5613 523 5674 abstrahere
548 5617 639 5678 etiam
652 5619 805 5691 jnrgando
822 5621 996 5682 moliuntur.
1052 5623 1188 5682 inhieme
1196 5625 1387 5699 colliguntur.
1399 5629 1456 5695 Qui
1465 5635 1494 5687 et
1504 5633 1609 5689 aestivo
1628 5629 1690 5690 sole
1708 5630 1886 5690 adveniente
