4156 6182
144 177 174 231 13
657 171 973 228 redundantia-
990 165 1143 225 ardedat
1163 169 1192 226 S.
1212 170 1349 227 ODONlS.
1823 175 1858 230 rt

142 315 284 364 suorum3
305 313 434 368 eumque
451 295 632 351 restitantem
648 296 713 352 viso
729 295 767 351 ad
782 293 839 350 hcc
854 293 968 349 anima·
992 293 1013 348 a
1031 294 1206 366 composita.
1224 295 1279 350 lies
1290 294 1319 349 iu
1334 293 1422 367 pejus
1436 295 1509 353 abiit
1530 303 1597 370 post
1613 295 1777 354 secundam
1793 297 1860 370 elus

141 393 214 454 trrrn,
232 386 350 443 tametsi
367 387 430 441 ndo
444 385 474 440 in
494 385 668 458 praefatione
685 397 740 440 sua
763 383 886 458 duplici.
903 397 973 455 pro·
1029 383 1086 438 loci
1105 382 1235 440 basiliere
1261 383 1512 450 combustionem,
1541 385 1579 442 de
1607 403 1669 462 qua
1689 401 1859 446 sermonem

142 477 226 531 saica
240 473 376 530 videlieet
390 489 425 529 ac
440 472 572 544 metrica,
585 473 659 529 irthil
672 471 729 529 tale
741 475 970 532 commemorat.
1030 471 1123 528 edidit
1143 474 1207 530 0do
1228 474 1289 544 jam
1306 471 1476 530 monachus
1503 478 1612 546 rogatu
1631 476 1859 534 canonicorum.

141 565 241 621 forsan
256 561 509 620 morlcstireeausa
519 579 525 617 ε
535 561 586 618 scd
601 561 681 618 istud
691 562 778 635 quasi
794 577 849 617 sua
864 565 972 634 sponte
1019 565 1044 612 'a
1062 565 1135 618 dam
1150 561 1327 636 postillam,
1345 585 1359 613 u
1388 561 1495 636 inquit,
1517 585 1532 613 r
1545 563 1717 638 pridfanam
1736 577 1859 623 enecen-

141 669 172 709 sc
199 667 377 722 aggressura
404 649 496 706 fuisse
523 651 620 707 fricuit
644 649 689 706 his
717 649 838 706 verbis:
857 671 871 699 «
898 652 973 706 Cum
1029 651 1155 722 sionem,
1171 653 1266 709 muris
1281 669 1351 710 carm
1360 651 1473 726 ingenti
1484 651 1582 710 studio
1597 655 1762 728 compactis
1775 659 1861 730 septa

137 744 223 814 juxta
238 741 434 814 capacitatem
453 739 607 813 parvitatis
635 755 709 796 mere
725 739 826 796 seculo
853 737 973 795 lectioni
1027 741 1200 798 monasterii
1215 743 1435 806 communistis,
1451 742 1508 800 hoc
1529 741 1673 800 nimirum
1689 759 1860 817 praecavere
1911 805 1918 814 ,

141 847 234 888 sacre
251 845 376 903 operam
387 827 511 896 da1·em;
528 827 662 901 quadam
679 829 726 884 die
740 825 881 884 manibus
900 841 973 899 pau-
1027 829 1170 900 volentes‚
1188 847 1224 886 nc
1244 837 1347 889 sancta
1362 831 1472 888 domus
1495 829 1573 890 ultra
1588 837 1689 906 posset
1712 832 1751 890 ab
1768 833 1860 891 hosti·

139 919 261 994 pertalis
274 936 349 975 mere
365 917 439 974 liber
454 917 586 981 arthasit,
600 935 617 974 a
633 921 662 972 B.
678 917 818 987 Gregorio
834 915 929 972 editus
943 915 972 970 in
1027 919 1084 974 bus
1099 919 1177 975 fredi.
1204 919 1260 978 Sed
1290 937 1350 977 non
1377 921 1448 978 satis
1469 922 1669 991 attendentes,
1692 923 1723 978 in
1745 927 1861 996 quanta

139 1009 262 1066 historia
277 1007 456 1063 secretissimi
471 1007 538 1061 toli.
554 1009 579 1061 ts
594 1005 703 1061 etenim
719 1004 972 1074 doctoregregius
1025 1009 1191 1066 reverentia
1203 1011 1324 1066 sanctus
1335 1009 1663 1085 istelocnsabantiqnis
1674 1009 1862 1085 temporibus
1924 1081 1931 1090 ,
1994 1052 2001 1064 .

139 1097 242 1154 diriuo
256 1095 375 1152 afflatus
401 1095 574 1168 spiramine,
591 1099 681 1166 atque
696 1093 733 1150 de
759 1093 836 1149 ionia
852 1097 971 1166 potatus
1026 1095 1319 1172 effulseritprotinus
1331 1099 1472 1170 religione
1484 1101 1584 1159 relicta
1597 1101 1861 1159 communedlrer-

141 1199 283 1258 superno,
299 1199 354 1240 ceu
369 1181 493 1239 rutilans
509 1181 620 1238 fiumen
637 1184 666 1238 in
681 1181 794 1255 praefati
811 1181 864 1237 viri
882 1181 971 1237 histo·
1027 1187 1140 1243 socium
1153 1203 1219 1244 esse
1231 1187 1465 1261 permisistispta
1479 1195 1512 1248 ut
1525 1189 1644 1248 feminis
1659 1189 1698 1248 ad
1714 1189 1857 1248 haurien-

142 1274 218 1329 riam
244 1271 426 1337 ‹lifiundens,
456 1277 538 1327 tauto
565 1287 632 1327 caru
658 1264 973 1342 facundo'protclavif
1026 1273 1550 1348 damaquametaddiscurrendum
1562 1279 1858 1352 queroluerintpor-

141 1361 269 1433 eloquio,
284 1367 315 1416 ut
330 1377 365 1416 ex
381 1377 416 1416 ee
431 1359 509 1416 velut
533 1361 678 1416 clarificos
707 1359 795 1430 soles,
811 1359 931 1428 triginta
944 1367 973 1418 et
1026 1363 1090 1420 terii
1101 1379 1163 1420 non
1177 1365 1333 1422 resistant:
1344 1383 1413 1422 cum
1426 1359 1768 1440 viderimus,qucdnulli
1780 1369 1858 1426 intra

139 1449 273 1522 quinque
288 1447 412 1505 ediderit
426 1447 530 1516 naue,
545 1465 622 1524 quos
634 1450 664 1504 in
676 1448 830 1504 codicibus
846 1465 897 1504 sex
909 1463 972 1504 arc·
1026 1455 1197 1510 monasterii
1208 1459 1310 1528 portas
1321 1456 1367 1512 vel
1381 1471 1490 1528 parum
1501 1455 1610 1514 intrare
1629 1455 1753 1524 licuerit,
1770 1461 1825 1514 eto.
1842 1479 1856 1506 „

144 1543 205 1594 tare
221 1537 361 1594 decrevit.
374 1542 409 1593 at
421 1538 494 1593 dum
510 1551 566 1600 ego
582 1555 616 1593 es·
631 1537 677 1592 his
689 1537 820 1610 primam
843 1535 972 1604 legendo
1028 1545 1088 1599 lluc
1102 1548 1215 1618 spectat
1228 1543 1332 1600 Leonis
1347 1559 1434 1620 papae
1444 1543 1490 1601 Vll
1506 1543 1632 1617 epistola
1646 1545 1686 1602 ad
1698 1547 1855 1616 flugonem

140 1639 346 1702 percurrerem
359 1633 487 1700 partem,
502 1627 595 1684 niurio
612 1641 756 1684 accensus
782 1645 895 1694 ramore,
912 1627 973 1701 pcl—
992 1633 1193 1707 gpriucipem
1206 1637 1235 1690 ct
1247 1633 1401 1706 abbatem,
1412 1633 1496 1690 'edita
1510 1633 1540 1690 in
1560 1633 1707 1707 spicilegii
1722 1639 1805 1692 tomo
1820 1637 1853 1706 ll,

138 1719 293 1791 lectusque
308 1717 349 1773 ita
371 1723 415 1774 est
442 1717 561 1772 aninrus
588 1715 745 1773 dulcedine
774 1716 919 1790 quadam,
940 1721 972 1772 ut
1026 1721 1194 1793 sancientis,
1212 1745 1225 1771 u
1242 1726 1391 1796 quatenus
1406 1737 1460 1798 per
1473 1723 1777 1780 totumreterismuri
1789 1739 1854 1780 am·

139 1809 234 1863 totum
248 1821 341 1876 sagax
357 1803 452 1870 vellet,
465 1803 489 1860 si
505 1809 615 1877 posset,
632 1805 776 1862 mandere
805 1803 925 1860 librum.
944 1809 969 1860 ls
1025 1811 1123 1870 bitrem
1144 1829 1240 1887 usqua
1265 1811 1304 1874 ad
1328 1815 1420 1882 viam,
1436 1827 1504 1887 qum
1527 1813 1613 1886 Juxta
1631 1811 1711 1871 latus
1723 1813 1855 1872 basilice

139 1897 248 1953 etenim
277 1895 423 1952 mirabilis
439 1895 544 1951 doctor
567 1893 676 1951 divinis
691 1895 839 1952 imbribus
853 1901 969 1964 auctus,
1025 1889 1200 1974 aquilonare
1224 1899 1428 1974 vergit,nulla
1452 1899 1856 1960 feminalicentiamhebeat
1917 1949 1928 1964 .

139 1983 252 2040 studuit
265 1983 416 2040 luculento
433 1985 563 2039 arrodere
579 1983 684 2050 allatu,
705 1999 816 2056 easque
831 1983 861 2040 iu
881 1999 970 2057 expo·
1025 1991 1244 2060 commorandi,
1260 1991 1312 2048 sed
1325 2007 1380 2048 nec
1393 1989 1525 2048 intrandi
1539 1989 1675 2064 quidem,
1690 1989 1747 2048 nisi
1760 1991 1852 2048 solius

139 2073 239 2130 nendo
268 2073 361 2129 menti
389 2073 609 2129 occurrentium
639 2073 801 2128 sententias
829 2075 969 2130 Patrem:

140 2180 175 2219 ex
191 2163 302 2237 quibus
313 2160 460 2236 protensis
486 2177 649 2218 numerosa
665 2161 694 2216 in
710 2161 866 2233 prefatam
881 2161 971 2218 histo-

140 2253 217 2308 riam
230 2251 372 2308 contraxi'
390 2251 554 2318 volumina,
565 2267 641 2324 quos
653 2266 761 2322 nempe
771 2255 890 2318 norunt,
904 2251 970 2324 qui-

140 2342 198 2398 bus
215 2357 300 2397 sacra
316 2355 376 2396 uon
390 2339 461 2396 latet
474 2341 634 2413 Scriptura,
651 2355 668 2396 a
684 2339 874 2408 senuerim,
892 2342 970 2396 Pate-

141 2431 185 2487 rie
200 2429 332 2500 nomine,
346 2429 474 2484 mirabili
488 2444 577 2504 opere
590 2429 769 2500 abstractas,
781 2429 970 2504 propriisque

142 2517 346 2574 voluminibus
362 2515 503 2585 redditas,
518 2515 618 2573 lucida
630 2517 685 2572 srfri
699 2517 872 2590 reposuisse
888 2515 969 2572 velu-

142 2608 233 2662 mirra.
248 2605 412 2678 exquibus
427 2607 528 2680 etipse
544 2611 611 2662 ante
622 2605 778 2662 biennium
802 2607 832 2661 in
857 2609 970 2675 Regno·

143 2713 210 2752 nrm
224 2693 302 2751 libro
317 2697 486 2768 aggregatis
503 2693 643 2751 omnibus
657 2701 777 2768 patrum
806 2694 968 2763 sententiis,

143 2785 276 2844 maxime
293 2791 392 2842 autem
407 2785 586 2842 sanctissimi
608 2799 694 2859 papae
718 2785 858 2856 Gregorii,
875 2801 971 2841 vinum

142 2891 233 2949 quem
250 2889 312 2930 non
340 2879 413 2947 puto
442 2873 638 2930 temnendum
667 2875 809 2946 conjunxi
825 2873 969 2930 libellum.

1025 2095 1117 2136 causa
1142 2079 1296 2137 orationis.
1314 2103 1328 2130 r
1345 2079 1452 2138 subdit
1474 2079 1561 2138 Odo:
1579 2103 1593 2131 u
1609 2083 1710 2155 Neque
1729 2080 1787 2138 hoc
1800 2095 1854 2154 pa-

1024 2183 1093 2224 rum
1107 2169 1253 2242 displicet,
1269 2169 1352 2242 quod
1362 2169 1488 2242 quidam
1498 2169 1529 2226 in
1544 2169 1652 2227 eodem
1662 2169 1730 2228 ioco
1739 2169 1852 2244 nutriti,

1026 2273 1057 2312 sc
1083 2255 1268 2330 quibusdam
1296 2257 1451 2314 laicalibus
1475 2258 1520 2314 vel
1545 2257 1673 2315 nimium
1695 2257 1853 2332 pomposis

1025 2341 1157 2397 restibus
1185 2339 1404 2398 dehonestent:
1422 2357 1492 2398 cum
1506 2341 1573 2398 talis
1589 2357 1653 2400 esse
1666 2343 1855 2399 consueverit

1024 2445 1129 2487 eorum
1144 2431 1344 2498 conversatio,
1359 2433 1392 2488 nt
1407 2431 1487 2488 hanc
1502 2431 1592 2489 etiam
1621 2433 1721 2488 Romae
1736 2429 1854 2490 laudam

1024 2517 1264 2585 audiverimus»
1279 2523 1334 2576 etc.
1347 2523 1459 2594 Nempe
1473 2521 1635 2578 canonicos
1646 2520 1685 2578 ad
1700 2519 1853 2578 meliorem

1023 2609 1141 2679 frugem
1155 2611 1348 2667 revocaverat
1360 2610 1424 2667 Odo
1435 2625 1505 2666 cum
1515 2609 1611 2681 dietis,
1625 2613 1688 2668 tum
1703 2609 1852 2684 exemplo,

1024 2697 1107 2771 apud
1120 2699 1266 2754 ioannem
1278 2699 1309 2754 in
1323 2697 1376 2754 lib.
1391 2715 1411 2769 r,
1428 2713 1513 2755 num.
1531 2703 1573 2755 tt.

1060 2805 1127 2860 car.
1145 2805 1188 2860 lli.
1204 2837 1238 2846 -
1250 2805 1424 2862 Morrcsticac
1440 2805 1509 2862 cite
1531 2805 1714 2880 tirocinium,
1736 2805 1817 2876 soria

1331 2877 1542 2933 sacedotium.

144 2965 331 3040 Quapropter
347 2962 512 3033 fragilitatis
528 2963 628 3018 sensui
644 2965 839 3035 corporisque
856 2963 913 3018 urei
927 2962 970 3017 in·
990 2995 1011 3048 c
1028 2991 1030 2996 ,
1064 2965 1105 3020 10.
1123 2967 1196 3022 Cum
1218 2964 1249 3020 in
1265 2980 1320 3022 suo
1346 2965 1430 3038 apud
1444 2965 1541 3022 saneti
1558 2965 1673 3023 armni
1696 2965 1854 3022 traducam

144 3053 285 3118 firmitati,
326 3053 445 3126 meique
475 3051 617 3108 similium
653 3051 766 3108 utilitati
798 3051 970 3120 cousulens,
1026 3069 1147 3111 secessu
1172 3053 1338 3110 lectitandis
1367 3053 1609 3127 meditandisque
1633 3055 1855 3128 Patribusope·

143 3143 223 3200 erexi
237 3159 285 3199 me
301 3147 404 3199 eontra
412 3148 532 3211 memet,
548 3157 609 3198 non
627 3142 703 3199 fastu
715 3142 894 3212 arrogantiae
910 3147 970 3198 tur·
1027 3159 1093 3200 ram
1109 3144 1272 3199 insumeret
1284 3141 1358 3212 0do,
1378 3141 1482 3200 incidit
1495 3143 1526 3199 in
1538 3142 1676 3214 regulam
1689 3142 1785 3200 saneti
1804 3143 1855 3198 aa

144 3233 241 3304 gidus,
258 3249 312 3290 nec
328 3233 475 3306 superbiae
492 3231 596 3305 spiritu
614 3231 756 3302 tumidus,
771 3233 899 3288 ventosis
927 3231 971 3287 fa·
1026 3231 1152 3299 nedieti;
1169 3233 1307 3303 exeujus
1336 3231 1510 3306 praescripto
1524 3247 1579 3306 per
1590 3229 1751 3290 biennium
1767 3231 1856 3289 decu-

145 3323 268 3379 voribus
298 3323 396 3378 uiues
424 3321 608 3392 incumbere,
637 3321 716 3378 Deus
742 3323 796 3378 scit
812 3339 817 3376 :
836 3321 887 3378 sed
903 3321 972 3392 igne
1025 3324 1091 3380 buit
1105 3321 1215 3392 nudus,
1232 3345 1245 3373 u
1262 3327 1290 3379 et
1300 3323 1432 3380 necdum
1447 3323 1617 3380 monachus
1635 3321 1856 3379 monachorum

144 3411 277 3470 lectionis
291 3412 421 3486 praelatae
432 3411 560 3468 historice
577 3411 718 3484 flagrans,
729 3427 821 3484 quam
833 3415 895 3468 toto
905 3411 973 3468 nisu
1025 3413 1089 3469 leve
1107 3411 1222 3469 ferebat
1229 3411 1349 3484 jugum,
1360 3433 1373 3462 u
1391 3414 1585 3470 testetoenne
1599 3427 1684 3468 num.
1700 3411 1740 3469 tt.
1755 3410 1857 3468 inho·

145 3501 326 3572 memoriter,
355 3505 388 3557 ut
411 3500 593 3558 intellectum
610 3500 734 3557 retinere
749 3499 876 3564 valeam,
892 3501 972 3556 hunc
1026 3519 1096 3559 nem
1121 3501 1260 3559 comitem
1285 3499 1324 3558 ad
1352 3517 1423 3558 suas
1444 3506 1544 3575 partes
1569 3499 1642 3558 forte
1667 3499 1855 3568 inritaverat,

145 3591 242 3664 operis
252 3589 338 3664 parvi
353 3590 487 3646 contraxi
502 3589 646 3646 libellum.
666 3613 678 3638 r
694 3591 851 3663 Hucusque
866 3589 972 3646 Odoin
1028 3607 1098 3648 cum
1110 3591 1157 3648 ille
1180 3589 1311 3646 necdum
1330 3593 1449 3666 tempus
1465 3605 1529 3647 esse
1544 3589 1688 3661 allegans,
1711 3588 1856 3660 adhegri-

145 3679 319 3752 prrefatione
334 3677 504 3754 compendii
521 3677 576 3734 sui.
1028 3695 1102 3736 num
1117 3679 1282 3753 quemdam
1300 3677 1435 3748 militem,
1455 3680 1547 3736 armis
1569 3683 1734 3747 strenuum,
1758 3677 1857 3735 Odoni

181 3773 207 3824 8.
221 3771 289 3824 Post
302 3769 366 3824 haec
381 3783 465 3824 num.
482 3771 512 3824 rt
530 3781 700 3823 sermonem
710 3767 832 3824 reflectit
842 3771 973 3825 ioannes
1029 3767 1196 3839 designavit
1211 3767 1448 3842 conciliavitque.
1465 3767 1562 3826 ambo
1573 3768 1675 3842 itaque
1686 3789 1702 3819 u
1714 3766 1858 3842 parvissi-

146 3855 185 3912 ad
199 3855 339 3914 comitem
354 3853 526 3924 Falconem,
542 3871 634 3930 quem
660 3855 699 3912 cb
726 3855 843 3913 sublata
858 3873 895 3912 ex
913 3857 975 3912 the·
1028 3873 1081 3914 mo
1093 3855 1212 3929 tugurio
1233 3857 1374 3927 contenti,
1389 3881 1402 3908 υ
1429 3857 1468 3915 ad
1482 3859 1649 3916 monastica
1663 3861 1734 3915 rota
1747 3857 1779 3913 in
1793 3856 1858 3913 dies

148 3961 237 4002 sauro
265 3945 360 4000 sancti
386 3943 501 4002 llartini
515 3943 648 3999 ecclesius
662 3945 723 3999 duo
742 3943 868 4002 vascula
883 3959 976 4000 aurea
1030 3946 1222 4003 anhelabant.
1240 3947 1297 4004 Sed
1312 3961 1374 4002 non
1388 3945 1564 4003 occurrebat
1587 3947 1629 4003 cis
1642 3945 1737 4017 taces,
1752 3943 1859 4018 inquo

145 4033 248 4090 lethali
262 4033 370 4088 morbo
385 4031 538 4098 afflictum,
554 4035 643 4104 atque
655 4033 917 4106 Odonisprecibns
929 4049 976 4088 sa·
1028 4035 1142 4106 vigeret
1156 4051 1192 4090 ea
1205 4035 1372 4107 disciplina.
1395 4035 1498 4090 faisses
1513 4037 1640 4090 Romam
1660 4033 1858 4104 adhegrinus,

147 4121 232 4180 nitati
247 4121 417 4180 restitutum
430 4119 569 4176 affirmat.
590 4122 770 4194 depugnant
783 4121 920 4176 nonnulli
934 4137 977 4177 ro·
1031 4127 1065 4178 ut
1079 4121 1210 4196 aliquem
1230 4121 1408 4194 exploraret,
1439 4119 1469 4174 in
1488 4120 1593 4175 itinere
1609 4119 1744 4177 lammam
1758 4119 1859 4175 derer-

147 4213 302 4282 ccntiores,
315 4211 424 4286 pietate
435 4209 557 4268 adducti
569 4209 715 4280 l'ulconis,
728 4211 775 4267 eui
784 4210 855 4268 Boni
868 4225 977 4282 cogno-
1032 4211 1074 4268 tit.
1091 4209 1193 4280 arrisit
1201 4209 1259 4283 ipsi
1273 4209 1390 4266 abbatis
1399 4208 1584 4275 humanitas,
1596 4225 1631 4266 ac
1642 4207 1860 4266 monachorum

147 4307 283 4360 mentum
309 4299 374 4358 heo
397 4301 490 4358 virtus
517 4299 606 4357 dedit.
623 4301 659 4358 at
679 4299 850 4359 suntetiam
866 4300 897 4358 in
913 4299 976 4358 sole
1032 4297 1136 4370 religio
1166 4315 1172 4354 ε
1197 4313 1292 4374 eoque
1321 4298 1457 4356 odonem
1488 4313 1593 4355 secum
1629 4298 1782 4373 pertraxit,
1807 4297 1861 4371 qni

149 4410 209 4450 sue
223 4390 349 4460 umbrae,
366 4395 395 4447 et
420 4389 546 4463 scriptor
560 4389 628 4446 libri
640 4389 677 4446 de
704 4391 794 4462 gestis
816 4391 975 4448 consulum
1034 4413 1047 4442 u
1065 4391 1195 4464 sumptis
1211 4405 1314 4446 secum
1329 4391 1449 4445 centum
1464 4385 1667 4444 voluminibus
1681 4387 1827 4444 librorum
1846 4411 1860 4437 υ

148 4479 422 4556 andegavensium,
445 4479 497 4554 qui
512 4483 574 4538 tam
589 4479 683 4538 multa
703 4479 740 4535 de
755 4479 884 4537 Fuleone
898 4495 975 4556 prae-
1033 4487 1072 4540 act
1086 4479 1165 4537 istud
1181 4477 1395 4536 monasterium
1411 4477 1629 4551 commigravit.
1647 4501 1662 4528 a
1677 4479 1746 4535 llrat
1760 4481 1862 4536 eutem

149 4568 231 4628 clara
259 4572 486 4638 commemorat,
513 4567 603 4624 etiarn
629 4568 687 4625 hoc
710 4567 823 4626 factum
848 4569 978 4626 inserere
1033 4575 1117 4628 estate
1150 4569 1336 4641 tricenarius,
1350 4591 1364 4618 n
1395 4583 1464 4626 cnm
1480 4567 1586 4624 christi
1610 4581 1709 4624 annus
1728 4567 1788 4624 fere
1808 4567 1861 4624 909

150 4675 211 4717 non
223 4657 371 4716 dubitavit
383 4676 389 4727 ;
402 4657 486 4731 quod
499 4657 625 4715 dixerim
641 4657 680 4714 ad
695 4675 782 4716 suam
792 4660 900 4717 ioanni
911 4675 979 4717 auo·
1033 4663 1210 4718 excurreret.
1228 4660 1296 4714 Haec
1311 4657 1437 4731 carptim
1453 4673 1488 4714 ex
1502 4660 1616 4714 ioanue
1630 4673 1743 4714 anrrm.
1760 4656 1804 4710 21.
1822 4657 1862 4710 De

151 4749 297 4806 toritatem
313 4748 518 4806 asserendam.
1034 4749 1137 4806 Balma
1152 4747 1265 4804 dictum
1278 4745 1310 4802 in
1324 4745 1421 4818 elogio
1436 4745 1589 4802 hemonis.
1608 4745 1672 4802 Odo
1684 4741 1862 4816 probatione

186 4845 212 4896 9.
227 4837 325 4896 llcdco
341 4837 380 4895 ad
404 4836 517 4895 odonis
538 4837 631 4894 vitam
660 4835 877 4905 canonicalem,
893 4837 979 4910 cujus
1033 4839 1111 4896 facta
1125 4851 1289 4911 puerorum
1305 4851 1358 4893 sen
1370 4835 1552 4893 novitiorum
1580 4849 1684 4892 curam
1713 4837 1742 4890 ct
1755 4832 1863 4890 educa-

152 4943 293 5000 quaenam
303 4925 390 4985 fuerit
402 4943 438 4984 eo
452 4931 585 5002 tempore
596 4925 880 5000 apudllartinianos
890 4925 979 4982 disci·
1034 4927 1146 4985 tionem
1172 4926 1203 4982 in
1230 4941 1261 4982 se
1288 4925 1428 5000 suscepit,
1455 4941 1532 5000 quos
1554 4945 1568 4974 a
1586 4923 1696 4980 scholae
1711 4945 1725 4974 a
1739 4921 1862 4980 nomine

152 5013 358 5092 plina,paucis
369 5032 517 5092 exponere
526 5014 725 5088 juvatviguit
739 5032 775 5072 eo
786 5015 818 5072 in
832 5015 898 5073 loeo
912 5019 980 5090 post
1034 5019 1164 5075 ioannes
1180 5013 1328 5086 designat,
1343 5019 1376 5071 ut
1390 5015 1473 5088 apud
1490 5017 1599 5070 veteres
1619 5027 1681 5070 non
1692 5027 1772 5070 raro.

151 5105 399 5166 vitaemonasticae
410 5105 980 5186 abdicationemquasdamfcrmaregu-
1074 5111 1115 5163 lt.
1133 5105 1331 5176 adhegrinus,
1354 5103 1469 5161 0donis
1497 5103 1607 5174 socius,
1636 5125 1649 5153 u
1663 5102 1695 5159 in
1718 5117 1811 5158 unam
1831 5114 1864 5154 se

151 5193 233 5252 laris.
247 5195 458 5253 Trecentorum
471 5193 691 5252 monachorum
707 5209 852 5250 numerus
869 5191 908 5250 ad
915 5207 982 5248 cen·
1037 5195 1198 5254 coarctarit
1209 5193 1359 5266 cellulam,
1375 5197 1404 5250 et
1413 5193 1601 5267 permittente
1609 5191 1719 5249 abbate
1729 5193 1863 5245 bernone

153 5281 984 5360 tumetquinquagintacanonicosredactus:jugispsai-
1036 5281 1377 5359 pertrienniummansit
1387 5281 1490 5340 inea.»
1500 5280 1695 5338 Postmodum
1707 5291 1865 5334 «emmam

152 5374 255 5433 modia
276 5375 308 5432 in
329 5373 473 5431 discretas
497 5375 588 5434 horas
611 5375 755 5442 restricta,
769 5375 802 5428 ut
812 5371 908 5428 fusius
923 5369 984 5427 dic·
1038 5371 1236 5447 petiit,ibique
1245 5387 1340 5444 parra
1348 5369 1537 5428 subarctatus
1550 5373 1597 5424 est
1610 5365 1865 5438 spetuncaalstic

154 5469 217 5524 tum
228 5469 273 5522 est
289 5465 320 5522 in
331 5462 429 5534 elogio
443 5463 558 5519 atcuini
569 5479 655 5535 num,
671 5465 714 5520 46.
733 5465 853 5521 Servata
875 5461 983 5517 nihilo·
1038 5461 1219 5536 divinapost
1231 5457 1342 5517 multos
1354 5475 1481 5532 angores
1491 5453 1697 5512 consolatione
1710 5455 1863 5526 dignatas.

153 5555 254 5612 minus
264 5554 398 5614 claustro
410 5567 466 5608 sua
476 5554 651 5624 reverentia,
664 5551 762 5609 aditus
771 5550 887 5608 feminis
899 5550 985 5607 inter-
1039 5554 1068 5607 et
1079 5549 1254 5606 damonum
1268 5547 1459 5606 tentamentis
1474 5559 1530 5615 ope
1546 5542 1640 5599 saneti
1667 5543 1781 5602 namet
1794 5539 1866 5596 liba·

153 5645 261 5716 dicim,
286 5643 429 5719 pleraque
449 5639 578 5712 denique
601 5642 641 5696 ad
662 5642 824 5700 honestatis
852 5641 983 5714 speciem
1038 5644 1133 5709 ratus,
1147 5637 1283 5711 ejusdem
1297 5636 1388 5694 etiam
1404 5635 1553 5690 nameus
1567 5637 1612 5690 est
1626 5631 1771 5706 alloquio,
1784 5625 1868 5700 apud
