4104 6162
309 171 363 225 ssa
831 159 860 216 s.
880 156 1011 216 oneris
1028 149 1180 210 mains
1198 153 1446 216 causticausrs
1465 156 1488 211 u
1921 171 1961 226 ,g

309 293 372 348 tam
387 289 417 344 in
428 289 510 343 Novo
525 295 618 356 quam
632 281 663 338 in
677 280 775 338 Veteri
785 283 973 338 testamento
983 277 1137 353 reperiun-
1153 277 1176 332 h
1192 293 1386 336 communem
1401 283 1511 337 sanctes
1525 277 1637 351 regulae
1650 277 1740 336 vitam
1753 281 1797 339 vel
1806 283 1918 343 ordinem
1927 287 1965 346 de

310 382 367 448 tur,
388 391 456 448 quae
472 369 602 428 haeretici
616 369 695 427 male
708 369 905 440 intelligentes
919 368 958 426 ad
981 371 1136 425 exstruen·
1191 383 1260 438 gere
1274 369 1362 442 quasi
1381 368 1489 442 captivi
1509 372 1671 440 cogimtnr3
1693 369 1832 428 Danielem
1850 378 1932 433 umen
1945 383 1965 434 et

310 465 384 522 dum
399 477 531 519 errorem
546 475 637 516 suum
664 463 836 532 retorquere
859 457 917 515 nisi
932 462 1019 514 sunt:
1045 457 1086 512 ita
1109 459 1139 511 ct
1190 461 1250 514 tres
1265 473 1386 532 pueros,
1408 458 1460 532 qui
1486 457 1517 514 in
1547 457 1698 531 Babylone
1721 460 1886 520 continenter
1904 464 1965 522 viae·

308 553 340 611 in
354 557 458 610 sancta
472 548 577 620 regula
590 548 633 618 iit,
647 563 718 604 cum
730 563 784 621 per
798 547 939 620 quadam
958 546 1024 619 ejus
1044 544 1138 601 verba
1190 551 1269 618 runt,
1285 547 1447 618 imitantes,
1473 547 1628 604 fornacem
1642 546 1777 604 vitiorum
1797 548 1901 608 feliciter
1915 567 1966 610 era·

307 642 432 701 renuitae
447 643 477 696 ct
494 638 606 708 rciugae
621 637 687 710 ejus
701 636 890 693 fortitudines
909 651 980 692 suas
994 648 1138 691 excusare
1191 635 1276 692 dunt.
1292 639 1331 692 De
1343 635 1548 693 ecclesiasticis
1561 635 1643 705 viris,
1666 636 1717 710 qui
1731 637 1898 696 secularium
1911 640 1967 698 lacta

307 731 482 789 moliuntur.
493 726 616 797 Regula,
627 725 776 799 inquiunt,
786 725 881 797 jubet,
895 729 927 781 ut
941 723 1014 782 nihil
1026 724 1138 781 habeat
1190 729 1340 781 mutantes
1360 724 1442 781 velut
1460 741 1479 781 a
1497 723 1670 798 Babyloniis
1690 725 1901 799 hierosolymita
1919 743 1968 802 cap

308 819 478 879 monachus
491 815 575 890 quod
587 814 684 872 abbas
700 831 762 872 non
781 814 905 882 dederit,
922 817 975 871 aut
994 812 1136 886 permisc·
1189 813 1330 882 tivantur,
1347 818 1375 871 et
1396 813 1434 871 de
1448 815 1543 871 tribus
1564 813 1640 870 vitiis
1661 829 1714 887 per
1735 829 1799 888 quae
1825 819 1907 873 status
1920 817 1967 874 reli·

309 907 503 980 rit3abbates
517 920 588 962 vero
603 904 696 961 nostri
721 904 794 961 tales
811 907 880 959 sunt
899 907 932 959 ut
952 907 1055 960 nostra
1074 917 1136 958 non
1191 903 1287 973 gionis
1303 903 1435 961 maxime
1450 903 1653 972 contunditur,
1680 903 1849 977 plunnium,
1870 910 1895 962 et
1915 906 1969 962 iorte

312 1001 428 1068 curent,
443 999 471 1052 et
486 994 526 1051 ob
540 993 571 1049 id
588 993 763 1066 permittunt
775 1008 830 1048 nos
845 991 956 1048 habere
977 1007 1044 1065 quae
1058 990 1136 1047 indi·
1191 992 1346 1049 verbosius
1372 1009 1465 1066 quam
1490 996 1616 1068 oportet,
1639 993 1735 1066 posita
1761 997 1833 1050 sunt.
1857 997 1969 1052 Ceterum

310 1082 730 1160 gemustnonigiturcontra
748 1081 885 1150 iacimus,
902 1080 1068 1154 siquiden
1088 1095 1135 1136 eo·
1190 1081 1273 1155 quod
1297 1087 1367 1149 tuae,
1390 1082 1568 1139 venerabilis
1590 1085 1683 1156 pater,
1699 1080 1830 1154 lacrymo
1850 1087 1969 1153 testantur,

308 1191 377 1232 rum
387 1171 583 1248 permissione
595 1169 754 1226 habemus.
770 1169 827 1226 Sed
844 1168 869 1224 si
884 1167 992 1226 rationi
1006 1183 1042 1224 ac
1061 1167 1136 1224 veri·
1190 1171 1231 1227 ita
1242 1171 1306 1242 jam
1321 1171 1429 1228 deiecit
1439 1171 1571 1245 spiritus,
1582 1169 1770 1229 etdiminuta
1781 1175 1845 1228 sunt
1855 1171 1969 1242 veritates,

309 1263 362 1321 tati
372 1260 543 1319 consentire
558 1258 677 1328 vellent,
689 1258 776 1315 facile
791 1257 1008 1331 respondetur:
1026 1256 1137 1313 scilicet
1190 1262 1223 1314 ut
1238 1259 1314 1315 sicut
1326 1260 1420 1316 isaias
1435 1259 1613 1332 illacrymat,
1629 1257 1698 1316 iacti
1719 1257 1864 1315 videamur
1884 1257 1970 1314 sicuta

308 1350 454 1426 quoniam
468 1349 566 1422 primo
579 1347 702 1420 quidem
715 1347 871 1403 sciendum
891 1350 945 1413 est,
968 1346 1041 1420 quia
1060 1345 1137 1402 sicut
1190 1348 1348 1422 principio,
1364 1347 1488 1422 quando
1501 1352 1578 1405 Deus
1595 1363 1657 1404 non
1680 1347 1879 1406 dominabatur
1894 1347 1970 1404 nunt

308 1439 339 1496 in
351 1437 506 1496 Moralium
515 1435 592 1492 libro
603 1452 663 1491 xxv
677 1434 857 1508 disputatur,
869 1433 953 1507 quod
967 1433 1135 1490 seeundum
1191 1443 1235 1493 An
1248 1453 1309 1493 non
1324 1437 1365 1493 ita
1376 1437 1445 1493 esti
1459 1437 1533 1493 dum
1548 1436 1624 1492 inter
1638 1435 1820 1510 propinquos
1830 1435 1971 1492 ieralasuc

307 1528 414 1584 merita
423 1525 628 1597 subjectorum
635 1523 804 1608 tribuuntur
811 1537 947 1596 personae
956 1521 1134 1593 regentium,
1191 1525 1301 1582 cedunt
1315 1525 1486 1582 cdiaidum
1496 1525 1597 1596 jurgia
1608 1529 1774 1582 nascuntur
1786 1523 1908 1580 infensa?
1920 1521 1972 1578 dun

308 1616 392 1674 etsie
406 1631 461 1688 pro
480 1612 622 1687 qualitate
642 1611 833 1668 subditorum
854 1615 921 1668 acta
936 1611 1137 1684 disponuntur
1151 1629 1172 1685 p
1192 1613 1339 1688 usquead
1354 1613 1531 1685 sanguinem
1556 1613 1638 1670 saevit
1652 1611 1859 1684 inexplicabilis
1877 1615 1901 1668 et
1916 1625 1972 1666 ceca

308 1706 440 1774 illorum,
451 1707 485 1759 ut
498 1718 575 1775 saepe
596 1701 649 1776 qui
667 1700 807 1758 videntur
824 1699 898 1756 boni
922 1703 1046 1772 accepto
1064 1698 1138 1769 regi·
1191 1703 1304 1760 malitia
1314 1703 1409 1760 ‘idum
1424 1703 1511 1760 bonis
1526 1703 1662 1761 invident
1674 1703 1769 1777 pravi,
1783 1700 1972 1760 liberalibuscn·

308 1793 389 1850 minc
401 1795 619 1866 permutentur,
631 1795 663 1846 ut
678 1789 748 1848 Saul
762 1806 769 1844 ε
790 1795 819 1845 et
830 1787 883 1862 qui
905 1788 995 1846 etiam
1009 1787 1083 1844 boni
1096 1787 1137 1843 vi·
1190 1793 1263 1867 pidi,
1275 1791 1467 1866 quietissimis
1481 1791 1653 1860 turbulenti,
1666 1789 1803 1848 studiosis
1817 1789 1917 1856 mutes,
1929 1785 1971 1860 pir

308 1881 417 1939 dentur
429 1885 458 1937 et
472 1887 552 1952 sunt,
566 1877 710 1954 promulo
726 1893 816 1950 grege
830 1877 1004 1951 delinquere
1015 1876 1136 1950 permit·
1191 1878 1265 1934 cidis
1279 1878 1496 1952 implacabiles,
1513 1879 1683 1953 tranquillis
1706 1878 1841 1946 immites,
1863 1873 1970 1934 modesti

308 1976 418 2030 tantur.
439 1971 471 2026 ln
485 1970 544 2026 hoc
569 1971 695 2042 apparet
720 1967 792 2041 quia
813 1965 978 2024 vindictam
1004 1965 1135 2040 populns
1190 1967 1348 2035 temerarii,
1380 1967 1575 2041 sapientibus,
1601 1968 1693 2034 stulti,
1708 1965 1880 2042 simplicibus
1892 1962 1968 2028 calidi

308 2058 441 2132 suscipit.
458 2057 531 2116 ilinc
542 2056 717 2114 Psalmista:
728 2056 932 2113 Obscurerrtur
946 2055 1026 2112 ocuti
1035 2070 1136 2112 eorum
1191 2055 1367 2112 mittissimis
1380 2071 1502 2130 quoqne
1516 2054 1644 2113 furiosi?
1658 2055 1718 2114 Sed
1737 2053 1838 2112 melius
1848 2049 1970 2111 cornuin

308 2165 346 2206 ne
359 2149 479 2205 videant
492 2148 588 2216 (Prot.
601 2161 695 2216 vattl,
706 2146 762 2218 24).
776 2148 818 2201 Ac
829 2143 953 2212 sidicat,
965 2143 1078 2218 quiain
1087 2144 1137 2200 via
1192 2147 1294 2202 sanias
1308 2144 1473 2219 apostolica
1487 2145 1561 2203 tuba
1572 2144 1736 2216 redarguit.
1750 2147 1821 2202 liam
1831 2159 1892 2200 cnm
1903 2138 1970 2196 nous

308 2235 359 2292 Dei
371 2251 426 2310 pcr
437 2233 611 2308 snperbiam
626 2232 804 2290 exorbitant.
817 2232 889 2289 talea
904 2231 1006 2289 divino
1025 2231 1137 2289 exemi·
1190 2235 1337 2292 simorum
1356 2234 1490 2308 pericula
1504 2239 1679 2308 temporum
1695 2233 1824 2306 gentium
1840 2234 1928 2289 Doctcr
1940 2242 1970 2284 u·

307 2341 346 2382 ne
358 2323 499 2399 praelatos
515 2322 674 2397 accipiant,
686 2321 738 2396 qui
753 2321 885 2378 veritatis
898 2321 997 2377 lucem
1011 2335 1074 2377 non
1084 2319 1137 2376 ha·
1190 2323 1340 2398 primerct,
1354 2322 1452 2380 intulit
1463 2321 1567 2380 dicens
1579 2339 1586 2378 :
1599 2323 1703 2379 Erunt
1714 2323 1790 2380 enin
1801 2315 1969 2384 homiottttt't'

308 2413 410 2482 beant,
426 2416 576 2487 quatenus
590 2411 621 2468 hi
640 2410 694 2484 qui
715 2410 782 2467 illos
797 2409 878 2467 velut
898 2425 1008 2476 corpus
1032 2408 1136 2466 octilos
1190 2429 1237 2469 sos
1263 2419 1407 2485 amantes,
1436 2413 1549 2483 cupidi,
1571 2413 1655 2482 etuti,
1683 2411 1809 2484 superii,
1836 2403 1969 2478 tuetmt

308 2501 387 2560 male
399 2501 598 2576 providentes
614 2503 791 2572 sequuntur,
805 2513 977 2571 percorum
990 2492 1148 2554 ducatum
1189 2501 1364 2571 parentibus
1378 2515 1438 2557 nors
1461 2500 1637 2570 obedientes,
1663 2502 1787 2574 ingrati,
1810 2497 1917 2562 sceleti,
1930 2492 1971 2550 rire

308 2590 474 2663 offendant,
496 2593 525 2645 et
545 2585 709 2660 iniquitatis
729 2601 819 2642 onere
841 2585 988 2642 incurvati
1012 2601 1136 2641 omnem
1190 2591 1356 2660 affectione,
1371 2591 1435 2646 sine
1444 2603 1531 2660 poce,
1546 2589 1765 2657 criminatores,
1785 2585 1970 2648 immimentis,

302 2683 420 2737 statum
439 2676 624 2735 rectitudinis
646 2675 784 2748 perdant.
802 2673 913 2730 Deinde
933 2689 1004 2732 vcro
1019 2680 1049 2730 et
1062 2673 1136 2730 illud
1190 2667 1972 2749 inmites,sinetenueereuprcdttores,proter-etthi·

310 2771 436 2839 constat,
451 2765 523 2841 quia
538 2764 612 2822 nihil
637 2763 716 2819 ultra
730 2761 901 2835 permittere
920 2767 1058 2836 possunt,
1079 2761 1137 2818 nisi
1191 2765 1233 2834 di,
1247 2765 1435 2835 voluptatum
1450 2771 1599 2822 amotores
1612 2765 1712 2838 magis
1724 2779 1811 2837 quom
1822 2759 1914 2831 Deilll
1920 2755 1970 2812 lt'm

309 2860 458 2930 qnantum
483 2856 511 2912 S.
533 2851 708 2910 Benedictus
723 2851 762 2908 ad
777 2851 1006 2908 sustentandam
1021 2856 1136 2908 naturas
1191 2869 1235 2920 ιιι,
1255 2855 1324 2927 2-4).
1349 2854 1402 2910 liic
1425 2853 1619 2910 beatissimus
1645 2852 1757 2912 Paulus
1778 2849 1856 2928 quod
1872 2843 1971 2920 superitt

309 2944 515 3002 necessitatem
527 2939 671 3015 permisit.
691 2941 725 2995 lit
741 2939 790 2994 ille
813 2937 861 2994 cui
884 2939 1032 2996 dicimus:
1050 2939 1136 2996 Abho
1151 2979 1173 3038 c
1191 2941 1300 2999 diffuse
1313 2940 1436 3017 protulit
1449 2941 1527 2998 mira
1546 2940 1695 2999 brevitate
1716 2939 1837 3012 collegit,
1851 2931 1971 2993 osteudens
2011 2953 2012 2980 ι

308 3035 403 3091 Pater·
416 3033 511 3104 (Rom.
526 3045 591 3096 vrri,
606 3028 661 3100 l5),
677 3043 746 3084 cum
761 3025 928 3100 discipulos
942 3027 1030 3101 quasi
1040 3043 1136 3099 agnos
1191 3047 1243 3089 cos
1269 3031 1337 3088 ideo
1361 3030 1433 3088 tales
1457 3030 1530 3100 iore,
1560 3029 1633 3105 quie
1654 3030 1841 3106 voluptatum
1860 3027 1971 3084 amauri-r
2011 3033 2012 3053 ι

309 3123 340 3179 iu
362 3119 463 3178 medio
481 3117 623 3192 lnporum
650 3116 739 3184 misit,
771 3114 906 3188 permisit
928 3115 1051 3189 quidem
1080 3133 1135 3191 pro
1191 3121 1359 3186 existerent,
1374 3119 1447 3194 quia
1460 3119 1659 3176 vitiosissimis
1675 3107 1972 3195 cupiditatibussesulr

309 3209 452 3283 temporis
478 3206 654 3264 necessitate
686 3203 802 3278 aliquid
830 3204 916 3272 ieme,
945 3221 1000 3261 nec
1034 3209 1135 3262 tamen
1188 3209 1339 3282 jugarent.
1356 3208 1428 3265 ilinc
1442 3209 1523 3265 enim
1532 3208 1732 3266 cunctamala
1743 3201 1971 3282 provenientium

309 3299 391 3356 aliud
408 3312 502 3370 quam
525 3309 631 3370 peram
655 3297 685 3350 et
712 3293 877 3350 sacculum.
899 3292 1039 3350 Noverint
1064 3308 1136 3365 crgo
1191 3301 1268 3354 Deus
1282 3297 1492 3366 contemnitur,
1514 3297 1686 3371 voluptates
1711 3299 1855 3364 amantur.
1869 3290 1926 3348 ilinc
1943 3285 1971 3338 ol

307 3387 365 3455 isti,
379 3385 433 3459 qui
458 3383 516 3440 sub
539 3383 596 3440 hac
618 3381 777 3439 occasione
799 3381 965 3454 cupiditati,
994 3381 1083 3454 gulae,
1108 3387 1137 3440 et
1190 3387 1284 3461 quod,
1301 3391 1333 3444 nt
1355 3386 1506 3460 Sapientia
1526 3386 1611 3443 dicit:
1636 3386 1747 3446 Omnia
1774 3382 1909 3444 commisto
1925 3373 1971 3432 tuti

307 3474 423 3534 libidini
433 3490 465 3531 sc
477 3471 663 3546 mancipant,
678 3470 750 3545 quia
764 3485 827 3528 non
854 3471 1020 3545 proderunt
1030 3471 1073 3528 eis
1087 3487 1136 3529 ex·
1191 3476 1275 3546 apud
1286 3490 1334 3532 eos
1344 3489 1356 3531 .·
1370 3477 1504 3546 sanguis,
1515 3475 1721 3541 homicidium,
1731 3475 1821 3546 fictio,
1832 3463 1970 3543 perieritis

308 3563 477 3622 cusationes
492 3561 523 3618 in
534 3559 803 3634 peccatis3sedfiet
815 3557 1022 3632 etprsalatiset
1034 3556 1137 3614 subdi·
1192 3566 1338 3622 tumultus
1358 3563 1516 3634 honorum,
1541 3565 1667 3622 Domini
1695 3559 1896 3623 immemoratio
1918 3551 1971 3624 (Sto

307 3653 345 3710 tis
358 3653 416 3710 hoc
438 3649 531 3726 quod,
546 3654 579 3707 ut
600 3664 693 3723 supra
714 3648 860 3714 diximus,
882 3661 936 3721 per
959 3645 1135 3704 Malachiam
1190 3669 1248 3719 xvv,
1264 3653 1321 3725 25).
1335 3653 1408 3710 ilinc
1423 3657 1451 3710 et
1465 3654 1539 3710 Osee
1552 3651 1778 3726 querimoniam
1798 3635 1970 3708 fauensdcit:

305 3743 384 3799 Deus
398 3739 601 3798 comminatur
614 3737 735 3824 dicens:
751 3737 930 3807 Disperdom
954 3737 1134 3808 magistrum
1189 3742 1308 3798 Nonest
1323 3742 1445 3808 veritus,
1460 3747 1488 3799 et
1502 3756 1563 3798 noo
1577 3747 1618 3799 est
1633 3740 1847 3810 misericordia,
1860 3725 1971 3794 etmrct

307 3837 335 3890 et
349 3830 540 3901 discipulum,
556 3833 584 3886 ct
600 3825 779 3886 maledicum
802 3825 1054 3884 benedictionibus
1077 3829 1135 3882 o‘es·
1189 3829 1314 3888 sceatta
1330 3831 1363 3885 ic
1382 3834 1474 3887 terro.
1491 3829 1702 3899 Maledictum,
1723 3836 1750 3888 et
1770 3813 1971 3886 menendum

307 3927 363 3978 tras
375 3919 498 3977 (Motae.
514 3922 583 3990 ιι,2,
600 3917 653 3989 12).
671 3913 855 3973 Benedicunt
869 3913 1040 3972 sacerdotes
1063 3931 1134 3972 cum
1190 3919 1392 3988 homicidium,
1406 3919 1537 3992 furtum,
1548 3924 1575 3976 et
1587 3919 1773 3978 adulterium
1784 3903 1971 3976 mentuunt·

307 4007 461 4068 adulando
475 4005 583 4066 Christi
598 4003 837 4062 misericordiam
855 4003 914 4061 reis
938 4003 1132 4077 promittunt:
1189 4015 1216 4067 et
1231 4009 1354 4080 sanquis
1368 4008 1545 4080 sanguinem
1557 4008 1653 4080 tetigit
1676 4009 1761 4081 (Osee
1774 4024 1812 4076 tv,
1828 4010 1851 4069 l,
1864 4005 1896 4069 2).
1908 3997 1933 4052 it
1942 4002 1972 4084 pt·

306 4097 359 4156 scd
382 4093 643 4155 benedictionibus
669 4109 776 4151 eorum
799 4091 946 4150 Dominus
970 4091 1134 4161 maledicit,
1189 4097 1263 4172 puli,
1279 4097 1355 4153 sicut
1374 4096 1406 4153 hi
1427 4095 1480 4170 qui
1498 4096 1712 4155 contradicunt
1726 4089 1876 4159 sacerdoti,
1888 4083 1972 4153 dequ-

305 4186 378 4261 quia
397 4188 473 4242 sicut
499 4183 570 4240 alibi
597 4182 726 4240 dicitur:
750 4181 809 4250 Qui
831 4183 1003 4253 beatificant
1026 4188 1054 4240 et
1081 4181 1136 4254 qui
1188 4185 1319 4244 busuna
1343 4185 1477 4259 Apostoli
1494 4184 1640 4242 sententia
1662 4191 1718 4256 est,
1733 4183 1871 4260 quoniam
1891 4179 1973 4231 merc

308 4273 518 4344 beatificantur
535 4277 624 4330 crunt
643 4271 829 4343 precipitari
840 4271 911 4343 (iso.
927 4287 968 4342 rx,
982 4271 1040 4343 26).
1058 4273 1133 4328 Nam
1191 4277 1252 4334 tum
1264 4277 1316 4349 qui
1328 4276 1404 4332 talio
1419 4281 1526 4348 agunt,
1537 4274 1588 4332 sed
1603 4279 1631 4332 et
1645 4277 1700 4350 qui
1709 4257 1974 4336 consentientium

307 4363 385 4420 sich
400 4361 616 4434 negligentiam
630 4361 862 4436 praepositorum
886 4359 1089 4429 solummodo,
1105 4363 1135 4418 et
1191 4367 1268 4424 tibus
1283 4367 1370 4438 digai
1379 4372 1450 4422 eunt
1465 4371 1561 4422 morte
1574 4367 1670 4434 (Rom.
1686 4383 1707 4422 ι.
1719 4367 1776 4438 32).

305 4461 368 4511 n'on
382 4452 480 4524 magis
496 4451 536 4508 ob
552 4449 725 4524 cupidinem
738 4465 827 4508 suam
840 4449 964 4524 propria
977 4448 1132 4508 haberent.
1224 4457 1347 4513 xxxvll.
1374 4453 1450 4511 Dicit
1475 4453 1583 4511 isaias:
1610 4455 1724 4527 Acoeti
1743 4452 1824 4526 pocr's
1840 4433 1974 4506 martit

305 4558 368 4600 non
378 4541 454 4600 alios
469 4539 633 4613 cibos,non
643 4539 718 4596 alias
734 4543 840 4608 vestes,
851 4555 946 4613 quam
960 4537 1135 4610 regulariter
1190 4541 1263 4598 bunt
1276 4541 1347 4610 (Iso.
1359 4555 1460 4609 xxxur,
1474 4539 1512 4612 7).
1529 4538 1670 4614 Quisquis
1686 4553 1760 4611 ergo
1774 4537 1811 4594 de
1831 4531 1886 4590 istis
1902 4527 1942 4591 cst·
1957 4515 1976 4570 ⁰²

305 4631 483 4692 constitutas
493 4633 719 4705 presumerent.
736 4627 853 4686 Praelati
874 4627 1005 4702 denique
1021 4627 1134 4702 siquid
1189 4645 1252 4688 non
1266 4629 1304 4687 dc
1317 4628 1384 4698 illis,
1397 4627 1435 4686 do
1449 4627 1561 4702 quibus
1573 4627 1682 4685 dicitur
1696 4645 1703 4686 :
1726 4622 1862 4686 Cotomoo
1874 4611 1973 4676 secute

305 4727 389 4779 extra
402 4719 646 4778 constitutionem
659 4717 712 4774 Dei
723 4717 772 4774 vel
785 4720 905 4774 Patrnm
919 4717 1132 4790 praeceperint:
1188 4737 1250 4778 nors
1263 4719 1374 4776 hahens
1388 4733 1440 4775 cor
1464 4718 1547 4790 (Osee
1560 4733 1611 4790 vn,
1635 4719 1691 4791 tl),
1707 4722 1737 4775 et
1755 4713 1862 4791 quibus
1885 4700 1974 4762 autu:

305 4827 377 4868 mox
386 4807 580 4884 praecipiendi
594 4805 803 4864 auctoritatem
817 4805 967 4876 amittunt,
982 4809 1011 4862 et
1021 4805 1133 4863 tuncin
1190 4811 1290 4879 Quare
1310 4823 1375 4866 mors
1400 4807 1496 4879 magis
1518 4807 1632 4864 luctum
1657 4803 1834 4864 hohuutisi
1857 4792 1974 4870 (1002)·

306 4916 343 4956 ea
355 4915 387 4955 re
401 4897 573 4954 nullatenus
589 4895 794 4954 obediendum
808 4898 854 4951 est
873 4894 925 4950 eis.
940 4894 1083 4968 Exemplo
1094 4893 1133 4952 vi·
1188 4899 1227 4971 2).
1244 4895 1419 4967 Lugendum
1430 4899 1475 4952 est
1485 4894 1513 4952 ei
1526 4894 1681 4968 praesentis
1694 4895 1764 4952 vitas
1778 4898 1897 4963 tempus,
1906 4879 1976 4946 illl¹⁰

306 4987 413 5044 delicet
435 4985 653 5060 apostolorum,
676 4983 789 5058 quibus
810 4981 947 5054 llagister
965 4983 1081 5040 dixerat
1095 4983 1133 5041 de
1190 4990 1259 5043 sunt
1272 4985 1314 5043 ita
1327 4983 1430 5042 omnia
1444 4985 1580 5055 contusa,
1608 4989 1642 5042 ut
1654 4973 1792 5042 ‘veritatis
1814 4973 1920 5054 quidem
1939 4969 1975 5018 ⁰⁰⁶

306 5075 460 5134 Pharismis
474 5079 503 5133 et
518 5073 643 5133 Scribis:
668 5074 775 5130 omnic
796 5087 980 5144 quacunque
999 5073 1133 5131 deberint
1189 5073 1349 5146 vestigium
1372 5089 1504 5148 usquam
1528 5074 1642 5146 videas,
1671 5071 1811 5148 nequitias
1835 5078 1896 5124 varo
1913 5057 1974 5142 till}

305 5165 398 5236 vohis,
415 5169 531 5222 serente
557 5165 585 5220 et
609 5163 703 5232 facite
723 5159 844 5234 (Multis.
864 5175 945 5230 xun,
966 5161 1004 5231 ³).
1028 5163 1134 5218 Postea
1188 5163 1315 5221 luxurias
1329 5166 1437 5220 cuncte
1459 5177 1525 5220 esse
1551 5162 1665 5238 repleta
1689 5158 1863 5237 prospicias,
1880 5161 1924 5208 1¹0⁰
1939 5135 1974 5194 ⁸¹¹¹

304 5269 377 5312 varo
400 5248 644 5328 precipientibus
672 5247 716 5305 eis
744 5263 783 5305 nc
811 5247 1006 5322 loquerentur
1028 5249 1060 5305 in
1081 5263 1134 5306 no·
1188 5253 1264 5328 quid
1283 5253 1363 5326 juste
1390 5255 1529 5326 recteque
1555 5253 1684 5311 servari:
1700 5249 1829 5309 humiles
1856 5245 1881 5300 ct
1900 5223 1975 5294 isslffi'

305 5344 386 5400 mine
412 5345 491 5408 lesu,
521 5337 677 5414 respondit
703 5341 833 5394 Petrus:
864 5339 990 5395 Obedirc
1018 5344 1134 5410 oportet
1188 5343 1256 5414 dos,
1285 5348 1375 5417 atque
1402 5343 1596 5416 pauperiores
1626 5341 1742 5414 videas,
1772 5357 1791 5397 a
1817 5324 1934 5406 superbi5
1951 5409 1974 5452 ue

306 5433 365 5486 Deo
386 5432 481 5502 magis
506 5445 597 5502 quum
621 5427 789 5484 hominihus
812 5427 888 5496 (Act.
917 5443 945 5490 v,
966 5427 1023 5498 29).
1047 5431 1134 5482 Caelo
1189 5429 1360 5502 potentibus
1384 5427 1586 5501 divitibusque
1611 5425 1781 5499 comprimi,
1811 5415 1892 5486 affligi
1913 5409 1953 5498 inq,

304 5535 373 5576 rum
385 5535 480 5593 quam
494 5517 596 5593 plures
610 5517 747 5574 intereos
759 5515 899 5586 existunt,
915 5515 968 5589 qui
978 5515 1133 5573 etiamsub
1189 5519 1297 5591 injuste
1316 5517 1402 5587 laedi;
1423 5516 1582 5574 honestum
1606 5532 1673 5575 vero
1689 5524 1870 5589 quemquam
1882 5505 1906 5559 0²
1916 5501 1974 5568 ΨΘ·

304 5607 394 5668 malis
406 5607 575 5682 praepositis
587 5605 665 5665 benc
683 5605 797 5680 vivtmt,
812 5605 866 5680 qui
888 5604 1030 5679 quamvis
1049 5609 1133 5664 extra
1188 5611 1254 5664 tum
1268 5606 1370 5665 multis
1383 5605 1558 5666 lusionibus
1577 5589 1965 5680 perturbarizeoonlrttullum
