4120 6154
235 97 288 150 rso
598 55 603 58 ’
751 70 1423 136 s.occursuraerreenuuuonus1su.
1888 79 1937 134 aa
2022 65 2026 74 '

233 221 281 272 tus
295 214 465 286 importune
478 204 705 265 seotierentium
718 201 831 259 levium
846 198 1060 271 cogitationum
1081 198 1100 252 A
1118 197 1193 266 teus
1214 209 1360 268 prospera
1392 209 1537 268 spernens
1563 193 1727 268 opprobria
1749 193 1937 274 amplectens⁸

233 304 320 379 qnasi
332 299 483 375 quasdam
505 294 753 354 circumvolantes
767 307 888 348 muscas
901 290 939 346 ab
965 286 1059 346 oeulis
1115 282 1241 354 gloriam
1253 283 1381 354 fugiens,
1398 288 1474 341 Nam
1489 301 1558 340 eum
1570 283 1664 340 iudei
1674 283 1760 340 illum
1774 299 1875 355 regem
1888 286 1940 344 sibi

198 447 202 452 ,
233 391 341 449 mentis
356 387 451 460 abigit
471 401 566 443 manu
582 383 745 456 gravitatis,
771 387 802 438 et
823 379 981 454 quoddam
1004 375 1061 434 sibi
1114 373 1292 430 constituere
1320 373 1494 442 voluisseut,
1525 372 1588 430 lieri
1615 389 1668 429 ren
1691 373 1787 444 iugit3
1816 390 1938 448 cumque

232 497 302 538 cunr
317 478 444 536 Domino
459 480 606 533 secretum
621 473 699 530 intra
726 487 759 528 sc
779 470 896 544 quaerit,
911 467 964 524 ubi
989 482 1059 524 cum
1114 476 1184 518 eum
1199 460 1364 518 interlicere
1380 461 1565 530 molirentur,
1589 466 1694 534 sponte
1709 461 1749 518 ad
1761 461 1857 518 crucis
1871 464 1938 535 pati-

230 568 291 636 illo,
307 567 451 626 exteriore
461 567 598 622 cessante
621 561 757 635 strepitu,
773 575 827 633 per
847 558 963 615 interna
982 553 1060 612 desi·
1111 549 1218 610 bulum
1233 550 1323 608 venit.
1349 551 1424 618 Quia
1438 566 1510 622 ergo
1535 567 1616 610 nova
1635 552 1858 608 conversatione
1872 567 1939 608 usus

230 657 315 715 deria
330 656 449 714 silenter
474 653 645 727 loquantur.
677 654 717 710 lle
736 649 793 705 hoc
819 650 932 704 secreto
959 642 1058 701 cordis
1111 637 1187 698 inter
1200 639 1349 706 homines,
1376 640 1449 713 quia
1472 655 1571 696 mores
1586 643 1705 698 secutus
1719 655 1782 698 non
1800 645 1855 712 est,
1868 639 1939 698 bene

231 747 306 806 alias
319 747 434 803 dietum
448 747 513 800 est:
537 763 552 793 «
567 744 692 798 nactum
706 742 751 796 est
773 737 924 796 silentium
937 734 969 791 iu
982 731 1058 790 coelo
1112 729 1150 786 de
1164 745 1200 790 eo
1211 730 1357 803 scripturn
1372 735 1433 790 est:
1463 731 1631 788 contenuit
1656 725 1856 786 multudinem
1872 731 1940 788 civi-

229 836 318 911 quasi
332 835 435 894 media
446 834 522 890 hora
534 832 638 905 (Apoc.
653 846 711 900 vur,
728 833 764 897 t).
782 849 796 880 a
811 831 994 884 Annnoonrcn.
1005 825 1059 879 Per
1112 821 1192 878 tntis.
1206 819 1256 876 Vel
1271 823 1348 876 certe
1375 819 1459 892 quod
1472 818 1583 874 multos
1610 834 1664 892 per
1683 817 1848 890 spatiosam
1861 819 1941 876 viam
2042 851 2043 878 t

230 925 420 983 solitudinem
434 922 581 994 gentilitas
596 919 779 990 designatur,
796 914 988 990 inquadum
1002 927 1057 986 pc·
1111 912 1257 979 vagantes
1279 908 1419 977 deseruit,
1449 913 1478 964 et
1504 924 1557 982 per
1586 911 1746 978 augustam
1775 907 1940 978 gradientes

226 1015 356 1072 triarcha
368 1029 430 1070 nou
444 1011 500 1068 tuit
514 1010 554 1068 ad
575 1007 803 1079 intelligendum
815 1008 920 1068 Deum,
941 1003 995 1076 qui
1006 1017 1055 1058 ra·
1110 1012 1224 1070 paucos
1239 995 1334 1067 elegit.
1350 995 1566 1058 Multitudinem
1580 1012 1713 1070 namque
1728 996 1853 1054 civitatis
1869 1013 1939 1057 eon·

228 1104 309 1162 tione
323 1107 453 1160 uteretur
466 1115 529 1158 non
544 1099 609 1169 tuit,
625 1099 717 1154 homo
738 1111 815 1170 pene
829 1110 892 1152 non
903 1092 967 1149 luit.
984 1091 1058 1148 Hinc
1111 1088 1244 1144 temnere
1259 1089 1314 1154 est,
1341 1085 1469 1144 humani
1484 1085 1600 1156 generis
1622 1089 1750 1159 partem,
1767 1101 1835 1160 que
1850 1085 1941 1144 latam

141 1171 154 1198 ⁶
226 1192 319 1250 lsaies
334 1191 392 1248 ait:
418 1211 432 1242 a
448 1187 607 1246 Laetabitur
630 1187 748 1243 deserta
762 1189 790 1242 et
812 1183 903 1252 invia,
920 1185 949 1240 et
962 1179 1059 1238 exsul·
1111 1174 1193 1234 viam
1205 1174 1380 1246 ingreditur,
1407 1192 1475 1248 quae
1491 1179 1519 1232 et
1532 1191 1588 1248 pro
1603 1173 1791 1234 abundantia
1805 1173 1942 1247 iniquita·

226 1281 300 1338 tabit
315 1277 454 1348 solitud0,
481 1283 510 1335 et
531 1277 648 1334 florebit
661 1275 749 1349 quasi
765 1273 861 1332 lilium
886 1273 959 1344 (Ira.
974 1286 1058 1339 xxxv,
1112 1263 1148 1320 tis
1163 1265 1260 1324 multa
1274 1269 1327 1333 cst,
1344 1280 1362 1322 a
1389 1265 1474 1336 regni
1488 1264 1534 1322 sui
1560 1267 1637 1320 sorte
1652 1263 1825 1338 reprobare.
1841 1265 1942 1338 Sequi-

229 1369 264 1443 l).
280 1389 295 1422 s
312 1371 346 1425 at
353 1383 475 1425 rursum
489 1365 528 1424 de
553 1365 683 1422 Ecclesia
710 1364 834 1420 dicitur:
851 1383 866 1412 u
893 1363 985 1416 Ponet
1009 1359 1060 1415 de·
1112 1356 1179 1410 tur:
1197 1353 1366 1414 Clamorem
1393 1355 1542 1412 creatoris
1557 1369 1617 1414 non
1642 1354 1738 1410 audit.
1752 1384 1789 1394 -
1811 1352 1886 1419 Quis
1901 1353 1942 1412 in-

226 1463 338 1515 sertum
354 1458 419 1530 ejus
446 1455 534 1530 quasi
560 1453 692 1524 delicias,
717 1457 746 1509 et
775 1449 965 1508 solitudinem
992 1448 1057 1520 eJ'us
1110 1441 1336 1513 telligiexaetor
1350 1443 1425 1502 alius
1449 1447 1547 1517 potest
1566 1443 1623 1499 nisi
1646 1442 1809 1502 diabolus?
1834 1443 1891 1518 qui
1904 1459 1943 1499 se-

224 1547 312 1620 quaci
334 1547 455 1602 hortum
485 1542 604 1600 Domini
628 1543 700 1614 (lea.
715 1556 749 1605 u,
763 1541 799 1612 A).
813 1561 828 1590 ιι
850 1539 882 1595 ln
897 1537 1092 1606 solitudineg
1110 1530 1170 1588 mel
1181 1530 1212 1588 in
1226 1531 1368 1604 paradiso
1387 1531 1506 1590 homini
1529 1531 1617 1591 malae
1632 1530 1837 1604 persuasionis
1857 1546 1942 1590 num·

225 1651 297 1706 argo
312 1634 458 1691 Dominus
472 1633 612 1690 >domum
639 1630 764 1703 accepit,
779 1628 832 1702 qui
845 1631 1055 1702 postmortem
1108 1636 1195 1678 mum
1208 1620 1372 1689 contuitu
1381 1621 1514 1694 quotidie
1525 1620 1565 1678 ab
1575 1637 1611 1678 eo
1619 1621 1669 1694 huj
1676 1637 1710 1678 us
1720 1619 1813 1679 debiti
1823 1619 1941 1690 exigere

225 1739 260 1780 ac
273 1721 521 1779 resurrectionem
534 1735 621 1776 suem
632 1718 672 1775 ad
685 1717 813 1788 gratiam
827 1715 898 1772 fidei
912 1714 1055 1786 gentilita-
1107 1713 1224 1768 reatum
1249 1710 1365 1783 quaerit.
1395 1711 1491 1782 Hujus
1505 1709 1651 1768 exactoris
1667 1725 1767 1770 sermo
1793 1715 1838 1766 est
1853 1709 1940 1768 male

224 1815 285 1868 tem
298 1824 405 1867 vocare
417 1809 628 1881 dignatusest.
647 1807 786 1881 Sequitur
801 1825 807 1863 :
823 1807 864 1862 Et
878 1805 1055 1862 tabernacu-
1108 1797 1308 1870 suggestionis
1319 1798 1481 1858 inchoatio.
1491 1799 1652 1858 Sciendum
1661 1802 1806 1874 preterea
1816 1804 1863 1856 est
1873 1799 1941 1872 quia

226 1903 289 1958 lum
303 1901 367 1971 ejus
381 1900 413 1956 in
428 1905 510 1956 terro
525 1898 740 1969 salsuginis-
752 1894 877 1967 salsugo
889 1893 1054 1952 accendere
1107 1887 1311 1962 quinquenos
1324 1888 1423 1948 modis
1438 1889 1515 1960 grue
1525 1889 1631 1946 vitium
1646 1891 1748 1946 tentat.
1768 1887 1939 1962 Aliquando

225 1989 306 2046 sitim
322 1988 406 2060 solet,
422 1993 451 2046 et
463 1987 536 2061 quia
564 1986 659 2044 saneti
672 1986 728 2042 viri
752 1984 888 2059 quandiu
906 1983 937 2040 in
961 1983 1053 2054 huJ'us
1105 1993 1241 2051 namque
1252 1978 1424 2049 indigentis
1435 1977 1733 2052 temporapraeveuit,
1744 1979 1939 2038 uttonathau

221 2080 289 2137 vite
304 2077 506 2137 tabernaculis
533 2075 657 2150 degunt,
673 2075 713 2133 ad
741 2089 903 2148 supernam
922 2072 1052 2146 petriam
1104 2065 1137 2124 in
1151 2071 1241 2139 gustu
1255 2067 1351 2126 mellis
1366 2067 1475 2127 edendi
1502 2073 1621 2144 tenipus
1647 2066 1806 2124 antecessit
1827 2066 1860 2140 (I
1874 2071 1939 2142 Bag,

221 2169 361 2226 desiderii
376 2167 422 2224 sui
445 2165 629 2240 quotidianis
653 2164 772 2222 estibus
799 2163 992 2231 acceduntur,
1019 2161 1051 2217 in
1107 2172 1165 2225 xiv,
1178 2156 1234 2229 ιιι,
1244 2156 1414 2230 Aliquando
1428 2173 1498 2214 vero
1511 2160 1632 2230 tempus
1645 2171 1707 2214 non
1720 2157 1880 2230 prevenit,
1891 2157 1939 2214 scd

220 2261 304 2332 terga
322 2255 482 2328 salsuginis
496 2253 692 2312 tabernacula
719 2253 830 2310 habere
845 2251 1049 2325 perhibentur,
1105 2245 1189 2302 cibos
1215 2245 1356 2304 mutieres
1378 2245 1495 2321 querit,
1521 2246 1597 2304 sicut
1622 2246 1752 2320 populna
1778 2245 1811 2306 iu
1836 2261 1940 2310 eremo

220 2347 296 2405 siout
310 2347 456 2419 seriptum
471 2349 534 2402 est:
557 2367 571 2394 «
586 2343 665 2400 Beati
689 2343 743 2416 qui
757 2341 892 2400 esuriunt
907 2344 935 2397 at
949 2339 1052 2396 sitiunt
1104 2334 1189 2392 cibos
1232 2336 1369 2395 carnium
1408 2335 1501 2409 petiit,
1534 2351 1611 2408 quos
1651 2335 1793 2395 lautiores
1825 2336 1941 2410 putavit

217 2435 375 2508 justitiam,
389 2451 406 2487 s
422 2437 477 2490 etc.
491 2432 612 2505 (Mattlt.
638 2447 668 2501 v,
684 2432 722 2502 e).
744 2433 933 2486 masconius.
957 2427 1051 2484 Terra
1105 2424 1206 2492 (Nam.
1222 2439 1261 2493 rt,
1276 2423 1321 2494 al,
1344 2427 1397 2489 ³2).
1423 2423 1597 2496 Aliquando
1621 2423 1762 2496 quoslibet
1790 2423 1941 2481 sumenda

221 2523 382 2594 salsuginis
401 2521 549 2594 gentilitus
576 2519 758 2591 intelligitur,
778 2535 846 2592 quae
870 2518 1050 2591 priusquam
1104 2511 1163 2568 sint
1175 2526 1344 2584 preparare
1358 2512 1528 2572 acematius
1540 2512 1660 2586 expetit,
1673 2517 1704 2572 ut
1719 2527 1794 2585 puer
1808 2510 1940 2572 filiorum

220 2627 325 2668 veram
348 2610 399 2667 ltei
424 2607 602 2684 sapientiam
629 2612 831 2678 cognosceret,
865 2605 1050 2677 salsuginem
1104 2599 1176 2670 itali,
1191 2615 1253 2658 non
1267 2603 1475 2662 crasmaro
1499 2600 1939 2672 solitodesaorificiocarnes,

220 2699 395 2776 protulerat,
431 2698 505 2772 qnia
537 2696 654 2754 nullam
688 2695 868 2755 viriditatem
902 2695 976 2754 boni
1003 2694 1050 2751 in·
1104 2689 1157 2746 sed
1171 2688 1281 2748 crudas
1308 2691 1474 2764 quaerebat,
1502 2707 1578 2765 quaa
1600 2690 1769 2752 accuratius
1781 2689 1939 2750 exhiberet

220 2785 353 2843 tellectus
382 2783 538 2858 proferens
569 2797 710 2856 perversa
738 2781 883 2856 sapiebat.
915 2783 956 2837 lle
987 2795 1050 2854 qua
1104 2779 1132 2851 (I
1139 2781 1210 2851 Reg.
1227 2795 1256 2848 ιι,
1275 2780 1328 2852 td).
1342 2779 1512 2858 Aliquando
1527 2783 1629 2842 autem
1643 2779 1675 2838 in
1688 2779 1755 2854 ipsa
1769 2781 1941 2854 quantitate

220 2875 364 2949 seriptum
393 2877 461 2930 ost:
491 2894 506 2924 «ι
541 2875 631 2930 Terra
658 2871 809 2930 fructifera
842 2869 1047 2942 asalsugine,
1062 2903 1085 2960 ο
1103 2867 1244 2924 sumendi
1257 2883 1433 2928 mensnram
1446 2867 1615 2928 relectionis
1642 2868 1768 2936 excedit,
1793 2868 1940 2942 quaelibet

219 2967 276 3020 ete.
303 2985 317 3014 s
351 2963 443 3035 (Pcct.
473 2975 530 3032 cvr,
564 2963 620 3030 et).
647 2959 887 3020 tabernaculum
907 2973 980 3030 ergo
1017 2957 1050 3018 in
1103 2957 1343 3027 contenderint,
1372 2957 1511 3018 utillud:
1533 2979 1548 3010 e
1564 2957 1862 3032 Sodomaeiniquitas
1889 2958 1942 3017 fuit

218 3057 297 3111 terra
321 3049 481 3124 salsuginis
503 3050 683 3123 Redemptor
707 3053 809 3106 noster
831 3047 955 3121 accepit,
976 3047 1050 3120 quia
1104 3047 1244 3104 saturitas
1259 3047 1347 3120 panis
1369 3051 1398 3106 et
1424 3046 1716 3120 abundantiusque
1742 3047 1862 3120 (Erech.
1882 3065 1937 3114 rvr,

217 3142 392 3200 incarnatus
413 3155 469 3213 pro
491 3138 668 3197 hominibus
695 3137 870 3194 derelictae
892 3138 953 3194 Deo
974 3152 1049 3208 gen·
1102 3138 1160 3206 49).
1178 3136 1377 3210 »Aliquando
1403 3136 1561 3210 despectus
1576 3141 1622 3196 est
1637 3137 1733 3206 cibus,
1749 3136 1803 3200 sed
1818 3137 1939 3198 avidius

219 3231 330 3288 tilitatis
354 3229 447 3287 corda
479 3229 622 3301 possedit.
651 3230 691 3282 na
726 3243 787 3299 quo
810 3227 957 3299 scriptum
980 3229 1047 3283 eet:
1102 3225 1240 3295 sumitur,
1257 3229 1289 3284 nt
1302 3229 1380 3285 Esau
1404 3225 1674 3299 primogenitorum
1698 3225 1826 3297 gloriam
1853 3227 1939 3284 lenti-

218 3336 234 3371 ‹
250 3318 349 3376 Posuit
365 3318 518 3374 desertum
545 3315 577 3372 in
592 3319 700 3386 stagna
724 3329 884 3388 aquarum,
897 3319 1049 3372 atterram
1102 3313 1172 3371 arula
1185 3315 1320 3372 vendens
1335 3314 1419 3386 (Gerr.
1446 3331 1513 3383 axv,
1529 3315 1585 3388 ιι).
1612 3317 1716 3376 Sermo
1744 3330 1817 3384 ergo
1844 3314 1938 3388 hujus

219 3409 283 3466 sine
308 3423 390 3480 aqua
414 3405 446 3462 in
471 3405 566 3462 exitus
590 3419 740 3478 aquarum
763 3403 863 3478 (Icta,
887 3405 944 3476 ιι).
962 3421 978 3458 a
999 3405 1049 3462 Se·
1101 3403 1249 3460 exactoris
1272 3408 1319 3462 est
1343 3403 1516 3464 necessaria
1538 3403 1700 3478 postulatio
1723 3408 1849 3476 naturae,
1876 3405 1937 3462 cla-

218 3497 343 3570 quitur:
1102 3509 1253 3550 morcaro
1266 3495 1333 3566 ejus
1357 3510 1535 3555 mensuram
1563 3495 1747 3555 necessitatis
1773 3494 1936 3562 transiens,

253 3587 341 3642 Vnus.
353 3589 381 3640 7,
412 3583 583 3640 contenuit
609 3581 834 3638 multitudines
857 3581 997 3638 etaetatis.
1010 3613 1047 3628 .-
1102 3581 1253 3654 appetitus
1268 3581 1356 3653 gnte.
1371 3583 1424 3642 Hic
1436 3583 1538 3656 itaque
1559 3598 1673 3653 onager
1685 3582 1832 3644 eneceris
1845 3583 1938 3658 hujus

217 3671 432 3732 Multitudinem
448 3670 574 3728 civitatis
584 3673 776 3727 contemnere
785 3672 815 3726 ot
824 3669 966 3726 humane
977 3685 1047 3728 eon·
1102 3686 1273 3730 sermonem
1285 3671 1624 3742 audit,clamoremnon
1636 3672 1813 3746 auditquie
1827 3671 1938 3734 disere

131 3795 135 3802 ·
215 3761 392 3820 versationis
405 3775 501 3836 prava
514 3759 613 3817 studia
640 3758 783 3829 devitare,
803 3761 837 3816 ut
856 3759 921 3832 lam
935 3759 1046 3817 nonli-
1100 3763 1149 3818 tus
1171 3776 1210 3818 aa
1237 3761 1394 3821 confluens
1419 3763 1517 3833 viaet
1538 3777 1633 3836 usqne
1646 3761 1686 3820 ad
1700 3763 1933 3836 temperandam

216 3852 286 3911 beat
313 3843 499 3910 terrenorum
524 3849 684 3908 homiuum
697 3849 750 3924 qui
776 3865 838 3923 pree
856 3848 1045 3907 abundantia
1100 3850 1308 3908 necessitatem
1322 3855 1458 3912 ventrem
1468 3851 1604 3918 reficit.et
1616 3867 1636 3914 a
1648 3850 1800 3925 voluptate
1813 3854 1937 3912 restrin-

214 3942 377 4018 iniquitatis
391 3941 478 3998 multi
491 3945 572 4011 sunt,
579 3939 713 4014 perditos
721 3955 821 3996 mores
833 3939 953 3996 imitari.
967 3942 1045 4002 aum
1099 3939 1152 4012 git.
1163 3938 1236 3998 ilinc
1247 3939 1360 4014 quippe
1370 3939 1515 4014 scriptum
1537 3945 1602 4000 est:
1626 3963 1640 3991 ιι
1657 3940 1761 4002 Carnis
1775 3955 1885 4002 euram
1897 3956 1935 3998 ne

213 4033 319 4106 paucis
332 4047 466 4106 namque
478 4030 595 4102 ingredi
609 4033 773 4101 angustam
794 4033 913 4102 portam
928 4028 1046 4087 deside-
1100 4028 1227 4086 feceritis
1251 4030 1283 4088 in
1296 4029 1451 4088 desideriis
1477 4032 1571 4105 (Rom.
1587 4047 1668 4102 xxm,
1695 4034 1752 4098 at).
1769 4053 1784 4080 ιι
1800 4033 1935 4090 ltrsrrns.

213 4129 291 4195 rent,
307 4127 407 4180 etnon
422 4139 492 4178 cum
506 4120 607 4178 multis
619 4120 687 4178 laeta
701 4120 807 4178 itinera
820 4119 938 4190 ingredi
952 4135 1044 4196 appo·
1101 4119 1197 4191 Hujus
1212 4120 1357 4177 exactoris
1371 4119 1518 4180 violemus
1533 4125 1636 4181 motus
1648 4119 1794 4180 Dominus
1807 4135 1873 4184 non
1888 4137 1937 4176 ex-

215 4217 289 4280 tant,
305 4229 372 4285 quac
399 4211 440 4268 ad
467 4210 619 4267 interitum
644 4211 760 4266 ducunt
783 4210 906 4282 (Mattt.
918 4227 968 4280 vu,
988 4211 1043 4280 tt).
1100 4208 1182 4282 pavit
1195 4207 1368 4281 adveniens,
1385 4209 1541 4284 sicutipse
1556 4209 1612 4273 ait:
1628 4231 1644 4262 a
1660 4209 1744 4272 Venit
1755 4209 1837 4270 eninr
1851 4210 1936 4286 prin·

213 4299 526 4374 Undeetsponstvoca
540 4313 660 4372 sponsae
672 4299 703 4355 in
714 4299 842 4356 (leuticia
856 4298 1043 4356 canticorum
1098 4314 1171 4372 ceps
1185 4289 1276 4370 husus
1287 4299 1403 4368 mundi,
1430 4304 1460 4358 et
1478 4300 1510 4362 in
1538 4317 1587 4361 me
1601 4315 1664 4362 non
1686 4299 1819 4361 inveniet
1846 4299 1937 4376 quid-

213 4389 337 4446 dicitur:
352 4409 366 4440 ι
382 4387 442 4444 Nisi
457 4386 633 4458 cognoveris
647 4392 686 4460 te,
701 4401 720 4444 o
734 4387 861 4460 pulchra
874 4388 951 4445 iuter
973 4405 1043 4447 mu·
1097 4403 1193 4460 quam
1206 4388 1306 4456 (loca.
1321 4404 1380 4458 xiv,
1395 4388 1451 4462 30).
1468 4411 1483 4440 s
1496 4389 1579 4448 Venit
1593 4389 1707 4464 quippe
1720 4388 1760 4446 ad
1775 4404 1847 4448 eum
1863 4404 1934 4448 exa·

210 4477 309 4548 lieres,
320 4475 462 4548 egredere
489 4479 518 4533 et
539 4475 589 4532 abi
606 4479 676 4550 post
699 4473 827 4547 vestigia
850 4491 987 4548 gregum,
1012 4482 1044 4536 et
1096 4480 1162 4534 otor
1173 4475 1301 4534 numam
1315 4477 1441 4550 generis,
1472 4479 1544 4552 quta
1555 4477 1641 4540 illum
1667 4477 1823 4540 hominem
1846 4477 1934 4547 vidit,

209 4583 301 4642 pasce
315 4567 499 4626 haedostnos
527 4565 627 4639 (Cant.
644 4581 664 4637 1,
678 4568 746 4637 'lta
777 4567 951 4622 amiciris.
965 4569 1042 4628 Con-
1095 4565 1258 4640 aadqnem
1272 4566 1304 4624 in
1327 4583 1361 4624 se
1375 4566 1548 4626 infirmitate
1575 4568 1753 4642 despectum
1775 4567 1935 4626 hominem

209 4658 315 4716 temnit
328 4656 550 4716 multitudinem
571 4654 707 4723 civitatis,
722 4654 754 4712 id
769 4659 815 4712 est
826 4669 926 4714 mores
937 4655 1043 4730 despo-
1093 4655 1232 4725 credidit,
1247 4655 1353 4714 virtute
1367 4671 1462 4731 supra
1483 4657 1640 4718 hominem
1654 4657 1756 4718 sensit.
1775 4657 1876 4729 lituus
1889 4656 1937 4714 ni·

208 4747 252 4802 xit
265 4747 407 4805 humane
431 4746 677 4804 conversationis.
709 4746 806 4804 llonso
829 4745 944 4820 qtdppe
963 4745 1041 4804 inter
1097 4745 1209 4802 mirum
1236 4747 1384 4804 emaus
1411 4754 1519 4821 typum
1547 4747 1651 4808 Ιιιιιιιιι
1675 4745 1779 4816 matut,
1805 4745 1935 4820 qtmndo

208 4834 347 4892 homines
357 4835 464 4904 iactus,
481 4851 571 4892 usum
585 4839 685 4893 muare
699 4835 860 4892 hominum
874 4834 980 4894 noluit·
995 4835 1042 4894 ld·
1096 4849 1167 4890 cum
1181 4833 1281 4891 imore
1296 4835 1420 4893 veniens
1434 4851 1491 4894 sua
1502 4837 1585 4910 apud
1605 4835 1698 4896 Jacob
1712 4835 1794 4898 idola
1807 4836 1935 4910 requisi·

208 4923 432 4998 coronamque
445 4923 522 4979 inter
548 4939 605 4981 nos
632 4923 725 4980 homo
738 4923 835 4982 lactus
859 4927 917 4993 est,
930 4929 1039 4983 utnon
1092 4923 1137 4982 vit
1150 4923 1233 4997 (Gen.
1252 4939 1335 4998 uni,
1350 4927 1406 5000 at).
1423 4930 1464 4988 tte
1485 4927 1542 4986 liae
1569 4931 1710 4988 exacmra
1738 4925 1937 5002 Redemptori

103 5021 108 5030 ‘
207 5013 305 5070 solum
318 5027 376 5070 nos
398 5011 545 5083 sanguine
569 5011 639 5069 tuso
652 5011 820 5078 redimerat,
849 5013 903 5070 sed
917 5018 1038 5074 osteum
1095 5018 1198 5072 metro
1213 5014 1410 5086 gentilitatem
1432 5017 1472 5074 ab
1484 5017 1551 5090 ejus
1563 5017 1699 5078 mnino
1721 5016 1862 5081 maeno
1875 5033 1935 5090 per

205 5101 344 5177 exemplo
357 5103 566 5158 commutaret.
583 5101 617 5156 ln
630 5102 856 5159 couversatione
871 5101 961 5173 igitur
982 5119 1039 5160 no.
1091 5103 1274 5178 prophetam
1287 5103 1416 5163 ιιιοιιιιιι
1431 5128 1445 5159 «
1459 5107 1573 5178 iugum
1587 5106 1668 5166 enirn
1681 5106 1782 5168 oneris
1805 5106 1882 5178 eius,
1898 5109 1934 5164 et

205 5197 275 5262 stra,
287 5196 316 5251 et
327 5190 476 5250 veniendo
495 5191 556 5249 alia
568 5191 693 5263 inuenit,
721 5195 750 5249 et
763 5192 893 5249 vivendo
908 5192 968 5250 alia
981 5194 1036 5251 do·
1092 5197 1246 5267 sceptrum
1260 5195 1407 5252 exactoris
1429 5195 1496 5268 ojus
1512 5196 1672 5270 superasti,
1688 5217 1702 5248 ιι
1717 5199 1773 5256 ete.
1789 5195 1861 5269 (aa.
1884 5211 1930 5262 11.
2042 5211 2043 5234 ι

203 5283 272 5340 cuit.
289 5281 455 5358 Stupebant
468 5281 668 5340 enimomnes
682 5281 814 5355 superba
827 5281 924 5340 Adam
942 5284 1037 5357 stirpe
1093 5281 1131 5355 A).
1147 5281 1288 5355 sequntur
1303 5299 1310 5338 r

198 5373 350 5448 progeniti
373 5388 521 5448 prospera
547 5373 614 5430 vita
629 5371 785 5446 praesentis
814 5375 965 5445 appetere,
981 5369 1036 5428 ad»
1128 5371 1932 5444 Versa.-circumspicitmontesecuro—ttoan

199 5475 288 5517 versa
299 5459 442 5532 devitare,
469 5461 635 5536 opprobria
656 5461 770 5533 ingere,
796 5459 924 5530 gloriam
938 5458 1035 5531 sequi.
1090 5475 1223 5533 passuro,
1240 5459 1306 5517 altos
1321 5461 1589 5536 contemplationes
1602 5462 1726 5523 niune
1745 5459 1929 5526 renueris.

198 5550 284 5610 Venit
294 5549 372 5608 inter
386 5565 438 5609 eos
451 5551 627 5612 incarnatus
642 5551 787 5611 [lominus
801 5549 931 5610 advena
942 5565 1035 5624 appo·
1093 5549 1193 5608 Sancti
1207 5549 1288 5608 enim
1299 5549 1364 5622 viri,
1381 5555 1496 5624 quanto
1518 5551 1617 5626 magis
1633 5568 1665 5610 ee
1683 5550 1814 5616 exterius
1828 5549 1933 5624 despi-
2042 5547 2043 5550 ’
