4160 6162
142 109 190 168 1³7
339 147 342 152 .
560 111 707 167 epirotia
726 109 909 168 noetercii
929 109 957 164 S.
978 108 1079 164 abac.
1101 107 1135 164 IN
1155 109 1229 165 toa.
1251 141 1285 152 -
1297 103 1381 180 tra(
1396 111 1444 166 lV.
1805 117 1854 169 138

139 251 209 291 cum
222 234 425 308 nosmetipsos
439 233 745 307 districtepunicnles,
761 233 828 307 ipsa
842 230 968 288 delecta·
982 237 1006 290 Α
1023 229 1063 288 illi
1078 247 1160 288 mors
1174 231 1278 304 (Aper.
1291 249 1331 301 rr,
1346 234 1383 305 8).
1402 256 1416 284 s
1428 233 1502 290 ilinc
1513 232 1615 308 utique
1629 233 1831 309 scriptumest
1846 251 1852 289 :

141 321 229 378 tionis
238 338 339 394 pravae
352 321 558 380 blandimenta
568 338 620 396 pcr
635 321 768 380 districta
786 319 968 394 peanitentiae
1024 341 1038 368 e
1049 320 1227 378 sedentibus
1239 321 1271 377 in
1286 319 1416 378 tenebris
1432 326 1461 379 ct
1475 323 1585 382 umbra
1599 324 1714 388 mortis,
1726 323 1854 382 luxoria

137 410 275 470 lamenta
288 411 468 477 cruciamus,
483 428 552 468 curn
569 411 670 468 tiendo
681 409 869 485 insequimur
881 407 969 482 quid·
1023 413 1067 466 est
1079 409 1121 466 eis
1136 410 1254 482 (Malta.
1273 427 1313 478 rr,
1331 410 1383 482 la).
1402 433 1416 460 n
1439 410 1609 485 Aliquando
1633 429 1715 470 mors
1743 413 1852 484 carnis,

137 500 214 574 quid
229 500 262 558 in
277 501 366 560 corde
380 501 457 558 taciti
478 517 515 558 ex
546 500 741 558 delectatione
767 498 968 572 peccavimus.
1023 497 1163 556 utillud:
1179 521 1192 549 u
1210 498 1379 556 Humiliasti
1393 515 1449 556 nos
1459 500 1490 556 in
1501 499 1569 558 loco
1589 501 1767 574 afflictionis,
1781 517 1853 578 ope·

140 589 283 662 Sequitur
298 607 305 644 :
318 590 386 646 Noa
401 591 535 660 requirat
553 605 619 646 cam
635 591 713 646 Deus
726 589 854 658 desuper
868 593 894 644 ct
910 601 970 642 noa
1023 586 1082 644 ruit
1091 603 1147 644 nos
1157 587 1267 644 umbra
1282 587 1386 644 mortis
1401 588 1487 656 (Psal
1498 605 1578 657 xuni,
1591 590 1647 662 20).
1664 612 1678 642 s
1689 591 1853 650 Verconim

140 677 276 736 illustret
287 679 407 734 lamine.
423 709 457 718 —
474 681 553 735 Duae
565 677 757 749 omnipotens
781 679 860 733 licus
875 675 915 732 ad
937 687 970 730 sc
1024 693 1106 734 mors
1121 681 1165 734 cst
1178 694 1248 734 eum
1262 678 1364 736 anima
1376 684 1565 751 separatura
1588 682 1658 736 lieo.
1680 682 1756 748 Otria
1781 698 1854 754 ergo

140 765 367 837 intelligendum
383 771 533 823 creaturas
548 766 668 838 lecerat,
694 764 862 837 angelicam
890 762 970 820 vide·
1024 765 1204 839 Redemptor
1218 765 1313 822 solam
1328 767 1479 840 pronubis
1495 771 1622 824 mortem
1649 769 1747 826 carnis
1770 787 1853 828 acce-

140 854 209 911 licet
224 859 252 911 et
265 853 443 910 humanam.
460 856 622 928 Utramque
646 869 716 910 vero
738 851 882 926 superbia
907 866 970 924 per·
1024 853 1076 926 pit,
1092 853 1234 912 umbram
1248 855 1351 912 mortis
1363 856 1492 929 pertulit,
1513 861 1542 914 et
1564 861 1633 914 ante
1661 857 1765 914 oculos
1795 857 1855 916 cul·

140 942 222 998 cutit.
239 941 296 1000 Sed
311 958 379 998 ram
391 941 538 999 redimere
552 942 657 998 ‹lebuit
669 941 817 1008 misertus,
833 955 925 1014 quam
940 937 970 995 in
1001 940 1007 948 '
1024 957 1096 1015 pam
1111 957 1204 1015 quam
1220 942 1345 1000 lecimus
1360 943 1528 1001 abscondit.
1545 949 1587 1001 Ac
1602 943 1626 1000 si
1640 960 1711 1016 ergo
1724 943 1850 1002 diceret:

139 1030 360 1106 perpetratione
375 1031 472 1104 culpae
483 1047 519 1087 ex
534 1030 705 1088 infirmitate
720 1029 834 1104 aliquid
856 1031 971 1086 constat
1024 1030 1073 1087 llle
1089 1030 1190 1088 reniet
1204 1031 1257 1105 qui
1270 1036 1303 1088 ut
1318 1049 1336 1088 a
1350 1037 1446 1090 morte
1460 1033 1559 1090 carnis
1575 1037 1602 1090 et
1629 1033 1750 1108 spiritus
1772 1032 1854 1090 debi-

139 1119 292 1176 habuisse.
304 1119 378 1177 llinc
393 1120 473 1176 enim
495 1119 642 1193 Propheta
666 1118 707 1175 alt
722 1136 728 1176 :
744 1141 757 1168 «ι
787 1116 969 1174 llccordatus
1024 1122 1102 1175 tores
1114 1119 1230 1193 eripiat,
1243 1125 1371 1178 mortem
1383 1121 1482 1178 carnis
1494 1138 1556 1180 nou
1566 1121 1680 1178 debens
1689 1121 1793 1179 solvat.
1806 1123 1854 1180 Se·

141 1212 185 1264 est
196 1206 268 1282 quia
283 1223 354 1264 caro
369 1211 439 1264 sunt
455 1208 548 1280 (Psoi.
565 1197 673 1276 nxxv'rr,
684 1209 738 1280 39).
757 1229 770 1256 »ι
788 1209 865 1263 Etec
881 1203 969 1262 altius
1023 1207 1125 1280 quitur
1141 1226 1147 1264 ε
1164 1210 1294 1280 Occupet
1308 1225 1373 1268 eum
1389 1211 1497 1281 calipo,
1513 1217 1540 1268 et
1555 1212 1730 1268 involvatur
1743 1211 1854 1268 amem-

140 1295 284 1368 angelum
299 1299 468 1372 apostatam
486 1293 627 1371 repellere
644 1296 835 1368 debuitque
859 1294 901 1350 nil
926 1293 969 1350 in·
1024 1299 1137 1356 tudine.
1154 1332 1188 1340 —
1200 1299 1275 1368 eria
1290 1300 1370 1358 enim
1384 1300 1635 1374 antiquus-hostis
1646 1317 1665 1358 a
1678 1300 1744 1358 luce
1754 1299 1852 1358 intimi

140 1385 263 1442 lirnium
277 1401 314 1442 ex
327 1401 417 1442 carne
432 1386 566 1457 gestarit.
584 1388 633 1441 Est
647 1385 746 1442 adhuc
762 1384 920 1457 aliudque
942 1387 971 1439 et
1023 1386 1136 1444 ordinis
1149 1387 1264 1456 cecidit,
1280 1405 1361 1444 nuno
1377 1389 1570 1462 semetipsum
1600 1388 1780 1446 intrinsecus
1808 1405 1852 1445 er-

141 1474 275 1550 perditus
288 1475 381 1532 homo
395 1476 528 1550 reparari
540 1475 653 1544 debuit,
670 1479 699 1530 et
711 1474 888 1548 superbiens
912 1472 970 1547 spi·
1022 1474 1097 1532 roris
1110 1475 1236 1546 caligine
1250 1475 1416 1532 contundit.
1434 1477 1490 1534 Sed
1507 1479 1641 1550 posthoc
1654 1477 1853 1536 amaritudine

82 1553 86 1560 ’
140 1564 215 1622 ritus
228 1565 359 1639 reparari
373 1579 435 1622 non
458 1565 561 1639 possit,
578 1563 652 1632 Quia
675 1564 819 1620 nimirum
844 1562 1006 1638 angelusp
1023 1563 1193 1633 involvitur,
1203 1564 1276 1638 quia
1286 1581 1322 1622 cx
1331 1564 1617 1638 meritospoutaneae
1627 1566 1763 1638 caliginis
1773 1571 1854 1624 reter-

141 1669 197 1711 sua
212 1653 325 1712 malitia
337 1652 452 1722 cecidit,
468 1651 623 1710 hominem
637 1667 710 1709 vero
724 1651 823 1710 aliena
841 1655 971 1724 prostra·
1022 1668 1063 1710 no
1078 1653 1221 1723 gehennae
1236 1654 1551 1712 tormentocrueialur.
1562 1654 1638 1722 Quia
1650 1655 1769 1712 enimin
1782 1655 1851 1713 cali-

141 1742 193 1799 vit.
206 1747 247 1799 Ac
261 1743 285 1798 si
300 1741 338 1798 de
351 1759 387 1799 eo
401 1741 526 1799 dicatur.
544 1741 619 1809 Quia
632 1742 696 1814 ipse
711 1740 851 1798 tenebras
861 1739 968 1807 intulit,
1023 1740 1091 1812 gine
1120 1743 1226 1800 oculus
1250 1743 1453 1812 contunditur,
1479 1743 1547 1816 ipsa
1569 1757 1624 1816 per
1645 1741 1852 1817 paenitentiam

141 1831 244 1889 toleret
259 1831 323 1888 sine
337 1832 397 1888 tine
411 1831 494 1904 quod
513 1831 591 1898 iecit,
615 1847 671 1888 nec
699 1845 836 1904 unquam
855 1828 970 1904 pristini
1023 1829 1131 1887 mentis
1144 1836 1253 1888 nostrae
1270 1831 1405 1890 conlusio
1416 1831 1512 1904 caligo
1523 1831 1705 1888 nominatur.
1722 1833 1797 1890 Nam
1812 1831 1851 1888 si-

140 1920 262 1978 luminis
277 1925 370 1978 statim
384 1921 517 1994 recipiat,
531 1920 603 1994 quia
615 1919 673 1976 hoc
686 1919 776 1975 etiam
785 1933 847 1974 non
862 1933 970 1975 suasus
1024 1923 1074 1975 eut
1089 1919 1185 1990 caligo
1197 1920 1344 1980 nebulosa
1368 1921 1506 1993 congerie
1531 1921 1673 1978 obscurat
1696 1919 1787 1988 diem,
1811 1921 1852 1979 ita

141 2009 251 2066 amisit.
268 2011 438 2066 ssonturea.
450 2007 581 2080 Requirit
589 2007 831 2080 quaejudieando
841 2006 970 2076 discutit,
1025 2006 1162 2064 conlusio
1185 2009 1366 2082 perturbatis
1405 2009 1636 2082 cogitationibus
1677 2009 1852 2067 subnubilat

140 2113 205 2154 non
214 2097 339 2170 requirit
351 2111 420 2169 qua
432 2094 618 2166 ignoscendo
638 2095 669 2151 in
693 2109 748 2151 suo
771 2095 834 2166 jam
858 2093 972 2166 iudicio
1024 2100 1166 2152 mentem.
1184 2098 1255 2153 ltine
1271 2099 1491 2172 scriptumest:
1509 2101 1572 2155 «Et
1593 2098 1730 2156 conlusio
1753 2098 1851 2156 addu-

142 2185 292 2260 impunita
303 2183 468 2257 dereliquit.
486 2183 537 2240 llic
547 2184 647 2258 itaque
672 2183 747 2245 dies,
772 2183 803 2240 id
830 2187 884 2248 est,
907 2183 972 2239 haec
1025 2199 1097 2240 cene
1111 2183 1236 2254 gloriam
1252 2187 1356 2256 (dccli.
1373 2203 1411 2250 rr,
1426 2187 1480 2259 ¹5).
1498 2210 1512 2238 »
1541 2187 1609 2244 Haec
1624 2187 1721 2258 caligo
1745 2203 1851 2244 eorum

141 2274 257 2349 peccati
273 2273 598 2331 delectatioaliomino
612 2273 859 2347 conrequirotur,
875 2272 971 2330 siani·
1024 2276 1156 2328 mentem
1181 2279 1381 2347 oppresserat,
1413 2274 1525 2348 quibus
1559 2275 1666 2334 Paulus
1698 2275 1819 2332 dicebat
1844 2294 1851 2332 :

139 2363 350 2420 madrersicne
366 2367 533 2436 spontanea
546 2361 677 2435 punitur,
695 2360 789 2418 Paulo
813 2365 970 2418 attestante
1025 2383 1039 2410 u
1056 2362 1151 2428 Quem
1165 2362 1246 2418 enirn
1257 2362 1387 2419 iructum
1400 2362 1549 2420 habuistis
1577 2368 1649 2420 tunc
1673 2363 1705 2420 in
1733 2361 1801 2434 illis,
1820 2363 1852 2420 in

140 2453 192 2526 qui
208 2452 269 2509 ait:
287 2472 301 2505 e
318 2451 346 2509 Si
359 2451 500 2525 nosipsos
510 2450 756 2522 dijudicaremus,
780 2467 841 2507 non
868 2450 970 2524 utique
1023 2449 1134 2522 quibus
1149 2466 1230 2508 nunc
1242 2450 1416 2508 erubescitis
1427 2452 1569 2524 (lienam,
1584 2451 1631 2524 21)
1643 2453 1657 2509 ‘i
1668 2474 1681 2502 e
1692 2451 1759 2508 [lies
1772 2452 1852 2509 enirn

141 2559 160 2598 a
175 2541 302 2598 Domino
312 2539 518 2612 judicaremur
532 2539 563 2612 (l
575 2541 643 2598 Cor.
659 2555 690 2611 u,
706 2540 760 2613 31).
774 2563 789 2590 »
804 2541 836 2598 ln
855 2539 969 2614 judicio
1023 2537 1222 2597 amaritudine
1236 2538 1404 2608 involvitur,
1414 2557 1484 2598 curn
1495 2540 1534 2596 ad
1544 2539 1755 2611 cogitationem
1769 2555 1852 2598 men·

141 2647 274 2704 namque
289 2630 433 2688 Dominus
448 2645 610 2704 apparens,
624 2645 715 2686 omne
730 2629 813 2703 quod
827 2633 899 2686 lunc
922 2645 968 2686 re-
1023 2631 1050 2684 tc
1064 2628 1217 2696 redeunte,
1232 2628 1347 2703 peccati
1360 2629 1568 2688 blandimenta
1591 2629 1741 2688 cruciatus
1756 2629 1851 2705 poeni-

141 2719 261 2790 darguit
275 2717 532 2776 lumineillustral.
550 2717 639 2784 Quasi
655 2717 735 2774 enim
752 2717 808 2775 sub
834 2717 968 2792 quadam
1023 2718 1120 2776 lentiae
1133 2722 1309 2792 sequuntur.
1324 2719 1475 2794 Quidquid
1490 2720 1570 2778 euim
1585 2719 1745 2778 involvitur
1759 2736 1796 2778 ex
1808 2719 1851 2778 la-

141 2807 321 2864 obscurilate
335 2807 452 2879 tegitur,
466 2805 615 2880 quidquid
636 2811 709 2864 tunc
733 2807 765 2864 in
790 2805 969 2863 memoriam
1023 2809 1084 2862 tere
1098 2806 1197 2862 omnis
1209 2807 1301 2880 partis
1313 2808 1456 2880 operitur.
1472 2807 1554 2864 Diem
1565 2823 1637 2880 ergo
1652 2808 1851 2866 amaritudine

141 2912 203 2952 non
217 2899 375 2953 revocatur
386 2894 506 2966 judicis.
522 2893 671 2968 Scriptum
678 2895 792 2968 quippe
801 2900 845 2951 est
857 2912 864 2951 :
876 2916 890 2944 «
902 2896 970 2951 Om·
985 2936 1005 2992 C
1023 2894 1213 2964 involvimus,
1252 2911 1323 2952 cum
1350 2911 1451 2968 pravae
1477 2895 1680 2954 delectationis
1706 2896 1852 2967 gaudium

141 2983 191 3040 nia
207 2989 308 3041 autam
320 2999 389 3057 quse
404 2987 582 3054 arguuntur,
592 2981 731 3039 alumine
742 2981 970 3039 manifestantur
1024 2983 1108 3058 quod
1121 2983 1268 3058 supplicia
1283 2988 1449 3057 sequantur
1463 2999 1500 3040 ex
1525 2983 1609 3040 omni
1636 2989 1720 3057 parte
1746 2984 1853 3058 aspici·

143 3075 262 3146 (Belias.
278 3089 308 3144 v,
327 3074 379 3145 te).
395 3095 409 3123 e
425 3071 582 3144 Quioergo
597 3087 688 3128 omne
703 3071 785 3145 quod
800 3069 971 3142 legiturve
1024 3071 1687 3146 mus,etasperishoclletibnscircumdamus.
1697 3071 1851 3146 Sequitur:

141 3162 226 3220 lutin
242 3161 372 3220 tenebris
387 3161 562 3229 occultatur,
585 3161 618 3216 in
641 3159 690 3217 die
718 3161 843 3218 extremi
865 3157 970 3232 judicii
1060 3161 1318 3218 versationem
1336 3160 1423 3217 illum
1450 3160 1622 3218 tenebrosas
1651 3161 1738 3216 terreo
1762 3161 1855 3230 persi-

141 3267 205 3308 non
219 3249 384 3308 illustratur
396 3249 522 3314 lumine,
536 3247 620 3324 quod
633 3263 696 3306 non
706 3248 863 3306 discutitur
885 3248 970 3306 ultio·
1024 3249 1292 3324 dect-Scriptum
1307 3249 1419 3324 quippe
1430 3253 1476 3306 est
1491 3265 1498 3305 ε
1515 3271 1529 3300 e
1542 3248 1622 3322 ignis
1633 3249 1664 3306 in
1690 3254 1853 3324 conspectu

141 3355 191 3398 nc.
206 3339 410 3414 scriptumest
423 3337 503 3396 enim
516 3355 523 3394 ι
540 3360 554 3388 «ι
576 3337 654 3394 Beati
678 3354 809 3412 quorum
837 3338 970 3395 remissa
1025 3339 1090 3412 eius
1100 3339 1246 3406 ardescet,
1261 3343 1291 3396 et
1304 3338 1538 3412 incircuituejus
1548 3337 1850 3414 tempestasvalida.r

144 3434 216 3486 sunt
230 3427 411 3502 iniquitates,
441 3431 470 3484 et
494 3443 625 3504 quorum
652 3431 728 3484 tecta
753 3431 824 3484 sunt
847 3430 971 3502 peccata
1024 3426 1293 3498 Tenebrosusergo
1309 3425 1616 3484 turbabancnoctem
1628 3425 1855 3500 possidet,quia

146 3519 241 3590 (Psel.
254 3533 338 3586 mr,
353 3516 383 3589 ι).
403 3539 417 3567 u
433 3515 590 3590 Sequitur:
1025 3519 1194 3590 apostatam
1208 3515 1379 3590 spirituma
1407 3519 1570 3590 conspectu
1596 3514 1719 3574 districti
1743 3515 1854 3589 judicis

180 3610 264 3665 ress.
277 3611 303 3664 5.
320 3607 484 3665 Obscurcat
499 3622 565 3664 eam
580 3605 718 3672 tenebra,
734 3611 760 3664 ct
773 3606 880 3664 ambra
893 3621 971 3663 mor·
1025 3604 1066 3662 ad
1080 3608 1191 3664 aeterna
1203 3603 1256 3661 illa
1280 3603 1428 3678 supplicia
1450 3603 1591 3678 pavenda
1616 3603 1666 3662 illa
1692 3608 1854 3679 tempestas

143 3699 192 3756 tis.
208 3699 306 3754 -Per
317 3695 459 3754 umbram
472 3695 576 3754 mortis
587 3695 699 3754 oblivio
721 3694 811 3752 debet
837 3693 970 3767 intelligi,
1024 3693 1113 3768 rapit.
1128 3693 1256 3752 Turbine
1270 3709 1330 3750 nox
1342 3693 1400 3752 ista
1422 3693 1600 3768 possidetur,
1625 3694 1699 3768 quie
1723 3693 1855 3768 superba

142 3786 216 3864 quia
228 3785 304 3844 sicut
313 3801 396 3843 mors
408 3783 551 3844 interimit
565 3783 667 3854 vitam,
680 3783 721 3842 ita
735 3783 846 3841 oblivio
864 3783 971 3840 exstin·
1026 3784 1091 3856 ejus
1105 3782 1222 3840 cacitas
1234 3781 1367 3840 districta
1394 3782 1656 3842 animadversione
1681 3783 1853 3856 percutitur.

143 3874 411 3948 guitmemcriam.
429 3873 585 3945 Quiaergo
600 3877 739 3948 apostata
753 3873 879 3946 angelus
892 3877 972 3930 aeter·
1026 3875 1202 3930 ltcnmrrrn.
1220 3871 1311 3940 Quasi
1325 3871 1405 3930 enim
1420 3871 1545 3946 quidam
1561 3871 1649 3928 turbo
1672 3871 1855 3946 tempestatis

142 3980 191 4024 ne
206 3963 349 4022 oblivioni
362 3963 498 4034 traditur,
520 3962 631 4020 umbra
654 3963 758 4020 mortis
784 3963 971 4019 obscuratur.
1027 3965 1082 4033 est,
1100 3960 1264 4018 concitatus
1280 3959 1401 4034 spiritus
1412 3961 1560 4017 moeroris.
1577 3963 1651 4016 Nam
1665 3959 1738 4016 dum
1749 3975 1857 4034 pacca-

142 4057 188 4112 Ac
202 4051 228 4108 si
245 4051 348 4108 dicat:
375 4049 423 4108 Sic
451 4049 531 4108 enim
558 4065 628 4106 eum
655 4049 763 4108 erroris
790 4050 837 4106 sui
859 4052 973 4107 caecitas
1028 4053 1092 4107 turn
1101 4047 1856 4124 quisquequodlecitintelligit,moerorementem

143 4142 266 4212 obruat,
278 4144 311 4197 ut
320 4151 515 4214 nequaquam
530 4137 654 4196 ulterius
669 4137 708 4194 ad
718 4137 817 4196 lucem
832 4139 975 4212 poeniten·
1027 4136 1195 4208 obnubilat,
1209 4141 1237 4196 et
1246 4137 1335 4212 quasi
1349 4132 1496 4194 concusso
1516 4151 1626 4192 serenes
1649 4135 1745 4192 laetitae
1775 4149 1854 4206 aare,

143 4233 192 4294 tire
207 4245 262 4307 par
275 4229 369 4288 divini
379 4233 532 4303 respectus
546 4227 725 4286 memoriam
746 4232 891 4300 resurgat.
916 4230 975 4286 llo·
992 4280 1014 4338 D
1029 4241 1152 4284 omnem
1161 4225 1192 4284 in
1203 4243 1234 4284 sc
1245 4225 1489 4300 tranquillitatem
1495 4223 1594 4282 cordis
1604 4224 1784 4300 prenitentiae
1795 4229 1856 4282 tor-

144 4337 276 4380 murnr.
292 4319 375 4378 Diem
387 4317 692 4378 tenebraobscurant
703 4317 827 4391 quando
850 4317 976 4398 delceta-
1028 4314 1099 4373 bine
1112 4313 1257 4389 devastat.
1274 4315 1434 4373 ltincenim
1449 4314 1650 4389 scriptumest
1662 4331 1693 4370 :u
1709 4315 1742 4370 ln
1752 4313 1858 4390 spiritu

147 4411 260 4470 bonam
273 4405 506 4467 mentisinllicla
519 4405 702 4482 prenitentiae
725 4405 857 4465 lamema
882 4410 976 4465 bans-
1029 4402 1196 4462 vehementi
1204 4407 1339 4464 conteres
1352 4419 1444 4462 naves
1457 4403 1575 4461 Tharais
1591 4404 1683 4476 (Prot.
1698 4419 1788 4477 xaru,
1799 4405 1857 4477 8).»

146 4499 316 4558 verberant
332 4499 462 4554 Possunt
476 4495 565 4554 etiam
576 4511 629 4570 per
643 4495 782 4554 tenebras
796 4497 914 4554 occulta
926 4497 975 4569 ju·
1029 4492 1147 4551 marsis
1158 4492 1369 4567 interpretatur
1378 4494 1548 4565 exploratio
1557 4494 1672 4565 peredit,
1684 4492 1716 4552 id
1729 4497 1859 4568 estpar-

148 4589 226 4646 dieia
237 4585 399 4659 designari.
411 4584 532 4644 Occulta
546 4583 628 4642 enim
639 4585 753 4657 iudicia
777 4586 866 4659 quasi
893 4601 976 4660 qure-
1030 4582 1229 4657 patrationem
1238 4582 1333 4656 culpae
1342 4597 1405 4640 non
1414 4581 1621 4640 blandimenta
1641 4599 1753 4639 securae
1776 4583 1859 4656 quie·
1958 4657 1961 4664 Δ

148 4676 430 4734 darnantcnostrcs
442 4671 688 4730 oculoatenebroe
700 4678 779 4742 sunt,
803 4673 876 4748 quia
897 4689 978 4747 pers
1032 4673 1068 4731 tis
1081 4673 1213 4743 foveant,
1229 4673 1282 4731 sed
1297 4674 1353 4747 piae
1374 4673 1540 4730 desaeviens
1566 4672 1736 4730 amaritudo
1764 4672 1860 4746 poeni-

150 4764 259 4822 crulari
284 4777 480 4836 nequaquam
502 4763 640 4833 possunt.
667 4761 753 4817 ¹Unde
780 4761 817 4818 de
851 4762 978 4820 Domino
1032 4761 1130 4819 tenda
1144 4761 1300 4834 irrumpat.
1312 4761 1468 4836 Sequitur:
1482 4763 1551 4818 Non
1561 4765 1750 4832 computetur
1760 4761 1792 4818 in
1802 4762 1862 4820 die·

151 4852 353 4928 scriptumest
368 4867 374 4905 :
390 4871 405 4899 e
423 4847 525 4906 Posuit
539 4845 677 4906 tenebras
703 4847 864 4906 latibulum
889 4865 979 4906 suum
1034 4852 1087 4908 lar
1102 4851 1186 4923 anni,
1200 4866 1254 4907 aec
1269 4857 1442 4909 sumeretur
1456 4853 1488 4908 ia
1497 4851 1645 4908 mensibus
1659 4851 1744 4908 anci.
1760 4883 1795 4892 —
1805 4853 1862 4910 Aa·

151 4935 638 5011 (Psat.xv11‚m),»utemigitur
660 4935 791 4994 tenebrae
806 4937 978 5007 obscurant,
1033 4956 1108 4997 num
1122 4939 1364 5012 pradicationem
1379 4957 1517 5016 superne
1532 4940 1862 5012 graticencninconve·
1948 4975 1953 4984 ·

152 5044 222 5085 cum
236 5025 337 5100 tiendo
352 5029 462 5084 nostra
477 5024 681 5084 delectationis
696 5025 841 5098 gaudium
866 5027 907 5085 ab
930 5027 980 5086 illo
1034 5028 1148 5087 nienter
1157 5027 1332 5103 accipimus.
1349 5030 1425 5097 Quia
1448 5030 1525 5088 sicut
1547 5029 1578 5088 in
1603 5046 1685 5088 anno
1714 5032 1864 5105 congestis

148 5116 238 5189 justa
249 5114 518 5174 animadversionis
532 5113 619 5172 radio
637 5112 844 5172 inscrutabilia
856 5116 921 5188 ejus
931 5116 980 5188 ju·
1034 5117 1142 5176 diebus
1155 5122 1275 5192 tempus
1290 5117 1452 5192 perficitur,
1467 5119 1509 5177 ita
1518 5119 1549 5176 in
1560 5133 1693 5194 superna
1707 5119 1865 5191 gratiarir-

151 5204 231 5262 dicia
245 5202 475 5260 misericorditer
488 5202 648 5260 occultant.
669 5205 701 5258 ln
726 5203 878 5276 Scriptura
900 5205 981 5260 enim
1035 5210 1132 5262 tutum
1147 5205 1302 5280 multiplex
1317 5206 1379 5264 rita
1388 5207 1566 5282 completur.
1579 5210 1674 5266 Potest
1688 5223 1741 5280 per
1751 5219 1866 5262 annum

152 5305 240 5348 sacra
251 5289 361 5349 umbra
373 5289 478 5348 mortis
491 5289 656 5362 aliquando
674 5288 786 5348 oblivio
802 5291 906 5348 mortis
932 5307 981 5348 ac·
1036 5294 1126 5352 etiam
1141 5294 1301 5351 multitudo
1315 5294 1439 5366 intelligi
1453 5296 1689 5369 redemptorum,
1703 5291 1775 5363 quia
1791 5290 1866 5348 sicut

153 5379 271 5453 cipitur,
287 5377 423 5438 utillud:
441 5399 455 5427 α
470 5377 640 5435 illuminare
654 5379 701 5436 his
727 5379 823 5450 quiin
854 5381 982 5438 tenebris
1037 5399 1074 5440 ex
1087 5382 1206 5440 dierum
1218 5383 1407 5442 multitudine
1420 5385 1647 5451 annusdicitur,
1665 5381 1706 5435 ita
1727 5395 1765 5438 ex
1778 5380 1867 5460 colle-

153 5474 182 5526 et
193 5469 304 5526 umbra
317 5465 423 5526 mortis
442 5464 546 5524 sedent
559 5467 641 5539 (Luc.
655 5484 674 5538 1,
697 5469 752 5542 79).
770 5491 784 5520 s
813 5468 983 5542 aliquando
1038 5467 1871 5532 ctioneboncrumomniumiliaelectoruminnumerabi-

154 5553 281 5616 imitatio
295 5551 674 5700 (11310111ἒεὲ1ὶ1ἅῗίιίρρο
701 5555 830 5614 dicitur:
851 5579 860 5608 ι
879 5561 983 5616 Nonne
1037 5560 1076 5618 lis
1087 5561 1267 5622 universitas
1281 5563 1428 5636 expletur.
1445 5561 1517 5616 ltine
1527 5555 1620 5616 isaias
1635 5556 1676 5614 ait
1692 5576 1699 5615 :
1716 5583 1729 5610 c
1747 5557 1871 5634 Spiritus

297 5647 421 5704 Peraea.
557 5647 604 5699 t.
1767 5652 1782 5701 ὅ
