<?xml version="1.0" encoding="UTF-8"?>
<!DOCTYPE html PUBLIC "-//W3C//DTD XHTML 1.0 Transitional//EN"
    "http://www.w3.org/TR/xhtml1/DTD/xhtml1-transitional.dtd">
<html xmlns="http://www.w3.org/1999/xhtml" xml:lang="en" lang="en">
 <head>
  <title>
</title>
<meta http-equiv="Content-Type" content="text/html;charset=utf-8" />
  <meta name='ocr-system' content='tesseract 3.04.00' />
  <meta name='ocr-capabilities' content='ocr_page ocr_carea ocr_par ocr_line ocrx_word'/>
</head>
<body>
  <div class='ocr_page' id='page_1' title='image "./patrologiaecurs107unkngoog/patrologiaecurs107unkngoog_0323.png"; bbox 0 0 4104 6162; ppageno 0'>
   <div class='ocr_carea' id='block_1_1' title="bbox 113 207 1824 270">
    <p class='ocr_par' dir='ltr' id='par_1_1' title="bbox 113 207 1824 270">
     <span class='ocr_line' id='line_1_1' title="bbox 113 207 1824 270; baseline 0.001 -3"><span class='ocrx_word' id='word_1_1' title='bbox 113 213 166 268; x_wconf 75' lang='lat'><em>0³7</em></span> <span class='ocrx_word' id='word_1_2' title='bbox 636 211 882 270; x_wconf 72' lang='lat' dir='ltr'><em>collemontis</em></span> <span class='ocrx_word' id='word_1_3' title='bbox 904 207 993 265; x_wconf 74' lang='lat' dir='ltr'><em>liner</em></span> <span class='ocrx_word' id='word_1_4' title='bbox 1007 209 1110 268; x_wconf 65' lang='grc' dir='ltr'><em>ΜΒ.</em></span> <span class='ocrx_word' id='word_1_5' title='bbox 1126 241 1160 253; x_wconf 85' lang='grc'><em>-</em></span> <span class='ocrx_word' id='word_1_6' title='bbox 1177 211 1240 268; x_wconf 79' lang='lat' dir='ltr'><em>nin.</em></span> <span class='ocrx_word' id='word_1_7' title='bbox 1262 215 1307 268; x_wconf 86' lang='grc' dir='ltr'>ΙΙΙ.</span> <span class='ocrx_word' id='word_1_8' title='bbox 1770 211 1824 270; x_wconf 70' lang='lat'><em>088</em></span> 
     </span>
    </p>
   </div>
   <div class='ocr_carea' id='block_1_2' title="bbox 100 333 1826 4500">
    <p class='ocr_par' dir='ltr' id='par_1_2' title="bbox 100 333 1826 4500">
     <span class='ocr_line' id='line_1_2' title="bbox 110 333 1824 416; baseline 0.001 -26"><span class='ocrx_word' id='word_1_9' title='bbox 110 335 276 401; x_wconf 81' lang='lat' dir='ltr'><em>inebrians,</em></span> <span class='ocrx_word' id='word_1_10' title='bbox 289 335 320 390; x_wconf 93' lang='lat' dir='ltr'><em>in</em></span> <span class='ocrx_word' id='word_1_11' title='bbox 336 333 382 390; x_wconf 88' lang='lat' dir='ltr'><em>siti</em></span> <span class='ocrx_word' id='word_1_12' title='bbox 398 351 453 392; x_wconf 84' lang='lat' dir='ltr'><em>sue</em></span> <span class='ocrx_word' id='word_1_13' title='bbox 477 335 552 392; x_wconf 88' lang='lat' dir='ltr'><em>tellis</em></span> <span class='ocrx_word' id='word_1_14' title='bbox 569 336 801 394; x_wconf 70' lang='lat' dir='ltr'><strong>amaritudinem</strong></span> <span class='ocrx_word' id='word_1_15' title='bbox 816 333 941 406; x_wconf 85' lang='lat' dir='ltr'><em>accepit.</em></span> <span class='ocrx_word' id='word_1_16' title='bbox 959 334 982 386; x_wconf 83' lang='grc' dir='ltr'>Α</span> <span class='ocrx_word' id='word_1_17' title='bbox 999 333 1080 396; x_wconf 81' lang='lat' dir='ltr'><em>Unde</em></span> <span class='ocrx_word' id='word_1_18' title='bbox 1095 339 1122 397; x_wconf 83' lang='lat' dir='ltr'><em>et</em></span> <span class='ocrx_word' id='word_1_19' title='bbox 1138 333 1254 400; x_wconf 67' lang='lat' dir='ltr'><em>efflicte&gt;</em></span> <span class='ocrx_word' id='word_1_20' title='bbox 1269 334 1389 402; x_wconf 69' lang='lat' dir='ltr'><em>[emilie</em></span> <span class='ocrx_word' id='word_1_21' title='bbox 1403 335 1563 400; x_wconf 72' lang='lat' dir='ltr'>blandiens</span> <span class='ocrx_word' id='word_1_22' title='bbox 1578 351 1632 415; x_wconf 78' lang='lat' dir='ltr'><em>per</em></span> <span class='ocrx_word' id='word_1_23' title='bbox 1644 335 1824 416; x_wconf 69' lang='lat' dir='ltr'><em>prophetem</em></span> 
     </span>
     <span class='ocr_line' id='line_1_3' title="bbox 111 421 1824 498; baseline 0 -18"><span class='ocrx_word' id='word_1_24' title='bbox 111 423 199 490; x_wconf 86' lang='lat' dir='ltr'><em>Quod</em></span> <span class='ocrx_word' id='word_1_25' title='bbox 213 423 264 496; x_wconf 89' lang='lat' dir='ltr'><em>qui</em></span> <span class='ocrx_word' id='word_1_26' title='bbox 280 440 334 496; x_wconf 87' lang='lat' dir='ltr'><em>pro</em></span> <span class='ocrx_word' id='word_1_27' title='bbox 348 423 437 479; x_wconf 89' lang='lat' dir='ltr'><em>nabis</em></span> <span class='ocrx_word' id='word_1_28' title='bbox 452 427 578 493; x_wconf 82' lang='lat' dir='ltr'><em>Patrem,</em></span> <span class='ocrx_word' id='word_1_29' title='bbox 593 425 733 498; x_wconf 85' lang='lat' dir='ltr'><em>quamvis</em></span> <span class='ocrx_word' id='word_1_30' title='bbox 747 427 826 480; x_wconf 89' lang='lat' dir='ltr'><em>esset</em></span> <span class='ocrx_word' id='word_1_31' title='bbox 836 421 942 478; x_wconf 91' lang='lat' dir='ltr'><em>divini·</em></span> <span class='ocrx_word' id='word_1_32' title='bbox 996 421 1085 478; x_wconf 87' lang='lat' dir='ltr'><em>dicit:</em></span> <span class='ocrx_word' id='word_1_33' title='bbox 1102 424 1186 480; x_wconf 84' lang='lat' dir='ltr'><em>Sicut</em></span> <span class='ocrx_word' id='word_1_34' title='bbox 1197 425 1306 493; x_wconf 85' lang='lat' dir='ltr'><em>jurani</em></span> <span class='ocrx_word' id='word_1_35' title='bbox 1317 425 1389 494; x_wconf 89' lang='lat' dir='ltr'><em>Noe,</em></span> <span class='ocrx_word' id='word_1_36' title='bbox 1405 430 1438 479; x_wconf 89' lang='lat' dir='ltr'><em>ut</em></span> <span class='ocrx_word' id='word_1_37' title='bbox 1465 426 1550 480; x_wconf 90' lang='lat' dir='ltr'><em>ultra</em></span> <span class='ocrx_word' id='word_1_38' title='bbox 1573 440 1634 480; x_wconf 90' lang='lat' dir='ltr'><em>non</em></span> <span class='ocrx_word' id='word_1_39' title='bbox 1653 423 1824 480; x_wconf 82' lang='lat' dir='ltr'><strong><em>inducerem</em></strong></span> 
     </span>
     <span class='ocr_line' id='line_1_4' title="bbox 110 511 1825 587; baseline 0.007 -19"><span class='ocrx_word' id='word_1_40' title='bbox 110 517 170 569; x_wconf 78' lang='lat' dir='ltr'><em>tote</em></span> <span class='ocrx_word' id='word_1_41' title='bbox 195 512 333 585; x_wconf 63' lang='lat' dir='ltr'><em>{equalis</em></span> <span class='ocrx_word' id='word_1_42' title='bbox 369 511 515 580; x_wconf 81' lang='lat' dir='ltr'><em>adoravit,</em></span> <span class='ocrx_word' id='word_1_43' title='bbox 541 514 598 570; x_wconf 90' lang='lat' dir='ltr'><em>sub</em></span> <span class='ocrx_word' id='word_1_44' title='bbox 630 513 767 575; x_wconf 70' lang='lat' dir='ltr'>irrisione</span> <span class='ocrx_word' id='word_1_45' title='bbox 799 512 942 578; x_wconf 73' lang='lat' dir='ltr'><em>adoratus</em></span> <span class='ocrx_word' id='word_1_46' title='bbox 995 513 1315 587; x_wconf 53' lang='lat' dir='ltr'><em>correctissimum</em></span> <span class='ocrx_word' id='word_1_47' title='bbox 1337 513 1447 580; x_wconf 53' lang='lat' dir='ltr'><em>‘ibiibi</em></span> <span class='ocrx_word' id='word_1_48' title='bbox 1466 528 1526 568; x_wconf 59' lang='grc' dir='ltr'><em>ἢθη</em></span> <span class='ocrx_word' id='word_1_49' title='bbox 1543 513 1694 582; x_wconf 67' lang='lat' dir='ltr'><em>increpem</em></span> <span class='ocrx_word' id='word_1_50' title='bbox 1714 517 1743 568; x_wconf 71' lang='grc' dir='ltr'><em>ῑθ</em></span> <span class='ocrx_word' id='word_1_51' title='bbox 1765 526 1825 568; x_wconf 69' lang='lat' dir='ltr'><em>am·</em></span> 
     </span>
     <span class='ocr_line' id='line_1_5' title="bbox 110 599 1825 676; baseline -0.001 -18"><span class='ocrx_word' id='word_1_52' title='bbox 110 602 212 664; x_wconf 82' lang='lat' dir='ltr'><em>tuouit,</em></span> <span class='ocrx_word' id='word_1_53' title='bbox 230 601 313 675; x_wconf 92' lang='lat' dir='ltr'><em>quod</em></span> <span class='ocrx_word' id='word_1_54' title='bbox 338 601 429 657; x_wconf 87' lang='lat' dir='ltr'><em>vitem</em></span> <span class='ocrx_word' id='word_1_55' title='bbox 452 602 576 658; x_wconf 87' lang='lat' dir='ltr'><em>mortuis</em></span> <span class='ocrx_word' id='word_1_56' title='bbox 600 617 776 676; x_wconf 81' lang='lat' dir='ltr'><em>prreperaus</em></span> <span class='ocrx_word' id='word_1_57' title='bbox 791 601 941 675; x_wconf 77' lang='lat' dir='ltr'><em>usquead</em></span> <span class='ocrx_word' id='word_1_58' title='bbox 992 599 1076 670; x_wconf 79' lang='lat' dir='ltr'><em>plius</em></span> <span class='ocrx_word' id='word_1_59' title='bbox 1094 601 1165 668; x_wconf 86' lang='lat' dir='ltr'><em>tlsa.</em></span> <span class='ocrx_word' id='word_1_60' title='bbox 1186 617 1241 670; x_wconf 76' lang='lat' dir='ltr'><em>irs,</em></span> <span class='ocrx_word' id='word_1_61' title='bbox 1257 601 1295 670; x_wconf 81' lang='grc'><em>9).</em></span> <span class='ocrx_word' id='word_1_62' title='bbox 1311 605 1347 660; x_wconf 79' lang='lat' dir='ltr'><em>st</em></span> <span class='ocrx_word' id='word_1_63' title='bbox 1368 617 1438 657; x_wconf 88' lang='lat' dir='ltr'><em>vero</em></span> <span class='ocrx_word' id='word_1_64' title='bbox 1467 600 1518 674; x_wconf 86' lang='lat' dir='ltr'><em>qui</em></span> <span class='ocrx_word' id='word_1_65' title='bbox 1542 600 1704 656; x_wconf 82' lang='lat' dir='ltr'><em>adversum</em></span> <span class='ocrx_word' id='word_1_66' title='bbox 1729 599 1825 657; x_wconf 89' lang='lat' dir='ltr'><em>filium</em></span> 
     </span>
     <span class='ocr_line' id='line_1_6' title="bbox 110 689 1823 764; baseline -0.001 -17"><span class='ocrx_word' id='word_1_67' title='bbox 110 695 239 747; x_wconf 90' lang='lat' dir='ltr'><em>mortem</em></span> <span class='ocrx_word' id='word_1_68' title='bbox 261 690 328 762; x_wconf 86' lang='lat' dir='ltr'><em>ipss</em></span> <span class='ocrx_word' id='word_1_69' title='bbox 352 689 413 747; x_wconf 86' lang='lat' dir='ltr'><em>vite</em></span> <span class='ocrx_word' id='word_1_70' title='bbox 433 691 578 764; x_wconf 91' lang='lat' dir='ltr'><em>pervenit.</em></span> <span class='ocrx_word' id='word_1_71' title='bbox 595 697 652 747; x_wconf 70' lang='lat' dir='ltr'><em>tlur</em></span> <span class='ocrx_word' id='word_1_72' title='bbox 675 692 775 764; x_wconf 82' lang='lat' dir='ltr'><em>itaque</em></span> <span class='ocrx_word' id='word_1_73' title='bbox 800 707 941 762; x_wconf 86' lang='lat' dir='ltr'><em>asperum</em></span> <span class='ocrx_word' id='word_1_74' title='bbox 995 689 1100 745; x_wconf 84' lang='lat' dir='ltr'><em>metris</em></span> <span class='ocrx_word' id='word_1_75' title='bbox 1116 706 1177 744; x_wconf 81' lang='lat' dir='ltr'><em>sues</em></span> <span class='ocrx_word' id='word_1_76' title='bbox 1192 690 1277 762; x_wconf 88' lang='lat' dir='ltr'><em>ponit</em></span> <span class='ocrx_word' id='word_1_77' title='bbox 1291 689 1479 758; x_wconf 84' lang='lat' dir='ltr'><em>scandulum,</em></span> <span class='ocrx_word' id='word_1_78' title='bbox 1492 689 1694 746; x_wconf 82' lang='lat' dir='ltr'><em>comminetur</em></span> <span class='ocrx_word' id='word_1_79' title='bbox 1706 689 1823 746; x_wconf 87' lang='lat' dir='ltr'><em>dicens:</em></span> 
     </span>
     <span class='ocr_line' id='line_1_7' title="bbox 110 778 1826 853; baseline 0.001 -19"><span class='ocrx_word' id='word_1_80' title='bbox 110 779 252 850; x_wconf 87' lang='lat' dir='ltr'><em>creditur,</em></span> <span class='ocrx_word' id='word_1_81' title='bbox 267 783 328 835; x_wconf 84' lang='lat' dir='ltr'><em>ute</em></span> <span class='ocrx_word' id='word_1_82' title='bbox 343 781 402 835; x_wconf 83' lang='lat' dir='ltr'><em>ileo</em></span> <span class='ocrx_word' id='word_1_83' title='bbox 417 780 509 836; x_wconf 92' lang='lat' dir='ltr'><em>bomo</em></span> <span class='ocrx_word' id='word_1_84' title='bbox 524 779 624 837; x_wconf 89' lang='lat' dir='ltr'><em>toleret</em></span> <span class='ocrx_word' id='word_1_85' title='bbox 639 780 759 850; x_wconf 82' lang='lat' dir='ltr'><em>nagelta</em></span> <span class='ocrx_word' id='word_1_86' title='bbox 772 796 827 853; x_wconf 89' lang='lat' dir='ltr'><em>pro</em></span> <span class='ocrx_word' id='word_1_87' title='bbox 842 778 940 848; x_wconf 84' lang='lat' dir='ltr'><em>melis,</em></span> <span class='ocrx_word' id='word_1_88' title='bbox 994 778 1131 849; x_wconf 71' lang='lat' dir='ltr'><em>Arguunt</em></span> <span class='ocrx_word' id='word_1_89' title='bbox 1157 785 1185 836; x_wconf 91' lang='lat' dir='ltr'><em>te</em></span> <span class='ocrx_word' id='word_1_90' title='bbox 1210 786 1238 836; x_wconf 90' lang='lat' dir='ltr'><em>et</em></span> <span class='ocrx_word' id='word_1_91' title='bbox 1253 785 1394 852; x_wconf 90' lang='lat' dir='ltr'><em>statuam,</em></span> <span class='ocrx_word' id='word_1_92' title='bbox 1410 779 1566 846; x_wconf 82' lang='lat' dir='ltr'><em>subaudis,</em></span> <span class='ocrx_word' id='word_1_93' title='bbox 1583 794 1619 835; x_wconf 85' lang='lat' dir='ltr'><em>ee</em></span> <span class='ocrx_word' id='word_1_94' title='bbox 1638 795 1706 852; x_wconf 79' lang='lat' dir='ltr'><em>qum</em></span> <span class='ocrx_word' id='word_1_95' title='bbox 1732 779 1826 836; x_wconf 87' lang='lat' dir='ltr'><em>fecisti</em></span> 
     </span>
     <span class='ocr_line' id='line_1_8' title="bbox 110 867 1824 943; baseline 0 -19"><span class='ocrx_word' id='word_1_96' title='bbox 110 869 135 924; x_wconf 93' lang='lat' dir='ltr'><em>si</em></span> <span class='ocrx_word' id='word_1_97' title='bbox 160 873 243 926; x_wconf 82' lang='lat' dir='ltr'><em>tenta</em></span> <span class='ocrx_word' id='word_1_98' title='bbox 269 871 347 924; x_wconf 87' lang='lat' dir='ltr'><em>Deus</em></span> <span class='ocrx_word' id='word_1_99' title='bbox 372 869 411 925; x_wconf 85' lang='lat' dir='ltr'><em>eb</em></span> <span class='ocrx_word' id='word_1_100' title='bbox 438 870 612 926; x_wconf 89' lang='lat' dir='ltr'><em>hominibus</em></span> <span class='ocrx_word' id='word_1_101' title='bbox 639 869 758 943; x_wconf 91' lang='lat' dir='ltr'><em>pertulit</em></span> <span class='ocrx_word' id='word_1_102' title='bbox 782 869 862 925; x_wconf 83' lang='lat' dir='ltr'><em>mole</em></span> <span class='ocrx_word' id='word_1_103' title='bbox 887 885 941 942; x_wconf 94' lang='lat' dir='ltr'><em>pro</em></span> <span class='ocrx_word' id='word_1_104' title='bbox 995 869 1556 940; x_wconf 73' lang='lat' dir='ltr'><em>antefaciemtuom(Psat.xn1x,tt).</em></span> <span class='ocrx_word' id='word_1_105' title='bbox 1578 869 1721 924; x_wconf 83' lang='lat' dir='ltr'><em>isiacum</em></span> <span class='ocrx_word' id='word_1_106' title='bbox 1740 867 1824 924; x_wconf 81' lang='lat' dir='ltr'><em>vide-</em></span> 
     </span>
     <span class='ocr_line' id='line_1_9' title="bbox 109 955 1824 1030; baseline 0.002 -17"><span class='ocrx_word' id='word_1_107' title='bbox 109 957 209 1026; x_wconf 80' lang='lat' dir='ltr'><em>bonis,</em></span> <span class='ocrx_word' id='word_1_108' title='bbox 224 963 257 1019; x_wconf 87' lang='lat' dir='ltr'><em>ut</em></span> <span class='ocrx_word' id='word_1_109' title='bbox 273 957 353 1018; x_wconf 87' lang='lat' dir='ltr'><em>buno</em></span> <span class='ocrx_word' id='word_1_110' title='bbox 367 957 405 1018; x_wconf 84' lang='lat' dir='ltr'><em>ad</em></span> <span class='ocrx_word' id='word_1_111' title='bbox 420 958 566 1024; x_wconf 79' lang='lat' dir='ltr'><em>emissem</em></span> <span class='ocrx_word' id='word_1_112' title='bbox 590 959 805 1020; x_wconf 78' lang='lat' dir='ltr'><em>beatitudinem</em></span> <span class='ocrx_word' id='word_1_113' title='bbox 819 975 941 1022; x_wconf 81' lang='lat' dir='ltr'><em>revoca·</em></span> <span class='ocrx_word' id='word_1_114' title='bbox 994 955 1032 1014; x_wconf 85' lang='lat' dir='ltr'><em>rit</em></span> <span class='ocrx_word' id='word_1_115' title='bbox 1045 957 1138 1017; x_wconf 87' lang='lat' dir='ltr'><em>Deum</em></span> <span class='ocrx_word' id='word_1_116' title='bbox 1153 957 1280 1022; x_wconf 84' lang='lat' dir='ltr'><em>deorum</em></span> <span class='ocrx_word' id='word_1_117' title='bbox 1294 956 1324 1012; x_wconf 89' lang='lat' dir='ltr'><em>in</em></span> <span class='ocrx_word' id='word_1_118' title='bbox 1341 957 1420 1024; x_wconf 88' lang='lat' dir='ltr'><em>Sion,</em></span> <span class='ocrx_word' id='word_1_119' title='bbox 1437 961 1559 1030; x_wconf 80' lang='lat' dir='ltr'><em>portans</em></span> <span class='ocrx_word' id='word_1_120' title='bbox 1574 956 1604 1012; x_wconf 92' lang='lat' dir='ltr'><em>iu</em></span> <span class='ocrx_word' id='word_1_121' title='bbox 1627 955 1824 1022; x_wconf 74' lang='lat' dir='ltr'><em>extilitationo</em></span> 
     </span>
     <span class='ocr_line' id='line_1_10' title="bbox 109 1041 1825 1121; baseline -0.004 -17"><span class='ocrx_word' id='word_1_122' title='bbox 109 1049 176 1104; x_wconf 86' lang='lat' dir='ltr'><em>ret?</em></span> <span class='ocrx_word' id='word_1_123' title='bbox 192 1048 274 1104; x_wconf 87' lang='lat' dir='ltr'><em>Unde</em></span> <span class='ocrx_word' id='word_1_124' title='bbox 289 1049 452 1121; x_wconf 75' lang='lat' dir='ltr'><strong>prophetat</strong></span> <span class='ocrx_word' id='word_1_125' title='bbox 469 1049 612 1106; x_wconf 75' lang='lat' dir='ltr'><em>Alienum</em></span> <span class='ocrx_word' id='word_1_126' title='bbox 626 1065 699 1120; x_wconf 83' lang='lat' dir='ltr'><em>opus</em></span> <span class='ocrx_word' id='word_1_127' title='bbox 724 1053 798 1120; x_wconf 82' lang='lat' dir='ltr'><em>ejrrs,</em></span> <span class='ocrx_word' id='word_1_128' title='bbox 811 1057 844 1105; x_wconf 91' lang='lat' dir='ltr'><em>ul</em></span> <span class='ocrx_word' id='word_1_129' title='bbox 857 1051 940 1120; x_wconf 83' lang='lat' dir='ltr'><em>saee—</em></span> <span class='ocrx_word' id='word_1_130' title='bbox 994 1044 1166 1117; x_wconf 84' lang='lat' dir='ltr'><em>manipulos</em></span> <span class='ocrx_word' id='word_1_131' title='bbox 1176 1061 1253 1117; x_wconf 84' lang='lat' dir='ltr'><em>quos</em></span> <span class='ocrx_word' id='word_1_132' title='bbox 1268 1045 1299 1100; x_wconf 88' lang='lat' dir='ltr'><em>in</em></span> <span class='ocrx_word' id='word_1_133' title='bbox 1312 1045 1455 1116; x_wconf 74' lang='lat' dir='ltr'>lacrymis</span> <span class='ocrx_word' id='word_1_134' title='bbox 1469 1044 1635 1111; x_wconf 81' lang='lat' dir='ltr'><em>seminavit,</em></span> <span class='ocrx_word' id='word_1_135' title='bbox 1650 1041 1825 1100; x_wconf 76' lang='lat' dir='ltr'><em>letabunda</em></span> 
     </span>
     <span class='ocr_line' id='line_1_11' title="bbox 109 1133 1823 1210; baseline -0.004 -18"><span class='ocrx_word' id='word_1_136' title='bbox 109 1142 156 1192; x_wconf 88' lang='lat' dir='ltr'><em>ret</em></span> <span class='ocrx_word' id='word_1_137' title='bbox 171 1152 244 1206; x_wconf 85' lang='lat' dir='ltr'><em>opus</em></span> <span class='ocrx_word' id='word_1_138' title='bbox 256 1153 341 1193; x_wconf 78' lang='lat' dir='ltr'><em>strum</em></span> <span class='ocrx_word' id='word_1_139' title='bbox 359 1137 427 1208; x_wconf 88' lang='lat' dir='ltr'><em>(lsa.</em></span> <span class='ocrx_word' id='word_1_140' title='bbox 444 1153 545 1200; x_wconf 85' lang='lat' dir='ltr'><em>xxvur,</em></span> <span class='ocrx_word' id='word_1_141' title='bbox 560 1139 706 1210; x_wconf 67' lang='lat' dir='ltr'><em>ittopus</em></span> <span class='ocrx_word' id='word_1_142' title='bbox 723 1137 803 1193; x_wconf 88' lang='lat' dir='ltr'><em>enim</em></span> <span class='ocrx_word' id='word_1_143' title='bbox 818 1138 882 1208; x_wconf 89' lang='lat' dir='ltr'><em>ejus</em></span> <span class='ocrx_word' id='word_1_144' title='bbox 897 1142 941 1192; x_wconf 89' lang='lat' dir='ltr'><em>est</em></span> <span class='ocrx_word' id='word_1_145' title='bbox 995 1133 1154 1188; x_wconf 78' lang='lat' dir='ltr'><em>clamabit:</em></span> <span class='ocrx_word' id='word_1_146' title='bbox 1171 1134 1341 1190; x_wconf 83' lang='lat' dir='ltr'><em>Secundum</em></span> <span class='ocrx_word' id='word_1_147' title='bbox 1352 1133 1575 1189; x_wconf 75' lang='lat' dir='ltr'><em>multitudinem</em></span> <span class='ocrx_word' id='word_1_148' title='bbox 1591 1133 1731 1188; x_wconf 85' lang='lat' dir='ltr'><em>dotorum</em></span> <span class='ocrx_word' id='word_1_149' title='bbox 1746 1145 1823 1186; x_wconf 91' lang='lat' dir='ltr'><em>meo·</em></span> 
     </span>
     <span class='ocr_line' id='line_1_12' title="bbox 109 1221 1822 1300; baseline -0.004 -20"><span class='ocrx_word' id='word_1_150' title='bbox 109 1225 227 1281; x_wconf 81' lang='lat' dir='ltr'><em>salvere</em></span> <span class='ocrx_word' id='word_1_151' title='bbox 241 1225 324 1298; x_wconf 89' lang='lat' dir='ltr'><em>quod</em></span> <span class='ocrx_word' id='word_1_152' title='bbox 339 1225 459 1296; x_wconf 85' lang='lat' dir='ltr'><em>creavit,</em></span> <span class='ocrx_word' id='word_1_153' title='bbox 471 1225 615 1296; x_wconf 77' lang='lat' dir='ltr'><em>nagdtsri</em></span> <span class='ocrx_word' id='word_1_154' title='bbox 631 1231 817 1300; x_wconf 87' lang='lat' dir='ltr'><em>autemopus</em></span> <span class='ocrx_word' id='word_1_155' title='bbox 828 1229 873 1286; x_wconf 89' lang='lat' dir='ltr'><em>est</em></span> <span class='ocrx_word' id='word_1_156' title='bbox 884 1227 940 1284; x_wconf 48' lang='lat' dir='ltr'><em>hos</em></span> <span class='ocrx_word' id='word_1_157' title='bbox 995 1239 1063 1278; x_wconf 87' lang='lat' dir='ltr'><em>rum</em></span> <span class='ocrx_word' id='word_1_158' title='bbox 1078 1225 1109 1280; x_wconf 91' lang='lat' dir='ltr'><em>in</em></span> <span class='ocrx_word' id='word_1_159' title='bbox 1121 1223 1289 1292; x_wconf 80' lang='lat' dir='ltr'><em>cordemeo,</em></span> <span class='ocrx_word' id='word_1_160' title='bbox 1300 1223 1515 1286; x_wconf 72' lang='lat' dir='ltr'><em>consolationes</em></span> <span class='ocrx_word' id='word_1_161' title='bbox 1526 1227 1584 1277; x_wconf 79' lang='lat' dir='ltr'><em>tuse</em></span> <span class='ocrx_word' id='word_1_162' title='bbox 1594 1221 1822 1288; x_wconf 77' lang='lat' dir='ltr'><em>letificaverunt</em></span> 
     </span>
     <span class='ocr_line' id='line_1_13' title="bbox 108 1306 1824 1388; baseline -0.001 -25"><span class='ocrx_word' id='word_1_163' title='bbox 108 1310 199 1366; x_wconf 88' lang='lat' dir='ltr'><em>minis</em></span> <span class='ocrx_word' id='word_1_164' title='bbox 215 1313 390 1384; x_wconf 87' lang='lat' dir='ltr'><em>peccatoris,</em></span> <span class='ocrx_word' id='word_1_165' title='bbox 406 1329 467 1370; x_wconf 93' lang='lat' dir='ltr'><em>non</em></span> <span class='ocrx_word' id='word_1_166' title='bbox 482 1313 937 1388; x_wconf 86' lang='lat' dir='ltr'><em>ejusquipeccotumnonteeit.</em></span> <span class='ocrx_word' id='word_1_167' title='bbox 994 1313 1125 1367; x_wconf 87' lang='lat' dir='ltr'><em>am&#39;mam</em></span> <span class='ocrx_word' id='word_1_168' title='bbox 1153 1327 1246 1368; x_wconf 88' lang='lat' dir='ltr'><em>meam</em></span> <span class='ocrx_word' id='word_1_169' title='bbox 1272 1313 1366 1382; x_wconf 69' lang='lat' dir='ltr'><em>[Psal.</em></span> <span class='ocrx_word' id='word_1_170' title='bbox 1383 1327 1457 1380; x_wconf 79' lang='lat' dir='ltr'><em>reru,</em></span> <span class='ocrx_word' id='word_1_171' title='bbox 1486 1309 1539 1380; x_wconf 78' lang='lat' dir='ltr'><em>le).</em></span> <span class='ocrx_word' id='word_1_172' title='bbox 1565 1311 1606 1364; x_wconf 89' lang='lat' dir='ltr'><em>lle</em></span> <span class='ocrx_word' id='word_1_173' title='bbox 1631 1306 1824 1364; x_wconf 86' lang='lat' dir='ltr'><em>afflictoribus</em></span> 
     </span>
     <span class='ocr_line' id='line_1_14' title="bbox 108 1396 1822 1476; baseline -0.002 -23"><span class='ocrx_word' id='word_1_174' title='bbox 108 1399 244 1473; x_wconf 84' lang='lat' dir='ltr'><em>Suscepit</em></span> <span class='ocrx_word' id='word_1_175' title='bbox 257 1401 346 1472; x_wconf 85' lang='lat' dir='ltr'><em>igitur</em></span> <span class='ocrx_word' id='word_1_176' title='bbox 360 1402 492 1459; x_wconf 88' lang='lat' dir='ltr'><em>alienum</em></span> <span class='ocrx_word' id='word_1_177' title='bbox 506 1419 594 1476; x_wconf 87' lang='lat' dir='ltr'><em>opus,</em></span> <span class='ocrx_word' id='word_1_178' title='bbox 615 1404 646 1460; x_wconf 92' lang='lat' dir='ltr'><em>id</em></span> <span class='ocrx_word' id='word_1_179' title='bbox 661 1407 704 1460; x_wconf 89' lang='lat' dir='ltr'><em>est</em></span> <span class='ocrx_word' id='word_1_180' title='bbox 721 1403 847 1471; x_wconf 84' lang='lat' dir='ltr'><em>tlngelln,</em></span> <span class='ocrx_word' id='word_1_181' title='bbox 864 1419 938 1475; x_wconf 82' lang='lat' dir='ltr'><em>qua·</em></span> <span class='ocrx_word' id='word_1_182' title='bbox 994 1416 1063 1455; x_wconf 81' lang='lat' dir='ltr'><em>sero</em></span> <span class='ocrx_word' id='word_1_183' title='bbox 1077 1400 1133 1455; x_wconf 88' lang='lat' dir='ltr'><em>sub</em></span> <span class='ocrx_word' id='word_1_184' title='bbox 1147 1401 1244 1476; x_wconf 87' lang='lat' dir='ltr'><em>speeie</em></span> <span class='ocrx_word' id='word_1_185' title='bbox 1268 1400 1430 1473; x_wconf 79' lang='lat' dir='ltr'><em>Babylonis</em></span> <span class='ocrx_word' id='word_1_186' title='bbox 1452 1398 1554 1455; x_wconf 83' lang='lat' dir='ltr'><em>matris</em></span> <span class='ocrx_word' id='word_1_187' title='bbox 1575 1413 1680 1453; x_wconf 90' lang='lat' dir='ltr'><em>eorum</em></span> <span class='ocrx_word' id='word_1_188' title='bbox 1695 1396 1822 1451; x_wconf 88' lang='lat' dir='ltr'><em>dieitur:</em></span> 
     </span>
     <span class='ocr_line' id='line_1_15' title="bbox 108 1477 1823 1565; baseline -0.002 -22"><span class='ocrx_word' id='word_1_189' title='bbox 108 1491 197 1544; x_wconf 87' lang='lat' dir='ltr'><em>tenus</em></span> <span class='ocrx_word' id='word_1_190' title='bbox 212 1490 252 1546; x_wconf 86' lang='lat' dir='ltr'><em>ite</em></span> <span class='ocrx_word' id='word_1_191' title='bbox 266 1491 393 1548; x_wconf 82' lang='lat' dir='ltr'><em>salvaret</em></span> <span class='ocrx_word' id='word_1_192' title='bbox 413 1497 580 1549; x_wconf 82' lang='lat' dir='ltr'><em>creaturam</em></span> <span class='ocrx_word' id='word_1_193' title='bbox 597 1509 695 1558; x_wconf 88' lang='lat' dir='ltr'><em>suam,</em></span> <span class='ocrx_word' id='word_1_194' title='bbox 709 1493 792 1565; x_wconf 89' lang='lat' dir='ltr'><em>quod</em></span> <span class='ocrx_word' id='word_1_195' title='bbox 805 1497 849 1550; x_wconf 84' lang='lat' dir='ltr'><em>est</em></span> <span class='ocrx_word' id='word_1_196' title='bbox 862 1507 940 1565; x_wconf 88' lang='lat' dir='ltr'><em>opus</em></span> <span class='ocrx_word' id='word_1_197' title='bbox 995 1489 1145 1556; x_wconf 81' lang='lat' dir='ltr'><em>Quantum</em></span> <span class='ocrx_word' id='word_1_198' title='bbox 1158 1477 1305 1553; x_wconf 72' lang='lat' dir='ltr'><em>exaltarit</em></span> <span class='ocrx_word' id='word_1_199' title='bbox 1321 1505 1360 1556; x_wconf 87' lang='lat' dir='ltr'><em>se,</em></span> <span class='ocrx_word' id='word_1_200' title='bbox 1377 1495 1403 1546; x_wconf 92' lang='lat' dir='ltr'><em>et</em></span> <span class='ocrx_word' id='word_1_201' title='bbox 1425 1491 1457 1545; x_wconf 90' lang='lat' dir='ltr'><em>in</em></span> <span class='ocrx_word' id='word_1_202' title='bbox 1478 1488 1592 1545; x_wconf 85' lang='lat' dir='ltr'><em>deliciis</em></span> <span class='ocrx_word' id='word_1_203' title='bbox 1615 1487 1686 1556; x_wconf 83' lang='lat' dir='ltr'><em>fuit,</em></span> <span class='ocrx_word' id='word_1_204' title='bbox 1705 1489 1823 1540; x_wconf 90' lang='lat' dir='ltr'><em>tantum</em></span> 
     </span>
     <span class='ocr_line' id='line_1_16' title="bbox 108 1575 1824 1648; baseline -0.002 -16"><span class='ocrx_word' id='word_1_205' title='bbox 108 1576 184 1647; x_wconf 85' lang='lat' dir='ltr'><em>ejus.</em></span> <span class='ocrx_word' id='word_1_206' title='bbox 843 1631 847 1646; x_wconf 82' lang='grc'><em>,</em></span> <span class='ocrx_word' id='word_1_207' title='bbox 994 1579 1063 1635; x_wconf 87' lang='lat' dir='ltr'><em>date</em></span> <span class='ocrx_word' id='word_1_208' title='bbox 1075 1581 1103 1634; x_wconf 91' lang='lat' dir='ltr'><em>ei</em></span> <span class='ocrx_word' id='word_1_209' title='bbox 1115 1584 1293 1634; x_wconf 86' lang='lat' dir='ltr'><em>tormentum</em></span> <span class='ocrx_word' id='word_1_210' title='bbox 1309 1583 1336 1634; x_wconf 90' lang='lat' dir='ltr'><em>et</em></span> <span class='ocrx_word' id='word_1_211' title='bbox 1352 1579 1466 1634; x_wconf 87' lang='lat' dir='ltr'><em>luctum</em></span> <span class='ocrx_word' id='word_1_212' title='bbox 1490 1577 1593 1648; x_wconf 82' lang='lat' dir='ltr'><em>(Aper.</em></span> <span class='ocrx_word' id='word_1_213' title='bbox 1607 1589 1690 1643; x_wconf 78' lang='lat' dir='ltr'><em>svm,</em></span> <span class='ocrx_word' id='word_1_214' title='bbox 1705 1575 1743 1644; x_wconf 81' lang='grc' dir='ltr'><em>Ι).</em></span> <span class='ocrx_word' id='word_1_215' title='bbox 1760 1575 1824 1629; x_wconf 89' lang='lat' dir='ltr'><em>Non</em></span> 
     </span>
     <span class='ocr_line' id='line_1_17' title="bbox 146 1659 1824 1742; baseline -0.002 -23"><span class='ocrx_word' id='word_1_216' title='bbox 146 1666 212 1721; x_wconf 83' lang='grc' dir='ltr'>ΙΙΙΙ.</span> <span class='ocrx_word' id='word_1_217' title='bbox 229 1666 350 1723; x_wconf 83' lang='lat' dir='ltr'><em>Excitsti</em></span> <span class='ocrx_word' id='word_1_218' title='bbox 363 1683 434 1737; x_wconf 84' lang='lat' dir='ltr'><em>ergo</em></span> <span class='ocrx_word' id='word_1_219' title='bbox 447 1673 490 1724; x_wconf 88' lang='lat' dir='ltr'><em>tot</em></span> <span class='ocrx_word' id='word_1_220' title='bbox 508 1667 629 1726; x_wconf 76' lang='lat' dir='ltr'><em>vocibus</em></span> <span class='ocrx_word' id='word_1_221' title='bbox 644 1673 874 1742; x_wconf 66' lang='lat' dir='ltr'><em>preceptorum,</em></span> <span class='ocrx_word' id='word_1_222' title='bbox 888 1669 977 1734; x_wconf 67' lang='lat' dir='ltr'><em>adn</em></span> <span class='ocrx_word' id='word_1_223' title='bbox 993 1666 1093 1738; x_wconf 87' lang='lat' dir='ltr'><em>iteque</em></span> <span class='ocrx_word' id='word_1_224' title='bbox 1109 1666 1251 1736; x_wconf 81' lang='lat' dir='ltr'><em>glorietur</em></span> <span class='ocrx_word' id='word_1_225' title='bbox 1265 1666 1366 1724; x_wconf 80' lang='lat' dir='ltr'><em>tunsus</em></span> <span class='ocrx_word' id='word_1_226' title='bbox 1381 1665 1404 1727; x_wconf 81' lang='lat' dir='ltr'><em>si</em></span> <span class='ocrx_word' id='word_1_227' title='bbox 1420 1665 1576 1730; x_wconf 78' lang='lat' dir='ltr'><em>exaltetur,</em></span> <span class='ocrx_word' id='word_1_228' title='bbox 1593 1662 1623 1718; x_wconf 92' lang='lat' dir='ltr'><em>id</em></span> <span class='ocrx_word' id='word_1_229' title='bbox 1638 1665 1691 1730; x_wconf 90' lang='lat' dir='ltr'><em>est,</em></span> <span class='ocrx_word' id='word_1_230' title='bbox 1713 1659 1824 1716; x_wconf 89' lang='lat' dir='ltr'><em>inimici</em></span> 
     </span>
     <span class='ocr_line' id='line_1_18' title="bbox 105 1747 1826 1830; baseline -0.001 -23"><span class='ocrx_word' id='word_1_231' title='bbox 105 1753 161 1823; x_wconf 88' lang='lat' dir='ltr'><em>juti</em></span> <span class='ocrx_word' id='word_1_232' title='bbox 192 1759 234 1811; x_wconf 93' lang='lat' dir='ltr'><em>tot</em></span> <span class='ocrx_word' id='word_1_233' title='bbox 257 1756 533 1828; x_wconf 83' lang='lat' dir='ltr'><em>comparationibus</em></span> <span class='ocrx_word' id='word_1_234' title='bbox 562 1757 780 1830; x_wconf 83' lang='lat' dir='ltr'><em>exemplorum,</em></span> <span class='ocrx_word' id='word_1_235' title='bbox 799 1775 938 1814; x_wconf 82' lang='lat' dir='ltr'><em>ememus</em></span> <span class='ocrx_word' id='word_1_236' title='bbox 994 1755 1110 1812; x_wconf 85' lang='lat' dir='ltr'><em>Domini</em></span> <span class='ocrx_word' id='word_1_237' title='bbox 1126 1755 1151 1810; x_wconf 86' lang='lat' dir='ltr'><em>si</em></span> <span class='ocrx_word' id='word_1_238' title='bbox 1164 1754 1329 1828; x_wconf 71' lang='lat' dir='ltr'><em>praevalent</em></span> <span class='ocrx_word' id='word_1_239' title='bbox 1343 1754 1415 1826; x_wconf 85' lang='lat' dir='ltr'><em>quia</em></span> <span class='ocrx_word' id='word_1_240' title='bbox 1430 1754 1531 1809; x_wconf 85' lang='lat' dir='ltr'><em>tumus</em></span> <span class='ocrx_word' id='word_1_241' title='bbox 1547 1749 1740 1808; x_wconf 80' lang='lat' dir='ltr'><em>ascendendo</em></span> <span class='ocrx_word' id='word_1_242' title='bbox 1755 1747 1826 1806; x_wconf 81' lang='lat' dir='ltr'><em>tecit</em></span> 
     </span>
     <span class='ocr_line' id='line_1_19' title="bbox 107 1834 1825 1918; baseline -0.003 -23"><span class='ocrx_word' id='word_1_243' title='bbox 107 1842 157 1897; x_wconf 88' lang='lat' dir='ltr'><em>Dei</em></span> <span class='ocrx_word' id='word_1_244' title='bbox 170 1843 336 1914; x_wconf 78' lang='lat' dir='ltr'><em>Judioium:</em></span> <span class='ocrx_word' id='word_1_245' title='bbox 351 1846 422 1901; x_wconf 86' lang='lat' dir='ltr'><em>certi</em></span> <span class='ocrx_word' id='word_1_246' title='bbox 436 1845 521 1918; x_wconf 87' lang='lat' dir='ltr'><em>quod</em></span> <span class='ocrx_word' id='word_1_247' title='bbox 542 1845 572 1901; x_wconf 94' lang='lat' dir='ltr'><em>in</em></span> <span class='ocrx_word' id='word_1_248' title='bbox 586 1846 752 1902; x_wconf 89' lang='lat' dir='ltr'><em>humilibus</em></span> <span class='ocrx_word' id='word_1_249' title='bbox 768 1847 938 1903; x_wconf 84' lang='lat' dir='ltr'><em>amaritudo</em></span> <span class='ocrx_word' id='word_1_250' title='bbox 993 1847 1026 1899; x_wconf 90' lang='lat' dir='ltr'><em>ut</em></span> <span class='ocrx_word' id='word_1_251' title='bbox 1046 1859 1108 1898; x_wconf 90' lang='lat' dir='ltr'><em>non</em></span> <span class='ocrx_word' id='word_1_252' title='bbox 1124 1843 1169 1898; x_wconf 90' lang='lat' dir='ltr'><em>sit.</em></span> <span class='ocrx_word' id='word_1_253' title='bbox 1189 1843 1361 1898; x_wconf 78' lang='lat' dir='ltr'><em>mistorum</em></span> <span class='ocrx_word' id='word_1_254' title='bbox 1376 1857 1449 1898; x_wconf 86' lang='lat' dir='ltr'><em>voce</em></span> <span class='ocrx_word' id='word_1_255' title='bbox 1469 1840 1590 1897; x_wconf 89' lang='lat' dir='ltr'><em>dicitur:</em></span> <span class='ocrx_word' id='word_1_256' title='bbox 1608 1839 1738 1894; x_wconf 73' lang='lat' dir='ltr'><em>liberans</em></span> <span class='ocrx_word' id='word_1_257' title='bbox 1757 1834 1825 1890; x_wconf 89' lang='lat' dir='ltr'><em>atli-</em></span> 
     </span>
     <span class='ocr_line' id='line_1_20' title="bbox 106 1921 1825 2014; baseline -0.005 -28"><span class='ocrx_word' id='word_1_258' title='bbox 106 1932 262 2002; x_wconf 82' lang='lat' dir='ltr'><em>praesentis</em></span> <span class='ocrx_word' id='word_1_259' title='bbox 270 1934 415 2003; x_wconf 73' lang='lat' dir='ltr'><em>angustie</em></span> <span class='ocrx_word' id='word_1_260' title='bbox 426 1933 586 2004; x_wconf 84' lang='lat' dir='ltr'><em>exstinguit</em></span> <span class='ocrx_word' id='word_1_261' title='bbox 595 1935 743 2014; x_wconf 71' lang='lat' dir='ltr'><em>supplicis</em></span> <span class='ocrx_word' id='word_1_262' title='bbox 753 1951 936 2012; x_wconf 69' lang='lat' dir='ltr'><em>permanen·</em></span> <span class='ocrx_word' id='word_1_263' title='bbox 993 1933 1059 1992; x_wconf 83' lang='lat' dir='ltr'><em>sisti</em></span> <span class='ocrx_word' id='word_1_264' title='bbox 1069 1931 1220 1998; x_wconf 80' lang='lat' dir='ltr'><em>rnetPsot,</em></span> <span class='ocrx_word' id='word_1_265' title='bbox 1235 1947 1272 2001; x_wconf 82' lang='lat' dir='ltr'><em>cr,</em></span> <span class='ocrx_word' id='word_1_266' title='bbox 1284 1934 1338 1995; x_wconf 72' lang='lat' dir='ltr'><em>ti).</em></span> <span class='ocrx_word' id='word_1_267' title='bbox 1353 1929 1460 1988; x_wconf 81' lang='lat' dir='ltr'><em>Pusillo</em></span> <span class='ocrx_word' id='word_1_268' title='bbox 1472 1933 1572 1986; x_wconf 86' lang='lat' dir='ltr'><em>eutem</em></span> <span class='ocrx_word' id='word_1_269' title='bbox 1587 1926 1669 1998; x_wconf 81' lang='lat' dir='ltr'><em>gregi</em></span> <span class='ocrx_word' id='word_1_270' title='bbox 1684 1939 1739 1980; x_wconf 89' lang='lat' dir='ltr'><em>suo</em></span> <span class='ocrx_word' id='word_1_271' title='bbox 1753 1921 1825 1978; x_wconf 89' lang='lat' dir='ltr'><em>dicit</em></span> 
     </span>
     <span class='ocr_line' id='line_1_21' title="bbox 107 2013 1824 2096; baseline -0.004 -21"><span class='ocrx_word' id='word_1_272' title='bbox 107 2019 222 2075; x_wconf 80' lang='lat' dir='ltr'><em>lisine.</em></span> <span class='ocrx_word' id='word_1_273' title='bbox 238 2025 295 2076; x_wconf 86' lang='lat' dir='ltr'><em>Nos</em></span> <span class='ocrx_word' id='word_1_274' title='bbox 309 2037 378 2092; x_wconf 81' lang='lat' dir='ltr'><em>ergo</em></span> <span class='ocrx_word' id='word_1_275' title='bbox 393 2021 531 2094; x_wconf 85' lang='lat' dir='ltr'><em>quemvis</em></span> <span class='ocrx_word' id='word_1_276' title='bbox 546 2021 671 2092; x_wconf 82' lang='lat' dir='ltr'><em>flagellis</em></span> <span class='ocrx_word' id='word_1_277' title='bbox 685 2023 933 2096; x_wconf 85' lang='lat' dir='ltr'><em>oincli,quemvis</em></span> <span class='ocrx_word' id='word_1_278' title='bbox 996 2018 1119 2090; x_wconf 83' lang='lat' dir='ltr'><em>Spiritus</em></span> <span class='ocrx_word' id='word_1_279' title='bbox 1141 2023 1280 2075; x_wconf 81' lang='lat' dir='ltr'><em>sanctus:</em></span> <span class='ocrx_word' id='word_1_280' title='bbox 1306 2020 1377 2084; x_wconf 82' lang='lat' dir='ltr'><em>Fili,</em></span> <span class='ocrx_word' id='word_1_281' title='bbox 1399 2019 1464 2074; x_wconf 87' lang='lat' dir='ltr'><em>nali</em></span> <span class='ocrx_word' id='word_1_282' title='bbox 1477 2017 1601 2086; x_wconf 77' lang='lat' dir='ltr'><em>deficere</em></span> <span class='ocrx_word' id='word_1_283' title='bbox 1627 2030 1645 2070; x_wconf 88' lang='lat' dir='ltr'><em>a</em></span> <span class='ocrx_word' id='word_1_284' title='bbox 1662 2013 1824 2082; x_wconf 75' lang='lat' dir='ltr'><em>disciplina</em></span> 
     </span>
     <span class='ocr_line' id='line_1_22' title="bbox 106 2100 1822 2184; baseline -0.007 -18"><span class='ocrx_word' id='word_1_285' title='bbox 106 2124 165 2180; x_wconf 86' lang='lat' dir='ltr'><em>pro</em></span> <span class='ocrx_word' id='word_1_286' title='bbox 191 2114 276 2180; x_wconf 84' lang='lat' dir='ltr'><em>perte</em></span> <span class='ocrx_word' id='word_1_287' title='bbox 302 2109 399 2166; x_wconf 84' lang='lat' dir='ltr'><em>cernis</em></span> <span class='ocrx_word' id='word_1_288' title='bbox 425 2111 644 2174; x_wconf 89' lang='lat' dir='ltr'><em>contristemur,</em></span> <span class='ocrx_word' id='word_1_289' title='bbox 661 2117 760 2168; x_wconf 83' lang='lat' dir='ltr'><em>tamen</em></span> <span class='ocrx_word' id='word_1_290' title='bbox 783 2112 813 2167; x_wconf 92' lang='lat' dir='ltr'><em>in</em></span> <span class='ocrx_word' id='word_1_291' title='bbox 836 2112 940 2184; x_wconf 89' lang='lat' dir='ltr'><em>spiritu</em></span> <span class='ocrx_word' id='word_1_292' title='bbox 994 2108 1115 2162; x_wconf 84' lang='lat' dir='ltr'><em>Domini</em></span> <span class='ocrx_word' id='word_1_293' title='bbox 1125 2107 1226 2176; x_wconf 85' lang='lat' dir='ltr'><em>(Pron.</em></span> <span class='ocrx_word' id='word_1_294' title='bbox 1243 2123 1284 2174; x_wconf 89' lang='lat'><em>111,</em></span> <span class='ocrx_word' id='word_1_295' title='bbox 1299 2111 1353 2174; x_wconf 85' lang='lat' dir='ltr'><em>ll),</em></span> <span class='ocrx_word' id='word_1_296' title='bbox 1370 2111 1424 2162; x_wconf 88' lang='lat' dir='ltr'><em>etc.</em></span> <span class='ocrx_word' id='word_1_297' title='bbox 1438 2109 1471 2161; x_wconf 86' lang='lat' dir='ltr'><em>Et</em></span> <span class='ocrx_word' id='word_1_298' title='bbox 1485 2105 1556 2160; x_wconf 89' lang='lat' dir='ltr'><em>item</em></span> <span class='ocrx_word' id='word_1_299' title='bbox 1567 2119 1620 2177; x_wconf 91' lang='lat' dir='ltr'><em>per</em></span> <span class='ocrx_word' id='word_1_300' title='bbox 1630 2100 1822 2174; x_wconf 82' lang='lat' dir='ltr'><em>Apostolum:</em></span> 
     </span>
     <span class='ocr_line' id='line_1_23' title="bbox 106 2189 1822 2271; baseline -0.002 -21"><span class='ocrx_word' id='word_1_301' title='bbox 106 2195 255 2265; x_wconf 81' lang='lat' dir='ltr'><em>laetemur,</em></span> <span class='ocrx_word' id='word_1_302' title='bbox 271 2197 426 2254; x_wconf 86' lang='lat' dir='ltr'><em>utilitatem</em></span> <span class='ocrx_word' id='word_1_303' title='bbox 449 2197 618 2255; x_wconf 83' lang='lat' dir='ltr'><em>afflictionis</em></span> <span class='ocrx_word' id='word_1_304' title='bbox 642 2199 890 2271; x_wconf 76' lang='lat' dir='ltr'><em>contemplanter.</em></span> <span class='ocrx_word' id='word_1_305' title='bbox 908 2203 942 2256; x_wconf 87' lang='lat' dir='ltr'><em>Et</em></span> <span class='ocrx_word' id='word_1_306' title='bbox 996 2195 1066 2263; x_wconf 82' lang='lat' dir='ltr'><em>Quis</em></span> <span class='ocrx_word' id='word_1_307' title='bbox 1089 2197 1166 2251; x_wconf 84' lang='lat' dir='ltr'><em>enim</em></span> <span class='ocrx_word' id='word_1_308' title='bbox 1182 2201 1234 2263; x_wconf 88' lang='lat' dir='ltr'><em>est,</em></span> <span class='ocrx_word' id='word_1_309' title='bbox 1257 2211 1342 2267; x_wconf 86' lang='lat' dir='ltr'><em>quem</em></span> <span class='ocrx_word' id='word_1_310' title='bbox 1362 2210 1423 2252; x_wconf 89' lang='lat' dir='ltr'><em>non</em></span> <span class='ocrx_word' id='word_1_311' title='bbox 1443 2194 1567 2264; x_wconf 85' lang='lat' dir='ltr'><em>corripit</em></span> <span class='ocrx_word' id='word_1_312' title='bbox 1587 2193 1697 2262; x_wconf 83' lang='lat' dir='ltr'><em>pater?</em></span> <span class='ocrx_word' id='word_1_313' title='bbox 1722 2189 1822 2260; x_wconf 82' lang='lat' dir='ltr'><em>(Hebr.</em></span> 
     </span>
     <span class='ocr_line' id='line_1_24' title="bbox 105 2279 1823 2360; baseline -0.004 -19"><span class='ocrx_word' id='word_1_314' title='bbox 105 2285 259 2344; x_wconf 85' lang='lat' dir='ltr'><em>orandum</em></span> <span class='ocrx_word' id='word_1_315' title='bbox 287 2287 410 2359; x_wconf 81' lang='lat' dir='ltr'><em>quidem</em></span> <span class='ocrx_word' id='word_1_316' title='bbox 425 2302 481 2360; x_wconf 90' lang='lat' dir='ltr'><em>pro</em></span> <span class='ocrx_word' id='word_1_317' title='bbox 509 2287 705 2344; x_wconf 82' lang='lat' dir='ltr'><em>afflictoribus</em></span> <span class='ocrx_word' id='word_1_318' title='bbox 724 2293 779 2345; x_wconf 84' lang='lat' dir='ltr'><em>est.</em></span> <span class='ocrx_word' id='word_1_319' title='bbox 801 2292 940 2346; x_wconf 79' lang='lat' dir='ltr'><em>Attamen</em></span> <span class='ocrx_word' id='word_1_320' title='bbox 995 2289 1097 2352; x_wconf 73' lang='lat' dir='ltr'><em>111,7l.</em></span> <span class='ocrx_word' id='word_1_321' title='bbox 1115 2287 1148 2342; x_wconf 83' lang='lat' dir='ltr'><em>lit</em></span> <span class='ocrx_word' id='word_1_322' title='bbox 1161 2284 1191 2339; x_wconf 88' lang='lat' dir='ltr'><em>in</em></span> <span class='ocrx_word' id='word_1_323' title='bbox 1211 2283 1337 2340; x_wconf 71' lang='lat' dir='ltr'><em>eademi</em></span> <span class='ocrx_word' id='word_1_324' title='bbox 1364 2283 1471 2340; x_wconf 85' lang='lat' dir='ltr'><em>Patres</em></span> <span class='ocrx_word' id='word_1_325' title='bbox 1494 2282 1631 2339; x_wconf 76' lang='lat' dir='ltr'><em>cumolos</em></span> <span class='ocrx_word' id='word_1_326' title='bbox 1654 2279 1823 2348; x_wconf 86' lang='lat' dir='ltr'><em>babuimus,</em></span> 
     </span>
     <span class='ocr_line' id='line_1_25' title="bbox 108 2367 1824 2450; baseline -0.002 -22"><span class='ocrx_word' id='word_1_327' title='bbox 108 2373 133 2428; x_wconf 86' lang='lat' dir='ltr'><em>si</em></span> <span class='ocrx_word' id='word_1_328' title='bbox 148 2387 209 2429; x_wconf 89' lang='lat' dir='ltr'><em>non</em></span> <span class='ocrx_word' id='word_1_329' title='bbox 232 2375 432 2448; x_wconf 87' lang='lat' dir='ltr'><em>resipuerunt,</em></span> <span class='ocrx_word' id='word_1_330' title='bbox 449 2389 529 2446; x_wconf 90' lang='lat' dir='ltr'><em>oum,</em></span> <span class='ocrx_word' id='word_1_331' title='bbox 547 2376 633 2446; x_wconf 79' lang='lat' dir='ltr'><em>Juxta</em></span> <span class='ocrx_word' id='word_1_332' title='bbox 649 2375 767 2444; x_wconf 80' lang='lat' dir='ltr'><em>lentem,</em></span> <span class='ocrx_word' id='word_1_333' title='bbox 783 2376 939 2450; x_wconf 72' lang='lat' dir='ltr'><em>deprendo·</em></span> <span class='ocrx_word' id='word_1_334' title='bbox 993 2379 1022 2430; x_wconf 82' lang='lat' dir='ltr'><em>et</em></span> <span class='ocrx_word' id='word_1_335' title='bbox 1042 2374 1252 2430; x_wconf 80' lang='lat' dir='ltr'><em>reverebamur</em></span> <span class='ocrx_word' id='word_1_336' title='bbox 1275 2374 1441 2430; x_wconf 82' lang='lat' dir='ltr'><em>eruditores</em></span> <span class='ocrx_word' id='word_1_337' title='bbox 1456 2388 1514 2436; x_wconf 86' lang='lat' dir='ltr'><em>eos,</em></span> <span class='ocrx_word' id='word_1_338' title='bbox 1536 2387 1596 2427; x_wconf 80' lang='lat' dir='ltr'><em>non</em></span> <span class='ocrx_word' id='word_1_339' title='bbox 1617 2367 1824 2439; x_wconf 75' lang='lat' dir='ltr'><em>multomagis</em></span> 
     </span>
     <span class='ocr_line' id='line_1_26' title="bbox 105 2458 1825 2537; baseline -0.003 -19"><span class='ocrx_word' id='word_1_340' title='bbox 105 2460 216 2518; x_wconf 87' lang='lat' dir='ltr'><em>tionem</em></span> <span class='ocrx_word' id='word_1_341' title='bbox 231 2463 516 2532; x_wconf 80' lang='lat' dir='ltr'><em>eonsummsverint,</em></span> <span class='ocrx_word' id='word_1_342' title='bbox 531 2463 817 2537; x_wconf 72' lang='lat' dir='ltr'><em>prndedsemonum</em></span> <span class='ocrx_word' id='word_1_343' title='bbox 842 2469 938 2522; x_wconf 83' lang='lat' dir='ltr'><em>erunt.</em></span> <span class='ocrx_word' id='word_1_344' title='bbox 972 2461 1264 2530; x_wconf 60' lang='lat' dir='ltr'><em>obtemperabimus</em></span> <span class='ocrx_word' id='word_1_345' title='bbox 1292 2462 1382 2516; x_wconf 87' lang='lat' dir='ltr'><em>Patri</em></span> <span class='ocrx_word' id='word_1_346' title='bbox 1406 2462 1576 2530; x_wconf 72' lang='lat' dir='ltr'><em>spirituum,</em></span> <span class='ocrx_word' id='word_1_347' title='bbox 1599 2463 1626 2514; x_wconf 91' lang='lat' dir='ltr'><em>et</em></span> <span class='ocrx_word' id='word_1_348' title='bbox 1655 2458 1825 2514; x_wconf 77' lang='lat' dir='ltr'><em>nisenus?</em></span> 
     </span>
     <span class='ocr_line' id='line_1_27' title="bbox 107 2544 1824 2624; baseline -0.003 -19"><span class='ocrx_word' id='word_1_349' title='bbox 107 2552 141 2606; x_wconf 83' lang='lat' dir='ltr'><em>m</em></span> <span class='ocrx_word' id='word_1_350' title='bbox 165 2551 286 2608; x_wconf 86' lang='lat' dir='ltr'><em>siontin</em></span> <span class='ocrx_word' id='word_1_351' title='bbox 319 2551 513 2624; x_wconf 79' lang='lat' dir='ltr'><em>Septuaginta</em></span> <span class='ocrx_word' id='word_1_352' title='bbox 549 2550 665 2622; x_wconf 84' lang='lat' dir='ltr'><em>legitur,</em></span> <span class='ocrx_word' id='word_1_353' title='bbox 696 2551 823 2609; x_wconf 84' lang='lat' dir='ltr'><em>offliotos</em></span> <span class='ocrx_word' id='word_1_354' title='bbox 849 2553 940 2609; x_wconf 82' lang='lat' dir='ltr'><em>etism</em></span> <span class='ocrx_word' id='word_1_355' title='bbox 994 2551 1097 2617; x_wconf 83' lang='lat' dir='ltr'><em>(Hebr.</em></span> <span class='ocrx_word' id='word_1_356' title='bbox 1114 2565 1164 2619; x_wconf 89' lang='lat' dir='ltr'><em>xu,</em></span> <span class='ocrx_word' id='word_1_357' title='bbox 1179 2549 1206 2621; x_wconf 85' lang='lat' dir='ltr'><em>r)</em></span> <span class='ocrx_word' id='word_1_358' title='bbox 1242 2551 1432 2623; x_wconf 71' lang='lat' dir='ltr'><em>Quapropter</em></span> <span class='ocrx_word' id='word_1_359' title='bbox 1445 2553 1570 2621; x_wconf 77' lang='lat' dir='ltr'><em>peteme</em></span> <span class='ocrx_word' id='word_1_360' title='bbox 1584 2545 1710 2616; x_wconf 64' lang='lat' dir='ltr'><em>menta</em></span> <span class='ocrx_word' id='word_1_361' title='bbox 1725 2544 1824 2602; x_wconf 89' lang='lat' dir='ltr'><em>delec-</em></span> 
     </span>
     <span class='ocr_line' id='line_1_28' title="bbox 106 2633 1824 2710; baseline -0.004 -14"><span class='ocrx_word' id='word_1_362' title='bbox 106 2639 278 2696; x_wconf 85' lang='lat' dir='ltr'><em>delllorum</em></span> <span class='ocrx_word' id='word_1_363' title='bbox 295 2640 489 2698; x_wconf 73' lang='lat' dir='ltr'><em>interituros</em></span> <span class='ocrx_word' id='word_1_364' title='bbox 503 2640 606 2698; x_wconf 81' lang='lat' dir='ltr'><em>divine</em></span> <span class='ocrx_word' id='word_1_365' title='bbox 628 2641 804 2698; x_wconf 83' lang='lat' dir='ltr'><em>consoletur</em></span> <span class='ocrx_word' id='word_1_366' title='bbox 818 2642 937 2699; x_wconf 85' lang='lat' dir='ltr'><em>dicens:</em></span> <span class='ocrx_word' id='word_1_367' title='bbox 994 2639 1131 2702; x_wconf 73' lang='lat' dir='ltr'><em>labiliter,</em></span> <span class='ocrx_word' id='word_1_368' title='bbox 1156 2642 1189 2694; x_wconf 90' lang='lat' dir='ltr'><em>ut</em></span> <span class='ocrx_word' id='word_1_369' title='bbox 1207 2638 1248 2695; x_wconf 86' lang='lat' dir='ltr'><em>tls</em></span> <span class='ocrx_word' id='word_1_370' title='bbox 1270 2639 1381 2710; x_wconf 81' lang='lat' dir='ltr'><em>dicem,</em></span> <span class='ocrx_word' id='word_1_371' title='bbox 1410 2653 1473 2693; x_wconf 92' lang='lat' dir='ltr'><em>non</em></span> <span class='ocrx_word' id='word_1_372' title='bbox 1497 2637 1666 2702; x_wconf 83' lang='lat' dir='ltr'><em>mordeant,</em></span> <span class='ocrx_word' id='word_1_373' title='bbox 1693 2633 1824 2690; x_wconf 78' lang='lat' dir='ltr'><em>suaviter</em></span> 
     </span>
     <span class='ocr_line' id='line_1_29' title="bbox 111 2723 1823 2801; baseline -0.002 -17"><span class='ocrx_word' id='word_1_374' title='bbox 111 2729 161 2785; x_wconf 71' lang='lat' dir='ltr'><em>Vn·</em></span> <span class='ocrx_word' id='word_1_375' title='bbox 173 2731 226 2800; x_wconf 79' lang='lat' dir='ltr'><em>qui</em></span> <span class='ocrx_word' id='word_1_376' title='bbox 239 2745 290 2786; x_wconf 88' lang='lat' dir='ltr'><em>nos</em></span> <span class='ocrx_word' id='word_1_377' title='bbox 304 2730 425 2786; x_wconf 86' lang='lat' dir='ltr'><em>miseros</em></span> <span class='ocrx_word' id='word_1_378' title='bbox 438 2731 568 2800; x_wconf 69' lang='lat' dir='ltr'><em>sumunt,</em></span> <span class='ocrx_word' id='word_1_379' title='bbox 587 2732 658 2801; x_wconf 84' lang='lat' dir='ltr'><em>quio</em></span> <span class='ocrx_word' id='word_1_380' title='bbox 683 2732 936 2800; x_wconf 83' lang='lat' dir='ltr'><em>reprobabuntur.</em></span> <span class='ocrx_word' id='word_1_381' title='bbox 993 2729 1172 2794; x_wconf 81' lang='lat' dir='ltr'><em>exorucient,</em></span> <span class='ocrx_word' id='word_1_382' title='bbox 1186 2726 1318 2792; x_wconf 86' lang='lat' dir='ltr'><em>bilsriter</em></span> <span class='ocrx_word' id='word_1_383' title='bbox 1339 2726 1523 2792; x_wconf 80' lang='lat' dir='ltr'><em>contristent,</em></span> <span class='ocrx_word' id='word_1_384' title='bbox 1539 2723 1685 2798; x_wconf 82' lang='lat' dir='ltr'><em>quonium</em></span> <span class='ocrx_word' id='word_1_385' title='bbox 1700 2723 1725 2778; x_wconf 82' lang='lat' dir='ltr'><em>si</em></span> <span class='ocrx_word' id='word_1_386' title='bbox 1740 2737 1823 2780; x_wconf 88' lang='lat' dir='ltr'><em>com-</em></span> 
     </span>
     <span class='ocr_line' id='line_1_30' title="bbox 106 2809 1823 2891; baseline -0.004 -18"><span class='ocrx_word' id='word_1_387' title='bbox 106 2821 178 2873; x_wconf 80' lang='lat' dir='ltr'><em>item</em></span> <span class='ocrx_word' id='word_1_388' title='bbox 191 2817 221 2873; x_wconf 86' lang='lat' dir='ltr'><em>in</em></span> <span class='ocrx_word' id='word_1_389' title='bbox 244 2817 351 2878; x_wconf 88' lang='lat' dir='ltr'><em>eodem</em></span> <span class='ocrx_word' id='word_1_390' title='bbox 372 2819 534 2891; x_wconf 78' lang='lat' dir='ltr'><em>propheta:</em></span> <span class='ocrx_word' id='word_1_391' title='bbox 551 2819 597 2873; x_wconf 73' lang='lat' dir='ltr'><em>‚td</em></span> <span class='ocrx_word' id='word_1_392' title='bbox 615 2825 760 2888; x_wconf 86' lang='lat' dir='ltr'><em>punctum</em></span> <span class='ocrx_word' id='word_1_393' title='bbox 784 2821 857 2875; x_wconf 89' lang='lat' dir='ltr'><em>etin</em></span> <span class='ocrx_word' id='word_1_394' title='bbox 876 2835 937 2874; x_wconf 87' lang='lat' dir='ltr'><em>mo·</em></span> <span class='ocrx_word' id='word_1_395' title='bbox 993 2816 1125 2887; x_wconf 85' lang='lat' dir='ltr'><em>petimur</em></span> <span class='ocrx_word' id='word_1_396' title='bbox 1139 2819 1168 2871; x_wconf 88' lang='lat' dir='ltr'><em>et</em></span> <span class='ocrx_word' id='word_1_397' title='bbox 1193 2814 1460 2884; x_wconf 80' lang='lat' dir='ltr'><em>conregnabimus.</em></span> <span class='ocrx_word' id='word_1_398' title='bbox 1476 2815 1602 2870; x_wconf 79' lang='lat' dir='ltr'><em>Pelorus</em></span> <span class='ocrx_word' id='word_1_399' title='bbox 1615 2828 1686 2868; x_wconf 84' lang='lat' dir='ltr'><em>vero</em></span> <span class='ocrx_word' id='word_1_400' title='bbox 1702 2809 1823 2881; x_wconf 78' lang='lat' dir='ltr'><em>flogella</em></span> 
     </span>
     <span class='ocr_line' id='line_1_31' title="bbox 104 2898 1824 2980; baseline -0.005 -16"><span class='ocrx_word' id='word_1_401' title='bbox 104 2908 173 2964; x_wconf 82' lang='lat' dir='ltr'><em>atico</em></span> <span class='ocrx_word' id='word_1_402' title='bbox 184 2907 378 2979; x_wconf 79' lang='lat' dir='ltr'><em>dereliquite,</em></span> <span class='ocrx_word' id='word_1_403' title='bbox 393 2909 590 2980; x_wconf 83' lang='lat' dir='ltr'><em>paupercula,</em></span> <span class='ocrx_word' id='word_1_404' title='bbox 604 2909 936 2978; x_wconf 80' lang='lat' dir='ltr'><em>tempestateconnutsa,</em></span> <span class='ocrx_word' id='word_1_405' title='bbox 992 2904 1130 2971; x_wconf 84' lang='lat' dir='ltr'><em>dixerim,</em></span> <span class='ocrx_word' id='word_1_406' title='bbox 1146 2904 1218 2976; x_wconf 80' lang='lat' dir='ltr'><em>qllie</em></span> <span class='ocrx_word' id='word_1_407' title='bbox 1231 2904 1299 2959; x_wconf 89' lang='lat' dir='ltr'><em>lieet</em></span> <span class='ocrx_word' id='word_1_408' title='bbox 1324 2918 1472 2972; x_wconf 73' lang='lat' dir='ltr'><em>magnum</em></span> <span class='ocrx_word' id='word_1_409' title='bbox 1494 2902 1531 2962; x_wconf 82' lang='lat' dir='ltr'><em>sit</em></span> <span class='ocrx_word' id='word_1_410' title='bbox 1553 2901 1696 2974; x_wconf 79' lang='lat' dir='ltr'><em>cuiquem</em></span> <span class='ocrx_word' id='word_1_411' title='bbox 1722 2898 1824 2956; x_wconf 75' lang='lat' dir='ltr'><em>reneri</em></span> 
     </span>
     <span class='ocr_line' id='line_1_32' title="bbox 105 2989 1821 3080; baseline -0.005 -28"><span class='ocrx_word' id='word_1_412' title='bbox 105 2998 218 3069; x_wconf 78' lang='lat' dir='ltr'><em>absque</em></span> <span class='ocrx_word' id='word_1_413' title='bbox 243 2998 310 3053; x_wconf 86' lang='lat' dir='ltr'><em>nlla</em></span> <span class='ocrx_word' id='word_1_414' title='bbox 337 2998 539 3054; x_wconf 83' lang='lat' dir='ltr'><em>consolatione</em></span> <span class='ocrx_word' id='word_1_415' title='bbox 565 2997 617 3053; x_wconf 86' lang='lat' dir='ltr'><em>sed</em></span> <span class='ocrx_word' id='word_1_416' title='bbox 641 2998 673 3053; x_wconf 90' lang='lat' dir='ltr'><em>in</em></span> <span class='ocrx_word' id='word_1_417' title='bbox 700 2997 938 3054; x_wconf 83' lang='lat' dir='ltr'><em>miserationibus</em></span> <span class='ocrx_word' id='word_1_418' title='bbox 957 3009 1113 3080; x_wconf 69' lang='lat' dir='ltr'><em>enervam</em></span> <span class='ocrx_word' id='word_1_419' title='bbox 1134 2993 1194 3060; x_wconf 80' lang='lat' dir='ltr'><em>nst,</em></span> <span class='ocrx_word' id='word_1_420' title='bbox 1219 2997 1321 3049; x_wconf 85' lang='lat' dir='ltr'><em>temen</em></span> <span class='ocrx_word' id='word_1_421' title='bbox 1351 2989 1464 3060; x_wconf 70' lang='lat' dir='ltr'><em>afflicti,</em></span> <span class='ocrx_word' id='word_1_422' title='bbox 1488 2995 1521 3046; x_wconf 90' lang='lat' dir='ltr'><em>ut</em></span> <span class='ocrx_word' id='word_1_423' title='bbox 1548 2991 1589 3046; x_wconf 87' lang='lat' dir='ltr'><em>eit</em></span> <span class='ocrx_word' id='word_1_424' title='bbox 1613 2989 1821 3060; x_wconf 82' lang='lat' dir='ltr'><em>lliernnymus,</em></span> 
     </span>
     <span class='ocr_line' id='line_1_33' title="bbox 104 3075 1823 3156; baseline -0.007 -15"><span class='ocrx_word' id='word_1_425' title='bbox 104 3086 208 3141; x_wconf 88' lang='lat' dir='ltr'><em>multis</em></span> <span class='ocrx_word' id='word_1_426' title='bbox 222 3086 359 3142; x_wconf 80' lang='lat' dir='ltr'><em>misertus</em></span> <span class='ocrx_word' id='word_1_427' title='bbox 372 3101 438 3141; x_wconf 88' lang='lat' dir='ltr'><em>sum</em></span> <span class='ocrx_word' id='word_1_428' title='bbox 452 3086 498 3140; x_wconf 89' lang='lat' dir='ltr'><em>tui</em></span> <span class='ocrx_word' id='word_1_429' title='bbox 511 3085 581 3156; x_wconf 82' lang='lat' dir='ltr'><em>(lec.</em></span> <span class='ocrx_word' id='word_1_430' title='bbox 595 3101 651 3152; x_wconf 82' lang='lat' dir='ltr'><em>mv,</em></span> <span class='ocrx_word' id='word_1_431' title='bbox 668 3089 695 3154; x_wconf 87' lang='lat' dir='ltr'><em>¹l,</em></span> <span class='ocrx_word' id='word_1_432' title='bbox 712 3087 740 3156; x_wconf 86' lang='lat'><em>8,</em></span> <span class='ocrx_word' id='word_1_433' title='bbox 763 3088 816 3154; x_wconf 79' lang='grc' dir='ltr'>ΙΙΙ,</span> <span class='ocrx_word' id='word_1_434' title='bbox 833 3089 860 3140; x_wconf 84' lang='lat' dir='ltr'><em>et</em></span> <span class='ocrx_word' id='word_1_435' title='bbox 880 3086 939 3140; x_wconf 89' lang='lat' dir='ltr'><em>luti</em></span> <span class='ocrx_word' id='word_1_436' title='bbox 990 3099 1053 3138; x_wconf 89' lang='lat' dir='ltr'><em>non</em></span> <span class='ocrx_word' id='word_1_437' title='bbox 1065 3087 1212 3138; x_wconf 80' lang='lat' dir='ltr'><em>vocentur</em></span> <span class='ocrx_word' id='word_1_438' title='bbox 1224 3081 1371 3150; x_wconf 70' lang='lat' dir='ltr'><em>servimen</em></span> <span class='ocrx_word' id='word_1_439' title='bbox 1387 3079 1475 3135; x_wconf 82' lang='lat' dir='ltr'><em>amici</em></span> <span class='ocrx_word' id='word_1_440' title='bbox 1490 3075 1716 3150; x_wconf 73' lang='lat' dir='ltr'><em>quidemquod</em></span> <span class='ocrx_word' id='word_1_441' title='bbox 1723 3075 1823 3145; x_wconf 78' lang='lat' dir='ltr'><em>maius</em></span> 
     </span>
     <span class='ocr_line' id='line_1_34' title="bbox 104 3164 1821 3244; baseline -0.008 -14"><span class='ocrx_word' id='word_1_442' title='bbox 104 3175 244 3230; x_wconf 80' lang='lat' dir='ltr'><em>denranu</em></span> <span class='ocrx_word' id='word_1_443' title='bbox 254 3182 305 3230; x_wconf 88' lang='lat' dir='ltr'><em>tua</em></span> <span class='ocrx_word' id='word_1_444' title='bbox 319 3175 442 3230; x_wconf 87' lang='lat' dir='ltr'><em>calicem</em></span> <span class='ocrx_word' id='word_1_445' title='bbox 454 3175 568 3244; x_wconf 81' lang='lat' dir='ltr'><em>soport&#39;s</em></span> <span class='ocrx_word' id='word_1_446' title='bbox 585 3179 612 3230; x_wconf 88' lang='lat' dir='ltr'><em>et</em></span> <span class='ocrx_word' id='word_1_447' title='bbox 627 3174 845 3244; x_wconf 73' lang='lat' dir='ltr'><em>indignationis</em></span> <span class='ocrx_word' id='word_1_448' title='bbox 853 3187 935 3242; x_wconf 83' lang='lat' dir='ltr'><em>ureae,</em></span> <span class='ocrx_word' id='word_1_449' title='bbox 991 3177 1044 3238; x_wconf 89' lang='lat' dir='ltr'><em>est,</em></span> <span class='ocrx_word' id='word_1_450' title='bbox 1058 3171 1121 3241; x_wconf 88' lang='lat' dir='ltr'><em>sed,</em></span> <span class='ocrx_word' id='word_1_451' title='bbox 1136 3170 1220 3244; x_wconf 92' lang='lat' dir='ltr'><em>quod</em></span> <span class='ocrx_word' id='word_1_452' title='bbox 1234 3167 1508 3244; x_wconf 72' lang='lat' dir='ltr'><em>prestantissimun</em></span> <span class='ocrx_word' id='word_1_453' title='bbox 1529 3171 1584 3234; x_wconf 90' lang='lat' dir='ltr'><em>est,</em></span> <span class='ocrx_word' id='word_1_454' title='bbox 1600 3164 1653 3221; x_wconf 86' lang='lat' dir='ltr'><em>filii</em></span> <span class='ocrx_word' id='word_1_455' title='bbox 1666 3167 1821 3232; x_wconf 85' lang='lat' dir='ltr'><em>vocentur,</em></span> 
     </span>
     <span class='ocr_line' id='line_1_35' title="bbox 103 3253 1822 3334; baseline -0.006 -14"><span class='ocrx_word' id='word_1_456' title='bbox 103 3269 133 3321; x_wconf 90' lang='lat' dir='ltr'><em>et</em></span> <span class='ocrx_word' id='word_1_457' title='bbox 146 3279 256 3333; x_wconf 81' lang='lat' dir='ltr'><em>ponam</em></span> <span class='ocrx_word' id='word_1_458' title='bbox 270 3265 357 3320; x_wconf 87' lang='lat' dir='ltr'><em>illum</em></span> <span class='ocrx_word' id='word_1_459' title='bbox 371 3265 401 3319; x_wconf 89' lang='lat' dir='ltr'><em>in</em></span> <span class='ocrx_word' id='word_1_460' title='bbox 424 3277 517 3319; x_wconf 88' lang='lat' dir='ltr'><em>manu</em></span> <span class='ocrx_word' id='word_1_461' title='bbox 533 3278 633 3319; x_wconf 90' lang='lat' dir='ltr'><em>eorum</em></span> <span class='ocrx_word' id='word_1_462' title='bbox 654 3263 747 3334; x_wconf 85' lang='lat' dir='ltr'><em>quite</em></span> <span class='ocrx_word' id='word_1_463' title='bbox 763 3262 938 3320; x_wconf 77' lang='lat' dir='ltr'><em>humiliave</em></span> <span class='ocrx_word' id='word_1_464' title='bbox 991 3267 1020 3319; x_wconf 90' lang='lat' dir='ltr'><em>et</em></span> <span class='ocrx_word' id='word_1_465' title='bbox 1034 3262 1123 3318; x_wconf 83' lang='lat' dir='ltr'><em>etism</em></span> <span class='ocrx_word' id='word_1_466' title='bbox 1152 3260 1263 3316; x_wconf 88' lang='lat' dir='ltr'><em>dilecti:</em></span> <span class='ocrx_word' id='word_1_467' title='bbox 1280 3260 1443 3331; x_wconf 75' lang='lat' dir='ltr'><em>Ftaqetlat,</em></span> <span class='ocrx_word' id='word_1_468' title='bbox 1467 3256 1572 3328; x_wconf 91' lang='lat' dir='ltr'><em>inquit,</em></span> <span class='ocrx_word' id='word_1_469' title='bbox 1589 3268 1703 3311; x_wconf 86' lang='lat' dir='ltr'><em>ornnem</em></span> <span class='ocrx_word' id='word_1_470' title='bbox 1724 3253 1822 3322; x_wconf 79' lang='lat' dir='ltr'><em>filium</em></span> 
     </span>
     <span class='ocr_line' id='line_1_36' title="bbox 103 3341 1822 3428; baseline -0.007 -19"><span class='ocrx_word' id='word_1_471' title='bbox 103 3354 178 3409; x_wconf 85' lang='lat' dir='ltr'><em>rint.</em></span> <span class='ocrx_word' id='word_1_472' title='bbox 196 3355 348 3410; x_wconf 78' lang='lat' dir='ltr'><em>Tuautem</em></span> <span class='ocrx_word' id='word_1_473' title='bbox 363 3368 424 3408; x_wconf 91' lang='lat' dir='ltr'><em>non</em></span> <span class='ocrx_word' id='word_1_474' title='bbox 438 3353 573 3422; x_wconf 81' lang='lat' dir='ltr'><em>adjicies,</em></span> <span class='ocrx_word' id='word_1_475' title='bbox 603 3357 635 3408; x_wconf 92' lang='lat' dir='ltr'><em>ut</em></span> <span class='ocrx_word' id='word_1_476' title='bbox 658 3351 739 3408; x_wconf 88' lang='lat' dir='ltr'><em>bibas</em></span> <span class='ocrx_word' id='word_1_477' title='bbox 752 3353 839 3408; x_wconf 86' lang='lat' dir='ltr'><em>illum</em></span> <span class='ocrx_word' id='word_1_478' title='bbox 853 3352 937 3412; x_wconf 89' lang='lat' dir='ltr'><em>ultra</em></span> <span class='ocrx_word' id='word_1_479' title='bbox 990 3368 1075 3428; x_wconf 81' lang='lat' dir='ltr'><em>quem</em></span> <span class='ocrx_word' id='word_1_480' title='bbox 1087 3353 1198 3420; x_wconf 84' lang='lat' dir='ltr'><em>recepit</em></span> <span class='ocrx_word' id='word_1_481' title='bbox 1211 3350 1313 3418; x_wconf 81' lang='lat' dir='ltr'><em>(Hebr.</em></span> <span class='ocrx_word' id='word_1_482' title='bbox 1330 3365 1380 3415; x_wconf 81' lang='lat' dir='ltr'><em>su,</em></span> <span class='ocrx_word' id='word_1_483' title='bbox 1397 3349 1433 3420; x_wconf 86' lang='lat' dir='ltr'><em>s);</em></span> <span class='ocrx_word' id='word_1_484' title='bbox 1447 3352 1475 3403; x_wconf 93' lang='lat' dir='ltr'><em>et</em></span> <span class='ocrx_word' id='word_1_485' title='bbox 1488 3345 1572 3420; x_wconf 86' lang='lat' dir='ltr'><em>quod</em></span> <span class='ocrx_word' id='word_1_486' title='bbox 1585 3343 1729 3416; x_wconf 89' lang='lat' dir='ltr'><em>sequitur,</em></span> <span class='ocrx_word' id='word_1_487' title='bbox 1744 3345 1776 3398; x_wconf 92' lang='lat' dir='ltr'><em>ut</em></span> <span class='ocrx_word' id='word_1_488' title='bbox 1791 3341 1822 3398; x_wconf 93' lang='lat' dir='ltr'><em>in</em></span> 
     </span>
     <span class='ocr_line' id='line_1_37' title="bbox 104 3432 1821 3514; baseline -0.006 -18"><span class='ocrx_word' id='word_1_489' title='bbox 104 3443 167 3510; x_wconf 87' lang='lat' dir='ltr'><em>(Iso</em></span> <span class='ocrx_word' id='word_1_490' title='bbox 181 3458 221 3508; x_wconf 85' lang='lat' dir='ltr'><em>nr,</em></span> <span class='ocrx_word' id='word_1_491' title='bbox 236 3441 290 3513; x_wconf 76' lang='lat' dir='ltr'><em>m).</em></span> <span class='ocrx_word' id='word_1_492' title='bbox 307 3443 341 3496; x_wconf 88' lang='lat' dir='ltr'><em>Et</em></span> <span class='ocrx_word' id='word_1_493' title='bbox 365 3441 434 3497; x_wconf 90' lang='lat' dir='ltr'><em>item</em></span> <span class='ocrx_word' id='word_1_494' title='bbox 449 3457 456 3495; x_wconf 92' lang='lat'>:</span> <span class='ocrx_word' id='word_1_495' title='bbox 473 3441 686 3511; x_wconf 77' lang='lat' dir='ltr'><em>liprediemini,</em></span> <span class='ocrx_word' id='word_1_496' title='bbox 711 3446 739 3497; x_wconf 89' lang='lat' dir='ltr'><em>et</em></span> <span class='ocrx_word' id='word_1_497' title='bbox 761 3441 886 3506; x_wconf 84' lang='lat' dir='ltr'><em>satietis,</em></span> <span class='ocrx_word' id='word_1_498' title='bbox 909 3444 938 3496; x_wconf 89' lang='lat' dir='ltr'><em>et</em></span> <span class='ocrx_word' id='word_1_499' title='bbox 989 3441 1045 3498; x_wconf 88' lang='lat' dir='ltr'><em>lob</em></span> <span class='ocrx_word' id='word_1_500' title='bbox 1057 3440 1240 3514; x_wconf 87' lang='lat' dir='ltr'><em>perhibetur,</em></span> <span class='ocrx_word' id='word_1_501' title='bbox 1254 3440 1365 3496; x_wconf 87' lang='lat' dir='ltr'><em>Beatus</em></span> <span class='ocrx_word' id='word_1_502' title='bbox 1379 3439 1427 3494; x_wconf 88' lang='lat' dir='ltr'><em>air</em></span> <span class='ocrx_word' id='word_1_503' title='bbox 1439 3438 1492 3508; x_wconf 86' lang='lat' dir='ltr'><em>qui</em></span> <span class='ocrx_word' id='word_1_504' title='bbox 1504 3435 1670 3505; x_wconf 86' lang='lat' dir='ltr'><em>corripitur</em></span> <span class='ocrx_word' id='word_1_505' title='bbox 1684 3448 1703 3489; x_wconf 91' lang='lat' dir='ltr'><em>a</em></span> <span class='ocrx_word' id='word_1_506' title='bbox 1718 3432 1821 3487; x_wconf 87' lang='lat' dir='ltr'><em>Domi-</em></span> 
     </span>
     <span class='ocr_line' id='line_1_38' title="bbox 104 3521 1821 3601; baseline -0.007 -13"><span class='ocrx_word' id='word_1_507' title='bbox 104 3532 261 3588; x_wconf 83' lang='lat' dir='ltr'><em>catrabitis</em></span> <span class='ocrx_word' id='word_1_508' title='bbox 284 3532 400 3601; x_wconf 85' lang='lat' dir='ltr'><em>impios,</em></span> <span class='ocrx_word' id='word_1_509' title='bbox 432 3530 628 3600; x_wconf 80' lang='lat' dir='ltr'><em>crtnrsuerint</em></span> <span class='ocrx_word' id='word_1_510' title='bbox 654 3531 740 3598; x_wconf 88' lang='lat' dir='ltr'><em>cinis,</em></span> <span class='ocrx_word' id='word_1_511' title='bbox 759 3529 936 3599; x_wconf 84' lang='lat' dir='ltr'><em>subplanta</em></span> <span class='ocrx_word' id='word_1_512' title='bbox 990 3547 1029 3588; x_wconf 91' lang='lat' dir='ltr'><em>no</em></span> <span class='ocrx_word' id='word_1_513' title='bbox 1058 3530 1234 3598; x_wconf 62' lang='lat' dir='ltr'><em>(lebeti).</em></span> <span class='ocrx_word' id='word_1_514' title='bbox 1264 3527 1437 3584; x_wconf 85' lang='lat' dir='ltr'><em>Licetenim</em></span> <span class='ocrx_word' id='word_1_515' title='bbox 1460 3524 1620 3582; x_wconf 84' lang='lat' dir='ltr'><em>convenire</em></span> <span class='ocrx_word' id='word_1_516' title='bbox 1645 3521 1735 3578; x_wconf 89' lang='lat' dir='ltr'><em>simul</em></span> <span class='ocrx_word' id='word_1_517' title='bbox 1760 3536 1821 3577; x_wconf 91' lang='lat' dir='ltr'><em>non</em></span> 
     </span>
     <span class='ocr_line' id='line_1_39' title="bbox 100 3611 1822 3695; baseline -0.006 -19"><span class='ocrx_word' id='word_1_518' title='bbox 100 3620 212 3690; x_wconf 84' lang='lat' dir='ltr'><em>pedum</em></span> <span class='ocrx_word' id='word_1_519' title='bbox 228 3626 392 3677; x_wconf 86' lang='lat' dir='ltr'><em>vestrorum</em></span> <span class='ocrx_word' id='word_1_520' title='bbox 420 3620 542 3690; x_wconf 85' lang='lat' dir='ltr'><em>(Mulae.</em></span> <span class='ocrx_word' id='word_1_521' title='bbox 563 3635 602 3676; x_wconf 81' lang='lat' dir='ltr'><em>iv.</em></span> <span class='ocrx_word' id='word_1_522' title='bbox 620 3623 658 3687; x_wconf 86' lang='grc'><em>3).</em></span> <span class='ocrx_word' id='word_1_523' title='bbox 675 3623 749 3675; x_wconf 85' lang='lat' dir='ltr'><em>Nem</em></span> <span class='ocrx_word' id='word_1_524' title='bbox 765 3618 936 3692; x_wconf 82' lang='lat' dir='ltr'><em>etquidem</em></span> <span class='ocrx_word' id='word_1_525' title='bbox 990 3623 1103 3695; x_wconf 84' lang='lat' dir='ltr'><em>queant</em></span> <span class='ocrx_word' id='word_1_526' title='bbox 1116 3618 1270 3676; x_wconf 82' lang='lat' dir='ltr'><em>beatitudo</em></span> <span class='ocrx_word' id='word_1_527' title='bbox 1285 3622 1314 3674; x_wconf 88' lang='lat' dir='ltr'><em>et</em></span> <span class='ocrx_word' id='word_1_528' title='bbox 1333 3616 1429 3684; x_wconf 91' lang='lat' dir='ltr'><em>dolor,</em></span> <span class='ocrx_word' id='word_1_529' title='bbox 1452 3621 1554 3672; x_wconf 85' lang='lat' dir='ltr'><em>tumen</em></span> <span class='ocrx_word' id='word_1_530' title='bbox 1569 3614 1641 3687; x_wconf 85' lang='lat' dir='ltr'><em>quia</em></span> <span class='ocrx_word' id='word_1_531' title='bbox 1657 3611 1760 3668; x_wconf 85' lang='lat' dir='ltr'><em>salutis</em></span> <span class='ocrx_word' id='word_1_532' title='bbox 1776 3626 1822 3666; x_wconf 85' lang='lat' dir='ltr'><em>er-</em></span> 
     </span>
     <span class='ocr_line' id='line_1_40' title="bbox 101 3700 1821 3792; baseline -0.005 -26"><span class='ocrx_word' id='word_1_533' title='bbox 101 3708 255 3792; x_wconf 87' lang='lat' dir='ltr'><em>piissimns</em></span> <span class='ocrx_word' id='word_1_534' title='bbox 269 3708 364 3780; x_wconf 82' lang='lat' dir='ltr'><em>Pater,</em></span> <span class='ocrx_word' id='word_1_535' title='bbox 382 3708 428 3768; x_wconf 89' lang='lat' dir='ltr'><em>cui</em></span> <span class='ocrx_word' id='word_1_536' title='bbox 453 3708 578 3770; x_wconf 85' lang='lat' dir='ltr'><em>dilectus</em></span> <span class='ocrx_word' id='word_1_537' title='bbox 591 3707 670 3766; x_wconf 89' lang='lat' dir='ltr'><em>tilius</em></span> <span class='ocrx_word' id='word_1_538' title='bbox 688 3708 821 3772; x_wconf 82' lang='lat' dir='ltr'><em>occissus</em></span> <span class='ocrx_word' id='word_1_539' title='bbox 837 3707 883 3776; x_wconf 87' lang='lat' dir='ltr'><em>sit,</em></span> <span class='ocrx_word' id='word_1_540' title='bbox 906 3710 931 3766; x_wconf 89' lang='lat' dir='ltr'><em>si</em></span> <span class='ocrx_word' id='word_1_541' title='bbox 990 3715 1167 3786; x_wconf 75' lang='lat' dir='ltr'><em>gementum</em></span> <span class='ocrx_word' id='word_1_542' title='bbox 1180 3712 1233 3780; x_wconf 90' lang='lat' dir='ltr'><em>est,</em></span> <span class='ocrx_word' id='word_1_543' title='bbox 1245 3707 1275 3768; x_wconf 85' lang='lat' dir='ltr'><em>vi</em></span> <span class='ocrx_word' id='word_1_544' title='bbox 1295 3706 1408 3770; x_wconf 86' lang='lat' dir='ltr'><em>doloris</em></span> <span class='ocrx_word' id='word_1_545' title='bbox 1431 3708 1585 3783; x_wconf 88' lang='lat' dir='ltr'><em>correptus</em></span> <span class='ocrx_word' id='word_1_546' title='bbox 1610 3705 1689 3758; x_wconf 85' lang='lat' dir='ltr'><em>reete</em></span> <span class='ocrx_word' id='word_1_547' title='bbox 1713 3700 1821 3765; x_wconf 87' lang='lat' dir='ltr'><em>dieitur</em></span> 
     </span>
     <span class='ocr_line' id='line_1_41' title="bbox 102 3789 1821 3872; baseline -0.008 -14"><span class='ocrx_word' id='word_1_548' title='bbox 102 3797 178 3858; x_wconf 83' lang='lat' dir='ltr'><em>forte</em></span> <span class='ocrx_word' id='word_1_549' title='bbox 200 3797 366 3856; x_wconf 86' lang='lat' dir='ltr'><em>occisorem</em></span> <span class='ocrx_word' id='word_1_550' title='bbox 385 3810 414 3862; x_wconf 81' lang='lat' dir='ltr'><em>et</em></span> <span class='ocrx_word' id='word_1_551' title='bbox 438 3795 574 3870; x_wconf 78' lang='lat' dir='ltr'><em>gladium</em></span> <span class='ocrx_word' id='word_1_552' title='bbox 597 3796 747 3869; x_wconf 87' lang='lat' dir='ltr'><em>repererit,</em></span> <span class='ocrx_word' id='word_1_553' title='bbox 770 3797 935 3858; x_wconf 85' lang='lat' dir='ltr'><em>occisorem</em></span> <span class='ocrx_word' id='word_1_554' title='bbox 988 3800 1107 3870; x_wconf 83' lang='lat' dir='ltr'><em>beatus,</em></span> <span class='ocrx_word' id='word_1_555' title='bbox 1123 3797 1268 3872; x_wconf 82' lang='lat' dir='ltr'><em>quoniam</em></span> <span class='ocrx_word' id='word_1_556' title='bbox 1283 3812 1336 3872; x_wconf 87' lang='lat' dir='ltr'><em>per</em></span> <span class='ocrx_word' id='word_1_557' title='bbox 1354 3795 1411 3858; x_wconf 85' lang='lat' dir='ltr'><em>boe</em></span> <span class='ocrx_word' id='word_1_558' title='bbox 1425 3792 1509 3872; x_wconf 87' lang='lat' dir='ltr'><em>quad</em></span> <span class='ocrx_word' id='word_1_559' title='bbox 1531 3793 1659 3854; x_wconf 75' lang='lat' dir='ltr'><em>exterius</em></span> <span class='ocrx_word' id='word_1_560' title='bbox 1680 3789 1821 3858; x_wconf 81' lang='lat' dir='ltr'><em>affligitur</em></span> 
     </span>
     <span class='ocr_line' id='line_1_42' title="bbox 105 3877 1819 3960; baseline -0.008 -16"><span class='ocrx_word' id='word_1_561' title='bbox 105 3903 176 3944; x_wconf 89' lang='lat' dir='ltr'><em>oum</em></span> <span class='ocrx_word' id='word_1_562' title='bbox 191 3885 410 3956; x_wconf 83' lang='lat' dir='ltr'><em>eodemgledio</em></span> <span class='ocrx_word' id='word_1_563' title='bbox 426 3885 562 3949; x_wconf 81' lang='lat' dir='ltr'><em>trucidat,</em></span> <span class='ocrx_word' id='word_1_564' title='bbox 581 3883 681 3960; x_wconf 83' lang='lat' dir='ltr'><em>ipsum</em></span> <span class='ocrx_word' id='word_1_565' title='bbox 695 3900 767 3942; x_wconf 82' lang='lat' dir='ltr'><em>mro</em></span> <span class='ocrx_word' id='word_1_566' title='bbox 791 3885 934 3954; x_wconf 82' lang='lat' dir='ltr'><em>gladium,</em></span> <span class='ocrx_word' id='word_1_567' title='bbox 989 3887 1112 3956; x_wconf 80' lang='lat' dir='ltr'><em>interius</em></span> <span class='ocrx_word' id='word_1_568' title='bbox 1124 3886 1203 3949; x_wconf 84' lang='lat' dir='ltr'><em>vivit.</em></span> <span class='ocrx_word' id='word_1_569' title='bbox 1226 3887 1260 3946; x_wconf 88' lang='lat' dir='ltr'><em>Ut</em></span> <span class='ocrx_word' id='word_1_570' title='bbox 1283 3883 1371 3954; x_wconf 82' lang='lat' dir='ltr'><em>igitur</em></span> <span class='ocrx_word' id='word_1_571' title='bbox 1391 3882 1422 3944; x_wconf 85' lang='lat' dir='ltr'><em>iu</em></span> <span class='ocrx_word' id='word_1_572' title='bbox 1448 3886 1555 3939; x_wconf 83' lang='lat' dir='ltr'><em>octavo</em></span> <span class='ocrx_word' id='word_1_573' title='bbox 1575 3879 1728 3942; x_wconf 79' lang='lat' dir='ltr'><em>itorelium</em></span> <span class='ocrx_word' id='word_1_574' title='bbox 1742 3877 1819 3932; x_wconf 90' lang='lat' dir='ltr'><em>libro</em></span> 
     </span>
     <span class='ocr_line' id='line_1_43' title="bbox 103 3967 1818 4052; baseline -0.005 -20"><span class='ocrx_word' id='word_1_575' title='bbox 103 3991 247 4050; x_wconf 84' lang='lat' dir='ltr'><em>cumque</em></span> <span class='ocrx_word' id='word_1_576' title='bbox 267 3975 346 4036; x_wconf 86' lang='lat' dir='ltr'><em>filius</em></span> <span class='ocrx_word' id='word_1_577' title='bbox 365 3974 505 4052; x_wconf 83' lang='lat' dir='ltr'><em>perierat,</em></span> <span class='ocrx_word' id='word_1_578' title='bbox 518 3971 721 4050; x_wconf 83' lang='lat' dir='ltr'><em>particulatim</em></span> <span class='ocrx_word' id='word_1_579' title='bbox 736 3973 934 4036; x_wconf 85' lang='lat' dir='ltr'><em>comminuit:</em></span> <span class='ocrx_word' id='word_1_580' title='bbox 989 3977 1095 4042; x_wconf 86' lang='lat' dir='ltr'><em>beatus</em></span> <span class='ocrx_word' id='word_1_581' title='bbox 1119 3971 1276 4044; x_wconf 84' lang='lat' dir='ltr'><em>Gregorius</em></span> <span class='ocrx_word' id='word_1_582' title='bbox 1301 3969 1415 4040; x_wconf 84' lang='lat' dir='ltr'><em>astruit,</em></span> <span class='ocrx_word' id='word_1_583' title='bbox 1430 3985 1498 4052; x_wconf 85' lang='lat' dir='ltr'><em>spes</em></span> <span class='ocrx_word' id='word_1_584' title='bbox 1524 3967 1582 4026; x_wconf 86' lang='lat' dir='ltr'><em>iste</em></span> <span class='ocrx_word' id='word_1_585' title='bbox 1607 3983 1662 4032; x_wconf 77' lang='lat' dir='ltr'><em>vos</em></span> <span class='ocrx_word' id='word_1_586' title='bbox 1686 3968 1818 4032; x_wconf 72' lang='lat' dir='ltr'><em>manent,</em></span> 
     </span>
     <span class='ocr_line' id='line_1_44' title="bbox 100 4051 1819 4143; baseline -0.007 -21"><span class='ocrx_word' id='word_1_587' title='bbox 100 4061 937 4136; x_wconf 79' lang='lat' dir='ltr'><em>itsametorhominumChristusesnisquidemabster.</em></span> <span class='ocrx_word' id='word_1_588' title='bbox 989 4065 1134 4143; x_wconf 83' lang='lat' dir='ltr'><em>quonium</em></span> <span class='ocrx_word' id='word_1_589' title='bbox 1161 4064 1308 4136; x_wconf 86' lang='lat' dir='ltr'><em>quantum</em></span> <span class='ocrx_word' id='word_1_590' title='bbox 1342 4058 1374 4114; x_wconf 93' lang='lat' dir='ltr'><em>in</em></span> <span class='ocrx_word' id='word_1_591' title='bbox 1407 4055 1637 4121; x_wconf 83' lang='lat' dir='ltr'><em>necessitatibus</em></span> <span class='ocrx_word' id='word_1_592' title='bbox 1664 4051 1819 4138; x_wconf 70' lang='lat' dir='ltr'><em>presentis</em></span> 
     </span>
     <span class='ocr_line' id='line_1_45' title="bbox 104 4141 1818 4234; baseline -0.011 -22"><span class='ocrx_word' id='word_1_593' title='bbox 104 4159 156 4230; x_wconf 78' lang='lat' dir='ltr'><em>get</em></span> <span class='ocrx_word' id='word_1_594' title='bbox 169 4169 292 4215; x_wconf 86' lang='lat' dir='ltr'><em>omnem</em></span> <span class='ocrx_word' id='word_1_595' title='bbox 305 4154 468 4234; x_wconf 80' lang='lat' dir='ltr'><em>laaymem.</em></span> <span class='ocrx_word' id='word_1_596' title='bbox 480 4155 622 4211; x_wconf 90' lang='lat' dir='ltr'><em>tortorem</em></span> <span class='ocrx_word' id='word_1_597' title='bbox 631 4155 738 4214; x_wconf 84' lang='lat' dir='ltr'><em>eutem</em></span> <span class='ocrx_word' id='word_1_598' title='bbox 758 4150 827 4210; x_wconf 87' lang='lat' dir='ltr'><em>illue</em></span> <span class='ocrx_word' id='word_1_599' title='bbox 843 4149 935 4226; x_wconf 87' lang='lat' dir='ltr'><em>proji-</em></span> <span class='ocrx_word' id='word_1_600' title='bbox 990 4141 1133 4224; x_wconf 76' lang='lat' dir='ltr'><em>temporis</em></span> <span class='ocrx_word' id='word_1_601' title='bbox 1146 4148 1182 4207; x_wconf 89' lang='lat' dir='ltr'><em>de</em></span> <span class='ocrx_word' id='word_1_602' title='bbox 1210 4146 1345 4205; x_wconf 85' lang='lat' dir='ltr'><em>libertate</em></span> <span class='ocrx_word' id='word_1_603' title='bbox 1369 4145 1400 4210; x_wconf 84' lang='lat' dir='ltr'><em>in</em></span> <span class='ocrx_word' id='word_1_604' title='bbox 1417 4144 1466 4210; x_wconf 83' lang='lat' dir='ltr'><em>Dei</em></span> <span class='ocrx_word' id='word_1_605' title='bbox 1486 4143 1553 4204; x_wconf 90' lang='lat' dir='ltr'><em>tiliis</em></span> <span class='ocrx_word' id='word_1_606' title='bbox 1582 4141 1655 4208; x_wconf 83' lang='lat' dir='ltr'><em>nibil</em></span> <span class='ocrx_word' id='word_1_607' title='bbox 1683 4141 1818 4219; x_wconf 81' lang='lat' dir='ltr'><em>apparet,</em></span> 
     </span>
     <span class='ocr_line' id='line_1_46' title="bbox 102 4225 1819 4312; baseline -0.009 -12"><span class='ocrx_word' id='word_1_608' title='bbox 102 4243 170 4312; x_wconf 87' lang='lat' dir='ltr'><em>ciet,</em></span> <span class='ocrx_word' id='word_1_609' title='bbox 186 4241 240 4300; x_wconf 88' lang='lat' dir='ltr'><em>nbi</em></span> <span class='ocrx_word' id='word_1_610' title='bbox 254 4242 290 4300; x_wconf 90' lang='lat' dir='ltr'><em>sit</em></span> <span class='ocrx_word' id='word_1_611' title='bbox 304 4243 393 4306; x_wconf 88' lang='lat' dir='ltr'><em>ssetus</em></span> <span class='ocrx_word' id='word_1_612' title='bbox 408 4247 437 4306; x_wconf 90' lang='lat' dir='ltr'><em>et</em></span> <span class='ocrx_word' id='word_1_613' title='bbox 466 4240 574 4304; x_wconf 83' lang='lat' dir='ltr'><em>stridor</em></span> <span class='ocrx_word' id='word_1_614' title='bbox 587 4238 739 4310; x_wconf 71' lang='lat' dir='ltr'><em>dentium,</em></span> <span class='ocrx_word' id='word_1_615' title='bbox 757 4238 936 4304; x_wconf 79' lang='lat' dir='ltr'><em>afflictorum</em></span> <span class='ocrx_word' id='word_1_616' title='bbox 991 4244 1107 4302; x_wconf 83' lang='lat' dir='ltr'><em>tentum</em></span> <span class='ocrx_word' id='word_1_617' title='bbox 1121 4237 1153 4300; x_wconf 86' lang='lat' dir='ltr'><em>in</em></span> <span class='ocrx_word' id='word_1_618' title='bbox 1170 4236 1270 4295; x_wconf 84' lang='lat' dir='ltr'><em>lutura</em></span> <span class='ocrx_word' id='word_1_619' title='bbox 1283 4233 1427 4298; x_wconf 78' lang='lat' dir='ltr'><em>libertatis</em></span> <span class='ocrx_word' id='word_1_620' title='bbox 1442 4231 1537 4306; x_wconf 77' lang='lat' dir='ltr'><em>glorie</em></span> <span class='ocrx_word' id='word_1_621' title='bbox 1565 4229 1637 4297; x_wconf 84' lang='lat' dir='ltr'><em>nibil</em></span> <span class='ocrx_word' id='word_1_622' title='bbox 1660 4228 1691 4286; x_wconf 90' lang='lat' dir='ltr'><em>in</em></span> <span class='ocrx_word' id='word_1_623' title='bbox 1705 4225 1819 4294; x_wconf 83' lang='lat' dir='ltr'><em>eisdem</em></span> 
     </span>
     <span class='ocr_line' id='line_1_47' title="bbox 102 4320 1515 4407; baseline -0.01 -15"><span class='ocrx_word' id='word_1_624' title='bbox 102 4348 172 4392; x_wconf 81' lang='lat' dir='ltr'><em>sero</em></span> <span class='ocrx_word' id='word_1_625' title='bbox 188 4332 330 4396; x_wconf 85' lang='lat' dir='ltr'><em>melleum</em></span> <span class='ocrx_word' id='word_1_626' title='bbox 344 4334 387 4398; x_wconf 82' lang='lat' dir='ltr'><em>m</em></span> <span class='ocrx_word' id='word_1_627' title='bbox 400 4336 542 4404; x_wconf 85' lang='lat' dir='ltr'><em>conteret,</em></span> <span class='ocrx_word' id='word_1_628' title='bbox 556 4335 589 4390; x_wconf 89' lang='lat' dir='ltr'><em>ut</em></span> <span class='ocrx_word' id='word_1_629' title='bbox 606 4331 687 4391; x_wconf 84' lang='lat' dir='ltr'><em>buna</em></span> <span class='ocrx_word' id='word_1_630' title='bbox 703 4331 798 4392; x_wconf 81' lang='lat' dir='ltr'><em>esuis</em></span> <span class='ocrx_word' id='word_1_631' title='bbox 813 4331 935 4407; x_wconf 87' lang='lat' dir='ltr'><em>penitus</em></span> <span class='ocrx_word' id='word_1_632' title='bbox 991 4330 1040 4395; x_wconf 81' lang='lat' dir='ltr'><em>nei</em></span> <span class='ocrx_word' id='word_1_633' title='bbox 1054 4324 1223 4392; x_wconf 72' lang='lat' dir='ltr'><em>reuulsae</em></span> <span class='ocrx_word' id='word_1_634' title='bbox 1237 4323 1376 4386; x_wconf 85' lang='lat' dir='ltr'><em>servitute</em></span> <span class='ocrx_word' id='word_1_635' title='bbox 1389 4320 1515 4403; x_wconf 81' lang='lat' dir='ltr'><em>parebit.</em></span> 
     </span>
     <span class='ocr_line' id='line_1_48' title="bbox 103 4419 934 4500; baseline -0.005 -20"><span class='ocrx_word' id='word_1_636' title='bbox 103 4421 222 4483; x_wconf 82' lang='lat' dir='ltr'><em>enterst</em></span> <span class='ocrx_word' id='word_1_637' title='bbox 233 4425 264 4486; x_wconf 84' lang='lat' dir='ltr'><em>st</em></span> <span class='ocrx_word' id='word_1_638' title='bbox 278 4427 394 4486; x_wconf 83' lang='lat' dir='ltr'><em>tentum</em></span> <span class='ocrx_word' id='word_1_639' title='bbox 406 4421 526 4500; x_wconf 90' lang='lat' dir='ltr'><em>pondus</em></span> <span class='ocrx_word' id='word_1_640' title='bbox 541 4420 607 4494; x_wconf 83' lang='lat' dir='ltr'><em>ejus</em></span> <span class='ocrx_word' id='word_1_641' title='bbox 619 4419 650 4482; x_wconf 90' lang='lat' dir='ltr'><em>in</em></span> <span class='ocrx_word' id='word_1_642' title='bbox 669 4419 736 4484; x_wconf 87' lang='lat' dir='ltr'><em>iilos</em></span> <span class='ocrx_word' id='word_1_643' title='bbox 755 4423 934 4496; x_wconf 83' lang='lat' dir='ltr'><em>retorqueat.</em></span> 
     </span>
    </p>
   </div>
   <div class='ocr_carea' id='block_1_3' title="bbox 0 0 2056 6162">
    <p class='ocr_par' dir='ltr' id='par_1_3' title="bbox 0 0 2056 6162">
     <span class='ocr_line' id='line_1_49' title="bbox 0 0 2056 6162; baseline 0 3"><span class='ocrx_word' id='word_1_644' title='bbox 0 0 2056 6162; x_wconf 95' lang='lat' dir='ltr'><em> </em></span> 
     </span>
    </p>
   </div>
  </div>
 </body>
</html>
