4106 6148
258 114 326 170 loss
945 105 1093 164 JOANNlS
1111 106 1210 164 PAPAE
1226 108 1273 164 xri
1901 115 1976 169 ibib

255 248 317 288 non
332 235 361 288 et
381 230 597 289 confirmamus
612 229 697 288 vobis
709 246 746 287 ca
771 246 839 306 quae
855 245 910 304 per
921 227 1120 302 scriptura-d
1139 227 1329 296 innodatum,
1341 234 1430 304 alque
1446 247 1571 302 aregno
1583 229 1775 288 beialieuum
1790 235 1899 290 etcum
1910 235 1976 292 dia-

254 339 322 378 rum
338 321 444 378 seriem
458 321 594 392 ejusdem
617 319 789 378 monasterii
800 319 865 392 J‘am
890 319 919 374 d.
936 318 1082 376 territorio
1137 316 1207 374 bolo
1223 320 1328 390 etcjus
1353 320 1546 376 atrocissimis
1565 320 1696 394 pompis,
1717 321 1779 378 sive
1799 338 1868 380 cum
1896 325 1978 382 luda

254 411 299 468 sb
311 409 376 468 ulto
391 409 548 484 quondam
562 414 672 468 Amano
686 410 771 468 vobis
787 409 937 483 pertinuit.
950 413 1082 480 ltemque
1139 407 1279 466 traditore
1300 411 1369 466 Jesu
1385 409 1489 466 Christi
1513 411 1543 466 in
1559 415 1705 466 aeteruum
1718 410 1787 482 igne
1801 428 1978 470 concrema-

254 499 471 558 confirmamus
485 499 583 558 casale
597 500 746 570 integrum
763 499 816 572 qui
829 504 953 562 vocatur
967 496 1082 554 Paccia-
1136 500 1211 564 tum,
1230 497 1381 571 simulque
1395 503 1424 555 et
1437 499 1581 566 voragine
1602 503 1790 574 tartareoque
1805 501 1899 559 chaos
1922 505 1976 561 de-

254 605 338 656 nurn,
356 605 423 644 cum
444 588 585 644 omnibus
601 587 641 643 ad
655 604 721 644 eom
749 586 975 659 pertinentibus,
991 585 1079 659 posit.
1135 603 1253 642 mersus
1266 603 1336 644 cum
1350 587 1451 661 impiis
1463 589 1612 645 deliciunt.
1628 589 1684 654 Qui
1705 605 1776 646 vero
1798 591 1848 664 pio
1862 592 1975 650 iutuitu

254 677 400 736 territorio
415 679 539 746 Sutrino,
561 692 614 732 seu
627 675 700 732 cella
714 675 805 731 sancti
823 675 938 744 Georgii
959 690 1029 730 oum
1042 673 1081 728 ad
1135 674 1274 730 custodes
1298 678 1327 731 et
1342 675 1526 744 obedientes,
1543 681 1633 749 atque
1657 677 1866 736 observatores
1880 681 1974 752 hujus

254 783 285 823 se
300 766 517 840 pertinentibus
528 765 557 822 in
575 765 777 838 suprascripto
789 763 934 822 territorio
951 763 1080 820 Sutrino.
1136 763 1280 822 salutiferi
1299 766 1441 838 praecepa·
1467 766 1705 822 confirmationis
1719 773 1831 824 nostrie
1850 773 1973 838 steterit,

255 855 408 927 Simulque
422 858 451 912 et
464 870 570 911 omnes
584 869 632 910 res
644 853 859 911 confirmanius
869 853 955 910 vobis
969 852 1022 926 qui
1029 853 1080 924 jus
1134 851 1376 910 benedictionem
1404 859 1434 911 et
1460 856 1588 926 gratiam
1609 856 1736 914 coelestis
1755 858 1973 942 retributionis,

253 951 281 1003 et
295 946 441 1002 rationem
457 943 650 1017 suprascripti
665 944 754 1000 vestri
768 943 942 1000 monasterii
955 943 1082 1016 pertinet
1134 945 1305 1015 ceteraeque
1330 943 1442 1014 gaudia
1455 943 1512 998 snb
1533 944 1615 1015 justo
1635 944 1739 1016 judice
1759 947 1888 1004 Domino
1910 953 1973 1006 Dec

252 1030 283 1086 in
297 1035 356 1088 toto
371 1031 514 1087 territorio
530 1031 706 1100 Collinense,
724 1037 753 1088 et
767 1031 798 1088 in
812 1030 879 1088 loco
893 1031 946 1104 qui
957 1034 1081 1088 vocatur
1134 1036 1236 1088 nostro
1252 1033 1396 1105 consequi
1407 1037 1566 1090 mereatur.

253 1119 341 1176 Vallis
377 1125 405 1176 et
438 1121 599 1188 Tinterissi,
624 1122 656 1178 in
683 1126 784 1178 monte
811 1121 865 1195 qui
891 1125 1016 1178 vocatur
1042 1119 1080 1178 de
1172 1122 1320 1194 Scriptum
1344 1138 1397 1189 per
1421 1139 1547 1180 manum
1569 1123 1673 1180 Leonis
1693 1125 1838 1182 scriniarii
1859 1133 1973 1184 sanctu

252 1215 337 1280 Accii,
354 1209 414 1266 sive
426 1209 456 1266 iu
472 1215 574 1268 snucto
588 1214 721 1268 cassano
737 1216 765 1266 et
779 1211 808 1266 in
823 1213 920 1278 Cirrte,
945 1215 1034 1283 atque
1049 1209 1080 1266 in
1134 1211 1423 1268 RomanaeEcclesiae
1434 1212 1466 1270 in
1478 1227 1580 1268 mense
1593 1212 1696 1282 Martii,
1706 1218 1736 1270 et
1745 1214 1847 1272 indict
1863 1233 1973 1290 snpra-

254 1299 430 1366 baccaricio,
448 1315 517 1356 cum
532 1299 626 1356 vineis
641 1304 669 1356 et
684 1300 767 1356 terris
782 1299 987 1368 sationalibus,
999 1299 1080 1356 silvis
1134 1297 1244 1370 scripta
1269 1299 1383 1372 quinta.
1405 1302 1481 1356 Bene
1502 1299 1608 1357 valete.
1624 1303 1645 1374 †
1667 1304 1774 1358 batum
1789 1307 1899 1366 octavo
1924 1307 1973 1364 die

252 1403 320 1444 cum
338 1392 472 1459 pantano
488 1405 543 1444 suo
558 1389 683 1460 majore,
702 1373 770 1444 cum
784 1389 861 1444 casis
882 1393 912 1445 et
924 1387 1040 1446 colonis
1052 1391 1080 1444 et
1134 1385 1226 1442 llartii
1236 1401 1289 1460 per
1300 1403 1410 1444 manus
1424 1388 1548 1446 loannis
1562 1380 1698 1464 episcopi
1711 1394 1740 1448 et
1752 1391 1973 1454 bibliothecarii

251 1477 419 1534 colonobus
435 1477 497 1534 suis
519 1478 631 1551 ubique
647 1479 905 1536 commorantibus
918 1478 958 1535 ad
979 1479 1079 1550 ipsum
1135 1479 1245 1532 sanctae.
1259 1476 1534 1550 sedisapostolicae,
1552 1494 1633 1536 anno
1649 1481 1709 1538 Deo
1724 1481 1854 1555 propitio
1874 1487 1972 1556 ponti-

252 1567 345 1639 praed.
361 1571 494 1624 vostrum
509 1569 725 1626 monasterium
754 1569 952 1640 pertinentem
977 1567 1079 1623 omnia
1097 1581 1115 1636 g
1133 1564 1241 1621 ficatus
1265 1565 1370 1624 domni
1391 1568 1486 1624 nostri
1507 1568 1633 1626 loannis
1647 1571 1759 1628 mmmi
1774 1573 1923 1644 pontificis
1943 1581 1971 1632 et

252 1657 446 1728 suprascript.
474 1656 676 1714 immobilium
704 1656 840 1712 locorum
868 1657 944 1728 turis
969 1661 1079 1712 sanctus
1134 1654 1310 1712 universalis
1330 1656 1503 1714 duodecimi
1522 1658 1653 1732 papaein
1672 1660 1873 1718 sacratissima
1894 1664 1968 1721 scde

250 1749 360 1802 nostrie
376 1749 519 1802 Romanus
534 1745 670 1802 Ecclesiae
681 1749 710 1800 ct
724 1746 916 1818 suprascript.
931 1749 1079 1803 monaste·
1132 1743 1213 1800 beati
1229 1743 1302 1802 Petri
1321 1747 1452 1818 apostoli
1466 1747 1610 1817 septimo

251 1832 331 1890 rium
347 1832 393 1888 vel
407 1833 535 1890 aliorum
564 1833 684 1904 piorum
708 1833 844 1890 locorum
871 1835 1079 1907 cojuscunque
1170 1836 1230 1904 Ego
1252 1833 1367 1892 (lirinus
1393 1839 1504 1892 sancte
1525 1839 1669 1894 Romano
1692 1838 1831 1898 Ecclesiae
1845 1842 1964 1900 scrinia-

251 1921 390 1978 esistunt.
400 1921 534 1978 inclinati
552 1922 690 1994 precibus
701 1921 839 1980 vestris...
849 1923 1079 1981 succ...anima-
1132 1921 1204 1990 rius,
1219 1921 1407 1982 sicutinveni
1429 1924 1459 1982 in
1481 1925 1645 1984 carticineo
1667 1928 1821 2000 privilegio
1844 1933 1969 1988 loannis

250 2009 309 2068 bus
322 2010 535 2068 intercessione
549 2027 605 2083 pro
626 2011 791 2069 inviolabili
804 2012 1030 2070 confirmatione
1050 2015 1079 2070 et
1133 2011 1266 2085 episcopi
1278 2012 1351 2068 nibil
1365 2013 1462 2072 minui
1473 2014 1521 2070 vel
1531 2015 1647 2088 addidi,
1659 2015 1702 2073 ita
1713 2017 1818 2091 scripsi
1832 2023 1861 2076 et
1872 2020 1971 2078 tideli-

249 2099 408 2158 stabilitate
417 2100 589 2158 monasterii
600 2101 804 2174 suprascripti,
812 2117 865 2174 per
874 2102 966 2173 huius
973 2101 1003 2158 in
1014 2117 1078 2174 per·
1133 2104 1176 2158 ter
1189 2101 1377 2176 exemplavi:
1396 2106 1455 2160 Deo
1470 2105 1591 2175 granas.

249 2192 374 2262 petam
385 2193 569 2261 preceptum
582 2189 689 2246 seriem
700 2191 909 2263 suprascripte
925 2207 1032 2246 masena
1047 2191 1078 2246 in
1168 2195 1229 2262 Ego
1253 2193 1385 2248 ioannes
1406 2195 1553 2252 Laurentii
1575 2195 1681 2267 Angeli
1694 2196 1733 2254 de
1751 2198 1827 2256 llrbe
1840 2202 1971 2258 auetori-

249 2277 362 2347 integre
381 2277 433 2350 qni
450 2283 572 2335 vocatur
585 2280 706 2349 Ortsna,
722 2296 791 2336 cum
804 2279 899 2334 vineis
914 2295 967 2336 seu
982 2280 1076 2350 terris,
1132 2285 1191 2340 tate
1206 2287 1316 2338 sancte
1332 2286 1474 2340 liomsnae
1487 2285 1671 2358 praelmturae
1685 2289 1829 2358 notarius,
1844 2295 1971 2361 rogabis

250 2368 391 2426 casalinis
405 2372 494 2441 atque
510 2369 884 2442 aquimolis,etunivc1·sis
899 2369 1013 2426 colonis
1026 2385 1076 2426 co·
1131 2371 1352 2440 areligiosaet
1374 2373 1502 2430 honeste
1527 2375 1651 2432 muliere
1666 2375 1781 2434 domna
1801 2379 1917 2436 lacoba
1932 2381 1970 2438 de

248 2456 390 2528 louabus,
401 2457 481 2524 liliis,
495 2457 613 2514 filiabus
624 2473 728 2513 corum
739 2457 851 2514 ibidem
866 2458 1075 2527 residentibus,
1132 2461 1253 2529 Combe,
1276 2461 1430 2520 abbatissa
1456 2465 1629 2522 monasterii
1653 2467 1748 2524 sancti
1774 2467 1910 2526 Silvestri
1931 2472 1969 2528 de
2048 2477 2049 2488 ¹

248 2561 319 2602 cum
334 2545 458 2602 ecclesia
471 2546 586 2615 integra
597 2545 692 2604 sancti
706 2546 720 2599 J
724 2545 857 2602 uvenalis
869 2546 955 2617 juxta
969 2546 1076 2603 eadem
1132 2551 1242 2622 Capite,
1257 2556 1347 2624 prout
1360 2552 1462 2610 iuveni
1475 2553 1506 2612 iu
1520 2554 1615 2628 proed.
1627 2561 1745 2628 sumpto
1754 2573 1809 2614 seu
1822 2561 1969 2633 exemplo

248 2631 348 2703 posit,
365 2648 496 2690 necnon
510 2636 539 2690 et
552 2633 771 2705 prenominato
782 2635 907 2690 Paterno
920 2633 951 2690 in
960 2633 1076 2704 integro
1131 2639 1242 2712 scripto
1255 2655 1308 2713 per
1323 2641 1455 2700 Cirinum
1470 2643 1630 2716 quondam
1639 2650 1749 2704 sancte
1761 2649 1913 2706 itomanae
1922 2653 1971 2708 ilc-

247 2722 277 2776 et
289 2735 359 2776 cum
373 2719 515 2776 omnibus
531 2719 571 2777 ad
596 2735 666 2778 cum
693 2720 877 2793 pertiuentiis
891 2725 924 2778 ut
939 2721 1076 2794 superius
1131 2726 1228 2784 dccc:
1242 2728 1629 2803 urmtsnumprsnictde
1640 2733 1970 2810 wndnsopnvitegto

246 2806 562 2881 legunturapreesenti
574 2810 679 2882 quinta
689 2809 791 2866 indin
801 2814 991 2884 perpetuum.
1002 2813 1077 2870 Gou-
1129 2815 1256 2874 fideliter
1275 2823 1395 2892 sumpto
1410 2824 1442 2876 ut
1461 2825 1586 2894 apparet
1600 2821 1638 2882 de
1653 2824 1788 2896 eoquod
1811 2828 1970 2900 percipere

248 2897 382 2956 ccdimus
396 2903 485 2971 atque
496 2899 713 2956 confirmamus
729 2899 826 2970 vobis,
839 2906 937 2958 vestro
951 2917 1074 2974 supras·
1089 2929 1110 2990 c
1130 2906 1226 2979 potui,
1239 2907 1365 2966 fideliter
1375 2909 1553 2984 exemplavi,
1569 2915 1599 2968 et
1609 2911 1642 2970 in
1657 2912 1811 2986 publicam
1833 2915 1969 2974 lor-mam

247 2989 343 3060 cripto
367 2987 552 3046 monasterio
566 2987 743 3044 inconvulse
764 2989 960 3046 detinendum
984 3006 1075 3048 omne
1127 2995 1230 3066 redegi
1250 3013 1288 3054 ex
1309 2997 1377 3070 ipso
1397 2999 1536 3072 exemplo
1558 3000 1642 3074 quod
1662 3008 1788 3075 apparet
1801 3003 1832 3060 in
1852 3005 1969 3064 lietera

246 3076 331 3148 quod
344 3093 406 3150 quc
419 3077 535 3148 indiget
547 3077 752 3134 melioratione
768 3093 822 3134 seu
843 3078 1017 3136 defensione
1031 3079 1075 3136 in·
1128 3085 1304 3146 limentana
1326 3089 1371 3156 tlt.
1393 3089 1499 3146 Littero
1522 3093 1753 3160 Beneventuml,
1769 3109 1874 3152 coram
1890 3096 1968 3152 viris

245 3165 416 3226 dillerenter
427 3183 483 3224 vos
494 3167 557 3225 siue
567 3167 661 3224 dubio
676 3172 871 3240 procurantes
882 3168 1027 3226 ciliciatur
1038 3185 1074 3226 ea
1127 3172 1270 3242 litteratis,
1299 3179 1329 3232 et
1362 3177 1528 3249 specialiter
1562 3179 1724 3238 venerabili
1757 3181 1820 3238 viro
1847 3183 1967 3244 domno

244 3272 369 3328 prorsus
385 3257 500 3315 ratione
515 3261 547 3314 ut
572 3271 627 3316 nec
650 3255 770 3314 licentia
794 3256 831 3313 sit
851 3258 959 3330 cuique
972 3257 1073 3316 comiti
1126 3264 1396 3338 loanueepiscopo
1420 3267 1569 3339 Nepesino
1584 3268 1689 3326 domm
1704 3286 1757 3343 pp.
1772 3269 1803 3328 in
1825 3272 1903 3330 Urbe
1919 3275 1965 3330 vi·

244 3349 297 3403 aut
311 3345 454 3417 castaldo,
470 3345 518 3403 vel
543 3345 608 3402 aba
630 3345 751 3402 cuilibet
769 3362 887 3417 magnes
910 3363 1072 3420 parvosque
1126 3353 1207 3410 cario
1220 3355 1360 3426 generali,
1377 3360 1405 3414 et
1420 3373 1524 3416 coram
1536 3360 1651 3419 imane
1663 3360 1857 3430 bmiasaucti,
1871 3365 1964 3422 loun

242 3435 432 3506 personaede
451 3435 661 3508 suprascriptus
674 3439 848 3492 mass-ceant
863 3435 1071 3510 Ecclesiaeper-
1126 3459 1164 3500 ne
1193 3445 1349 3512 Laurentii,
1378 3449 1464 3504 Petro
1490 3448 1648 3517 Laurentii,
1676 3450 1790 3508 tanobo
1815 3451 1962 3523 lliclrolai,

243 3521 365 3593 tinente,
381 3523 427 3580 vel
441 3523 478 3579 de
503 3523 624 3580 familiis
650 3523 763 3580 ibidem
788 3524 1005 3596 pertinentibus
1024 3525 1072 3584 vel
1126 3534 1339 3603 omniasancti,
1356 3535 1554 3594 otFrancisco
1569 3539 1719 3596 Laurentii
1732 3541 1858 3600 Mandrai
1872 3549 1961 3600 noto-
2048 3545 2049 3566 ;

241 3609 441 3668 residentibus
455 3610 486 3666 iu
500 3626 657 3684 quoquam
673 3611 843 3668 diminuare
868 3611 916 3668 vel
939 3612 1070 3670 alienare
1123 3622 1175 3680 rtis
1199 3624 1323 3680 testibus
1345 3626 1458 3698 togatis
1480 3626 1719 3686 auscultantibus
1739 3629 1879 3698 uuuuuut,
1893 3633 1957 3688 utut·

240 3699 288 3757 vel
310 3699 412 3773 aliqua
437 3699 572 3758 chartule
587 3705 690 3758 contra
703 3701 810 3758 eodem
834 3717 900 3760 ven.
917 3707 1069 3760 monaste·
1123 3709 1197 3768 lorte
1210 3711 1306 3770 littera
1319 3712 1367 3769 vel
1386 3713 1503 3786 syllaba
1517 3730 1570 3786 per
1584 3731 1719 3774 errorem
1731 3733 1791 3774 non
1791 3758 1845 3774 .....
1866 3718 1955 3792 quod

240 3788 319 3846 rium
326 3788 506 3859 litigandum
514 3789 873 3864 demonstrare,alioquiu
884 3791 908 3848 si
918 3792 1069 3866 quispiam
1091 3812 1092 3815 ¹
1122 3801 1275 3860 veritatem
1288 3802 1358 3860 diutt·
1369 3803 1559 3862 instrumenti
1573 3809 1692 3866 mutuus
1704 3811 1815 3880 umet,
1830 3811 1860 3865 ut
1880 3809 1957 3867 tutu.
2048 3813 2049 3828 ¹

239 3881 342 3934 nostro
363 3876 514 3948 subgessit
540 3878 721 3952 apostolatui
745 3882 774 3936 et
796 3879 834 3936 de
848 3879 940 3952 prmd.
958 3896 1067 3938 massa
1120 3888 1186 3946 litet·
1198 3890 1229 3948 in
1244 3891 1398 3964 publicam
1408 3891 1538 3950 iormam
1547 3892 1658 3966 rodem,
1671 3899 1796 3966 rogatus
1805 3897 1958 3956 subenno
2048 3959 2049 3966 ,

238 3966 396 4038 pertinent.
413 3971 464 4024 aut
476 3967 514 4024 de
526 3967 721 4040 suprascript.
736 3967 868 4024 ecobsioe
883 3973 1067 4042 preceptum
1122 3980 1240 4038 Domini
1265 3980 1427 4039 millesimo
1459 3981 1669 4040 trecentesimo
1693 3988 1801 4042 uutuuu
1825 3985 1958 4059 ductum,
2048 3967 2049 4018 ἶ

238 4056 357 4114 anobis
371 4056 482 4112 lactum
494 4060 598 4114 contro
607 4055 689 4114 idem
703 4057 920 4114 monasterium
936 4074 1067 4130 pereum
1121 4067 1311 4141 pouttfiuutuu
1321 4070 1558 4128 uumuttuuuuu
1570 4071 1704 4130 vtuuutmt
1715 4074 1844 4134 uuuuuttt
1852 4093 1958 4152 uuum,

237 4144 352 4216 litigare
364 4145 501 4214 voluerit,
518 4145 639 4204 inanem
655 4149 684 4204 et
698 4161 830 4204 vestrum
857 4145 985 4204 iadmus
1001 4164 1066 4222 per·
1119 4155 1182 4214 ind.
1197 4157 1306 4231 prima,
1320 4158 1432 4216 mensis
1441 4159 1549 4234 Aprilis
1563 4159 1611 4218 dia
1623 4165 1668 4220 26.

237 4249 360 4290 manere
373 4249 469 4307 eoque
483 4233 592 4305 injuste
608 4237 636 4292 et
651 4238 755 4292 contre
766 4233 865 4305 legem
877 4238 1063 4294 ecunacum
1078 4284 1101 4342 Β
1511 4268 1566 4322 Χν,

237 4325 290 4378 est.
303 4323 471 4380 Staiuentes
486 4321 652 4396 apostolica
662 4338 790 4382 censura
805 4323 862 4380 sub
871 4322 975 4380 divino
986 4324 1064 4396 judi

236 4409 282 4468 cio
297 4411 362 4481 (sic)
376 4409 573 4468 obtestatione
579 4404 759 4470 'auctoritate
772 4411 852 4468 beati
867 4412 942 4472 Petri
955 4412 1064 4486 princi·
1396 4459 1411 4500 s
1434 4459 1512 4499 pm,
1524 4459 1669 4502 mmm

234 4498 281 4572 pis
294 4499 494 4558 anathematis
505 4499 697 4558 interdictum
710 4504 743 4558 ut
751 4500 826 4558 nulli
842 4517 979 4574 unquam
993 4518 1064 4560 nos-
1414 4487 1421 4499 ”
1442 4551 1539 4621 (ΑΜ
1551 4553 1604 4608 9⁶3
1618 4551 1627 4624 )

233 4591 348 4648 trorum
362 4605 551 4648 successores
566 4588 626 4662 (sic)
640 4589 828 4663 pontificum,
842 4588 887 4646 vel
901 4589 967 4648 alise
982 4591 1062 4648 cmli-
1138 4599 1142 4604 '
1389 4658 1395 4670 ⁴
1421 4658 1426 4670 Ι
1607 4591 1613 4604 ’

233 4676 284 4736 bet
295 4684 329 4736 ut
343 4695 432 4752 posse
444 4678 572 4736 relatum
594 4681 650 4746 cst,
664 4693 844 4752 magnaque
868 4693 1007 4751 persona
1030 4680 1061 4738 in
1329 4657 1456 4730 lomim·
1479 4659 1578 4730 (ΜΨ
1593 4657 1642 4730 lv,
1658 4660 1735 4734 ⁵⁵⁶]

233 4765 305 4838 ipsas
316 4768 544 4843 prenominatae
557 4785 667 4826 massae
678 4785 730 4826 seu
745 4768 877 4826 ecclesius
888 4771 940 4826 aut
955 4768 1061 4838 vineis,
1113 4765 1329 4822 nonasterium
1343 4765 1396 4822 SS.
1411 4766 1508 4834 Petri,
1523 4767 1665 4842 ioannes,
1672 4768 1742 4837 Viti,
1757 4768 1911 4840 Stephani
1924 4779 1956 4830 et

232 4856 329 4926 terris,
342 4858 390 4914 vel
404 4858 507 4916 omnia
522 4859 546 4930 ej
552 4875 587 4916 us
601 4858 779 4932 pertinentia
798 4857 901 4931 aliqua
915 4857 978 4930 (sic)
998 4858 1058 4916 vim
1147 4854 1274 4926 Adalboe
1288 4854 1459 4922 Biv⁰r0⁷2⁸b
1475 4855 1644 4928 &Billibdo
1665 4859 1771 4914 vomite
1782 4859 1957 4935 condilum,

231 4941 330 5001 iacere
345 4946 464 5014 audeat,
474 4963 504 5004 se
517 4947 616 5022 potius
630 4952 682 5004 aut
695 4947 818 5022 propria
833 4945 954 5004 ulilitate
965 4950 994 5004 et
1003 4963 1058 5004 usu
1148 4944 1237 5000 unius
1252 4941 1328 5000 sedis
1343 4943 1516 5012 apostolicus
1526 4945 1737 5016 jurisdictioni
1749 4947 1886 5020 subjicit,
1903 4950 1958 5008 bo-

230 5034 262 5091 in
272 5033 431 5108 prefatum
445 5037 662 5096 nronasterium
671 5054 727 5110 pro
741 5036 954 5095 sustentatione
964 5041 993 5094 et
1004 5037 1057 5094 ali-
1147 5048 1245 5106 noque
1251 5034 1316 5104 ejus
1325 5033 1482 5102 continuat
1488 5075 1494 5099 2
1503 5049 1537 5092 θα
1547 5035 1610 5106 lest
1618 5056 1632 5084 «
1645 5041 1677 5092 vi
1685 5035 1744 5094 tibi
1748 5037 1872 5110 atrisque
1880 5055 1957 5098 snc-

230 5125 339 5182 moniis
355 5124 482 5182 fratrum
495 5125 716 5184 monachorum
725 5125 1057 5184 ibidemcommoranti-
1146 5121 1308 5178 censoribus
1318 5123 1446 5194 singulis
1458 5122 1622 5196 quibusque
1634 5124 1848 5184 indictionibus
1858 5133 1959 5198 pestes·

228 5212 1057 5290 bustsic)porpetmsmnneattemporibus.Siquisautem
1145 5213 1264 5270 nomine
1284 5211 1506 5270 rationabiliter
1529 5227 1592 5270 lma
1613 5213 1692 5272 libra
1713 5217 1836 5286 ardenti
1854 5233 1957 5290 snper

229 5305 386 5361 temerario
399 5321 476 5362 ausu
489 5308 593 5362 contre
603 5307 740 5364 nostrum
750 5305 926 5378 hujusmodi
938 5308 1057 5379 aposto
1146 5301 1245 5360 olims
1255 5302 1288 5360 S.
1302 5301 1389 5360 Petri
1403 5303 1589 5372 conseratur.
1604 5325 1618 5354 »

228 5390 875 5468 licumeonfirmationispraeceptumanobis
885 5393 1057 5467 promulga-
1146 5393 1221 5449 Cum
1232 5407 1339 5448 omnes
1355 5391 1536 5466 spostolicae,
1553 5395 1608 5449 etc.

227 5481 1055 5556 tumcontemnereprsesumpserit,sciatsedomuinostri
1491 5513 1561 5522 ——

226 5569 434 5642 apostolorum
447 5571 593 5644 principis
612 5572 688 5632 Petri
710 5569 910 5632 ansfflemctis
933 5568 1052 5626 vinculo

1153 4385 1266 4428 rosum
1294 4387 1372 4428 PAPAE
1392 4387 1436 4428 xri
1459 4387 1647 4436 mmmm,
1662 4387 1714 4431 PRO
1739 4390 1920 4436 novissmam
