4104 6162
238 167 290 220 aas
473 121 478 132 ’
762 149 792 207 s.
811 147 941 206 onoats
958 138 1106 202 aaaaru
1122 137 1420 200 utuutacattstsu
1890 137 1939 196 aaa

237 291 275 342 ur
291 301 352 341 aare
365 282 550 340 calmacus
572 275 769 346 capillatura,
788 278 843 331 cut
866 267 1100 330 cbeamdotioh
1119 265 1226 320 carreis
1237 265 1459 325 boemdttobuut
1477 263 1576 328 illam,
1590 265 1616 318 et
1631 259 1756 316 tolletur
1769 259 1807 315 de
1820 274 1944 316 auimo

238 375 319 444 ouri,
333 376 384 428 out
399 367 568 425 radamanti
578 365 818 422 vestimentorum
833 363 932 420 cultus
947 357 998 416 sed
1013 355 1065 428 qui
1119 355 1220 410 aalma
1242 356 1304 423 ejus
1326 353 1430 424 [Ereti.
1459 368 1518 421 ιιιιι,
1548 354 1585 416 3).
1612 352 1692 406 Bona
1717 363 1790 404 vero
1816 347 1946 404 celestia

237 463 397 520 absconsus
425 458 523 515 cordis
551 460 593 513 eat
618 456 704 511 borso
729 452 760 525 (l
777 453 861 509 Patr.
880 467 920 516 ιιι,
934 453 961 514 3,
976 445 1017 517 4.)
1032 446 1065 499 Et
1120 443 1231 515 mensi,
1248 457 1382 515 queepro
1395 441 1442 497 bis
1458 438 1651 497 emendicatis
1669 436 1810 510 perdunt,
1835 441 1948 494 aeterna

237 550 346 608 Paulus
362 566 369 606 c
383 549 524 604 Mulieres
537 545 676 601 similiter
689 544 720 599 iu
734 543 840 599 liubila
855 544 972 606 emoto,
997 550 1064 591 cum
1120 537 1198 603 sunt,
1212 536 1241 588 et
1255 532 1325 590 talia
1339 537 1418 602 sunt,
1436 537 1466 587 ut
1481 531 1580 587 adhuc
1595 544 1649 582 nso
1664 527 1703 584 ad
1717 526 1801 582 Pauli
1823 526 1948 598 quidem

237 639 417 698 murenula
431 643 459 694 et
481 636 641 694 sobrietate
668 637 820 694 ornantes,
841 645 903 686 ooo
924 629 956 684 in
979 624 1064 682 tortis
1120 621 1256 678 auditum
1270 620 1469 694 pervenerint,
1485 635 1540 674 nec
1555 617 1594 676 ati
1610 631 1660 674 cor
1669 616 1736 687 ejus
1747 615 1946 680 ascenderint,

237 729 380 796 crambes,
396 731 448 783 aut
464 740 550 792 auro,
565 727 620 779 out
630 721 818 791 marporitia,
831 723 885 774 out
895 721 974 773 ueste
996 727 1064 783 pre·
1119 711 1259 784 quamvis
1273 711 1312 768 ad
1327 709 1502 783 paradisum
1515 711 1618 778 raptus
1630 704 1725 762 tuerit.

237 819 323 888 tiore,
338 815 479 887 sedquod
493 815 575 870 deret
598 812 746 878 mutieres,
770 809 974 879 promittentes
1000 817 1064 860 coa·
1155 803 1197 858 nt.
1215 800 1328 856 Etenim
1343 797 1597 872 prdobritudiuem
1618 794 1751 866 corporis
1775 794 1864 850 certis
1883 793 1949 864 qui·

237 907 364 973 lituae,
379 911 407 961 et
430 905 536 960 donam
563 901 815 958 recausationem
844 898 873 963 ,ι
894 896 968 950 Tim.
979 908 1009 962 ιι,
1036 894 1064 958 ι,
1119 888 1251 948 busdam
1265 893 1294 945 et
1308 887 1496 946 naturatibus
1512 885 1645 942 terminis
1661 887 1737 940 Deus
1751 882 1874 950 clausit;
1888 882 1952 940 aui-

239 993 292 1066 to).
1120 996 1178 1036 mre
1193 983 1293 1036 autem
1308 977 1561 1051 pulchritudinem
1575 975 1702 1032 liberam
1717 973 1795 1043 lecit,
1817 977 1846 1030 et
1867 973 1952 1030 nulla

272 1081 345 1136 vttt.
374 1078 404 1136 Si
426 1092 497 1147 ergo
525 1074 782 1146 siceconjugatis
796 1071 957 1139 inhibetur,
970 1081 1065 1141 quan·
1120 1069 1177 1126 sub
1198 1067 1375 1126 necessitate
1403 1066 1558 1124 conclusit.
1589 1069 1661 1122 Nam
1690 1064 1744 1122 etsi
1770 1063 1862 1120 etiam
1887 1077 1952 1120 oer-

236 1173 301 1228 tum
326 1167 411 1226 netas
437 1170 490 1232 est,
520 1165 577 1222 hoe
596 1168 648 1222 aut
667 1163 761 1220 saneti
775 1161 895 1218 habitus
911 1158 997 1224 viros,
1015 1159 1066 1214 aut
1121 1156 1203 1229 porei
1218 1157 1334 1214 decoris
1348 1159 1525 1229 potestatem
1541 1153 1685 1212 Dominus
1710 1152 1740 1208 in
1755 1157 1861 1208 nostro
1882 1168 1951 1224 per-

236 1257 477 1316 sanctimonieles
493 1255 660 1328 appeteret
676 1255 801 1310 Sanctus
832 1253 998 1308 Germanus
1025 1245 1065 1302 ad
1094 1242 1107 1252 '
1120 1246 1250 1302 misisset
1262 1245 1393 1315 arbitrio,
1410 1242 1577 1300 sollicitudo
1602 1241 1690 1298 nobis
1711 1240 1882 1298 immineret
1899 1255 1951 1296 su-

236 1347 415 1406 Genovelam
431 1346 506 1402 inter
528 1344 609 1402 alia:
641 1342 681 1414 Si,
710 1341 817 1414 inquit,
845 1339 947 1396 saculi
972 1337 1064 1408 hujus
1120 1335 1245 1408 perflue,
1262 1334 1395 1407 etquein
1414 1333 1540 1405 hisquae
1563 1331 1638 1388 nihil
1660 1331 1839 1404 prodessent
1861 1345 1952 1388 omne
2042 1329 2043 1392 ἰ

234 1437 282 1494 vel
297 1436 422 1505 exiguus
437 1435 622 1491 decoratam
635 1431 789 1503 superavit
810 1433 951 1493 mentem,
980 1429 1065 1482 uter-
1119 1424 1187 1482 vtae
1202 1429 1311 1482 nosue
1327 1429 1446 1496 tempus
1469 1433 1699 1494 occuparemus.
1711 1423 1751 1476 Ex
1771 1433 1834 1494 quo
1853 1419 1953 1476 stritus
2042 1467 2043 1474 ,

234 1526 281 1582 nis
296 1530 326 1582 et
339 1523 511 1580 caelestibus
524 1520 708 1578 ornamentis
732 1535 748 1576 c
768 1517 861 1574 rabis.
892 1517 963 1572 ltine
976 1515 1064 1572 dom·
1120 1513 1230 1570 anima
1245 1512 1413 1570 necessario
1428 1511 1635 1581 negligeretur.
1656 1508 1771 1582 Quippe
1785 1509 1841 1581 qui
1860 1510 1953 1566 etiam

233 1629 292 1670 uus
308 1612 448 1670 Martinus
462 1610 545 1666 brevi
560 1608 695 1681 quidem,
711 1607 764 1663 sed
791 1605 896 1675 magni
922 1602 1064 1677 ponderis
1081 1621 1101 1674 g
1120 1617 1211 1671 nunc,
1225 1601 1277 1658 ubi
1292 1600 1375 1658 nulle
1393 1599 1481 1657 nobis
1494 1603 1626 1672 potestas
1641 1603 1686 1654 est
1707 1597 1884 1654 conterendi
1899 1596 1953 1652 ali-

234 1702 390 1768 senteutia,
407 1699 541 1756 mulieris
553 1695 953 1767 honestatemcompiexus:
980 1695 1065 1749 Sum·
1118 1691 1191 1764 quid
1207 1690 1341 1763 corporis
1355 1689 1466 1756 decori,
1489 1689 1547 1746 hoo
1566 1692 1668 1746 umen
1689 1687 1818 1758 agimus,
1844 1693 1874 1742 et
1897 1687 1954 1742 hoe

234 1807 296 1860 ma,
312 1789 520 1861 inquit,virtus
549 1791 592 1844 est
619 1784 753 1842 mulieris
782 1783 861 1842 nolle
886 1783 989 1840 videri.
1007 1785 1063 1855 Cy·
1119 1780 1283 1848 studemus,
1298 1785 1332 1836 ut
1346 1779 1479 1852 speciem
1495 1777 1628 1850 eorporis
1638 1776 1822 1834 omnimodis
1835 1776 1955 1832 excola-

234 1879 358 1952 prienes
372 1877 532 1950 episcopus
547 1875 584 1932 de
601 1874 765 1945 virginibus
779 1871 821 1930 sic
835 1873 877 1930 ait
890 1889 897 1928 :
912 1872 1009 1928 Serico
1035 1874 1064 1928 et
1118 1886 1197 1939 mus,
1212 1869 1287 1926 dum
1304 1869 1440 1926 colorum
1462 1867 1549 1939 lucis,
1577 1867 1624 1924 val
1644 1865 1872 1939 compositione,
1902 1866 1956 1922 cri

234 1965 494 2040 purpuramenta
509 1963 658 2021 Christum
674 1961 799 2018 induere
825 1977 887 2018 uon
912 1963 1062 2033 possum
1118 1958 1203 2016 mum
1218 1957 1436 2016 veloeuioram
1456 1961 1555 2016 rotatu
1577 1955 1634 2023 vel,
1649 1955 1789 2012 venerate
1811 1955 1954 2022 restim,

235 2071 310 2114 auro
324 2059 353 2112 et
366 2053 545 2123 margaritis,
568 2057 597 2110 et
624 2051 799 2108 monillibus
821 2050 985 2117 adornate,
1014 2064 1063 2106 or·
1118 2047 1303 2122 diversisque
1316 2047 1380 2104 aliis
1395 2051 1424 2104 et
1437 2045 1591 2119 exquisitis
1610 2044 1746 2102 conterre
1768 2044 1899 2117 aliquid,
1923 2051 1955 2099 nt

235 2141 530 2200 itamautacordiset
545 2139 680 2211 corporis
696 2137 898 2211 perdiderunt.
925 2137 1011 2203 Quod
1040 2137 1064 2192 si
1119 2137 1190 2206 dixi,
1205 2137 1307 2194 decori
1320 2136 1454 2209 eorporis
1469 2137 1629 2208 cupimus;
1646 2133 1701 2192 sed
1715 2139 1830 2206 quanto
1855 2135 1952 2204 magis

235 2235 348 2300 Petras,
358 2229 465 2302 inquit,
477 2228 619 2286 mulieres
632 2227 777 2284 admouet
788 2226 981 2293 coercendas,
997 2241 1064 2298 quse
1119 2226 1318 2284 oonreniebat
1331 2225 1429 2293 nabis,
1445 2229 1477 2280 ut
1501 2224 1541 2280 ad
1558 2223 1674 2280 cultum
1697 2223 1806 2280 emmae
1827 2237 1952 2296 operam

225 2303 378 2378 'exeruere
393 2319 507 2376 soleant
519 2317 615 2374 cultus
631 2331 704 2374 suos
716 2333 770 2390 per
781 2316 905 2374 maritos
925 2333 931 2369 :
948 2319 1063 2388 quanto
1119 2315 1284 2372 daremus‘l
1298 2319 1374 2372 Nem
1395 2329 1542 2386 corporea
1560 2311 1751 2384 pulchritudo
1764 2311 1795 2368 ia
1809 2311 1887 2384 pelle
1910 2327 1954 2367 su

235 2408 334 2478 magis
350 2408 380 2477 id
396 2407 554 2464 ohservare
566 2406 713 2477 virginem
728 2405 773 2464 las
784 2410 829 2462 est
852 2405 901 2462 oui
914 2404 997 2460 nulla
1019 2420 1066 2460 or·
1118 2403 1276 2462 lummodo
1291 2407 1417 2460 constat.
1435 2407 1508 2460 Nam
1524 2402 1548 2458 si
1570 2402 1706 2459 viderent
1732 2402 1870 2458 homines
1896 2402 1952 2457 hoc

236 2496 384 2556 natussui
395 2495 647 2568 competitrenia,
660 2509 716 2550 nee
744 2494 872 2552 derivari
899 2494 930 2550 in
959 2493 1066 2550 altent-
1120 2491 1203 2563 quod
1215 2491 1322 2556 subtus
1339 2491 1448 2563 pellem
1460 2494 1514 2557 cet,
1530 2489 1607 2548 siout
1620 2489 1723 2562 lynces
1736 2489 1768 2546 ιιι
1783 2489 1954 2546 Boetiacer-

235 2591 318 2642 trum
333 2582 633 2658 possitmendecium
646 2581 750 2654 culpes,
767 2581 820 2638 sed
843 2581 907 2638 sola
932 2580 999 2653 ipsa
1022 2596 1066 2638 re·
1121 2593 1191 2636 nere
1206 2579 1347 2638 inunum
1368 2579 1513 2648 tuentes,
1539 2578 1679 2636 mulieres
1698 2577 1799 2635 videre
1826 2593 1954 2634 nausea·

237 2677 361 2732 maneat
373 2673 405 2728 in
420 2686 545 2743 corpore
560 2670 643 2730 ised
655 2687 723 2742 quse
737 2669 887 2742 ejusmodi
902 2674 980 2738 sunt,
1004 2683 1067 2727 non
1121 2672 1197 2726 rent.
1211 2673 1267 2728 iste
1284 2668 1376 2726 decor
1389 2668 1421 2724 iu
1435 2668 1586 2740 flegmate,
1613 2673 1642 2724 et
1663 2669 1819 2737 sangiune,
1847 2674 1877 2724 et
1899 2669 1953 2724 ha-

239 2766 376 2822 sanotam
390 2760 473 2818 iilam
500 2775 607 2818 vocem
635 2758 716 2816 baeti
743 2758 884 2832 Cypriani
908 2759 1066 2832 recipiunt,
1122 2773 1217 2825 mora,
1234 2773 1268 2814 ae
1283 2757 1361 2828 lello,
1376 2757 1521 2814 consistit.
1545 2757 1574 2814 Si
1592 2756 1661 2830 quis
1682 2757 1765 2813 enim
1786 2756 1954 2814 considerat

239 2853 313 2926 quin
328 2850 428 2924 potius
443 2849 556 2908 irritam
570 2849 683 2906 faciunt
696 2848 788 2906 iidem
803 2849 920 2919 Christi,
936 2853 965 2906 et
991 2865 1070 2908 soor·
1123 2861 1191 2917 qua
1206 2845 1283 2904 intra
1294 2860 1395 2914 nares,
1410 2851 1439 2904 et
1449 2861 1517 2918 quae
1532 2845 1611 2904 iutra
1625 2844 1737 2910 lauces,
1752 2849 1782 2901 at
1795 2861 1864 2918 qua
1877 2846 1954 2902 intra

240 2946 370 2999 latorum
384 2939 479 2996 oeulis
489 2953 522 2996 se
536 2940 634 3008 magis
646 2943 780 2994 comunt.
798 2937 852 3004 Qut
866 2937 978 2996 seilicet
991 2953 1104 3024 acor-0
1123 2939 1258 2996 ventrem
1290 2935 1414 3003 lateant,
1442 2935 1547 2992 saules
1576 2934 1680 3007 utique
1706 2935 1843 3008 repedet.
1876 2939 1910 2992 at
1931 2936 1953 2992 si

241 3035 360 3099 tutores,
386 3035 417 3086 ut
444 3029 484 3086 ait
507 3028 614 3086 beatus
637 3027 835 3103 Hieronymus
849 3027 880 3086 in
890 3027 1016 3100 epistola
1028 3028 1069 3086 ad
1123 3041 1179 3084 uec
1191 3024 1329 3082 extremis
1342 3024 1442 3095 digitis
1455 3025 1567 3095 flegma
1582 3024 1628 3081 vel
1643 3029 1756 3082 starem
1768 3029 1892 3098 tangere
1905 3043 1954 3099 pa-

241 3124 369 3180 mabam
383 3125 412 3176 et
426 3117 529 3185 liliam,
545 3117 669 3190 quando
695 3116 807 3174 audeat
830 3131 938 3174 uxores
964 3117 1070 3176 Christi
1124 3115 1224 3182 dmm,
1241 3113 1513 3186 quomodcipsum
1537 3114 1674 3172 stercoris
1697 3129 1821 3170 securm
1845 3115 1954 3188 ample

242 3224 370 3283 sponsas
385 3205 569 3279 trequentius
584 3208 755 3277 respectant
770 3203 968 3280 :loquuntur
994 3204 1070 3264 nutt-
1124 3203 1164 3262 oti
1187 3203 1421 3260 desideramus?
1447 3205 1558 3260 Auctor
1576 3203 1689 3276 quippe
1710 3208 1890 3260 naturarum
1904 3209 1954 3261 tto

241 3298 311 3366 bus,
327 3301 356 3352 et
368 3295 450 3376 quod
465 3295 565 3352 minus
578 3294 646 3350 lieet
665 3293 819 3350 ardentius
847 3293 997 3352 affectant.
1026 3294 1072 3352 tti-
1125 3293 1226 3350 miuus
1250 3291 1318 3348 licet
1332 3291 1427 3350 muta
1440 3291 1585 3362 dignitate
1603 3291 1757 3350 nemnem
1779 3293 1951 3359 condiderit,

243 3401 313 3455 nus,
329 3384 435 3456 mquit,
451 3383 529 3453 lieet,
541 3382 614 3455 quia
623 3385 739 3454 quanto
752 3381 956 3442 detestabilius
969 3383 1071 3440 estin·
1126 3383 1227 3438 umen
1242 3381 1272 3436 in
1286 3381 1343 3440 heo
1356 3380 1541 3454 corruptibili
1555 3380 1615 3438 vita
1636 3380 1723 3453 plura
1738 3397 1795 3438 nos
1809 3382 1872 3455 peti
1893 3397 1953 3455 per·

243 3474 373 3544 fringere
389 3476 613 3529 sacrosanctam
634 3485 730 3543 quem
758 3471 906 3543 plebeiam
933 3472 1070 3540 demum,
1125 3469 1377 3543 mittiturque
1401 3470 1575 3542 superbiam
1593 3471 1693 3528 semis
1713 3471 1864 3528 ruundat
1886 3471 1951 3528 lnde

244 3567 327 3620 tauto
337 3560 489 3618 scelestius
502 3565 549 3616 est
561 3575 706 3632 sponsam
721 3559 828 3617 Christi
839 3575 932 3632 quem
946 3577 1071 3618 uxorem
1125 3562 1171 3614 est
1184 3560 1267 3631 quod
1280 3560 1359 3632 pilus
1373 3560 1505 3618 bominis
1519 3560 1550 3618 in
1564 3559 1634 3617 cibo
1655 3561 1703 3618 vel
1726 3567 1801 3634 potu
1823 3567 1950 3635 repertus

244 3649 375 3726 proximi
390 3649 510 3706 violare.
525 3650 607 3704 Certe
621 3665 690 3704 eum
707 3664 768 3706 uns
781 3665 818 3706 ex
842 3649 963 3706 duabus
991 3665 1073 3708 soro-
1126 3646 1224 3716 megis
1238 3647 1404 3718 lesbdhorr
1419 3649 1571 3722 etpulices
1582 3649 1750 3722 depulsam
1761 3656 1947 3722 emrgentes,

242 3740 327 3798 ribus
341 3739 405 3798 viro
418 3737 621 3810 coniungitur,
636 3741 666 3794 et
690 3737 732 3794 itti
757 3737 850 3796 tidem
875 3743 992 3808 scrvair
1018 3755 1073 3796 eur
1126 3735 1227 3792 minue
1247 3737 1519 3809 quampedioutos,
1535 3738 1588 3812 qui
1609 3754 1648 3796 ex
1670 3739 1800 3798 humore
1823 3739 1948 3813 corporis

243 3830 346 3898 altera,
362 3846 430 3903 quse
446 3828 560 3886 Christo
571 3828 781 3900 desponsatur,
806 3828 947 3886 eamdem
974 3829 1001 3887 ei
1027 3846 1072 3887 re-
1125 3825 1219 3884 uostri
1231 3826 1390 3899 prudeunt,
1406 3843 1498 3900 super
1518 3843 1575 3885 nos
1585 3827 1679 3885 vidui
1693 3828 1903 3886 eblmnemns.
1920 3830 1966 3900 tit¹

241 3917 408 3976 vertentium
435 3932 498 3974 non
523 3915 654 3974 custodit
680 3915 694 3971 l
719 3919 827 3974 Verum
851 3921 884 3974 ut
909 3917 942 3974 in
962 3917 1070 3974 eadem
1126 3919 1227 3974 autem
1241 3915 1413 3974 novatum
1425 3915 1510 3988 qnod
1524 3917 1592 3989 ipsa
1604 3917 1828 3991 qualiscunque
1841 3919 1880 3974 sit
1892 3916 1947 3992 pul·

241 4007 368 4082 epistole
383 4005 518 4080 sequitur
533 4024 540 4062 :
556 4006 622 4062 tete
635 4004 769 4064 nitidulis
795 4006 973 4075 vestiuntur,
997 4006 1072 4064 chli-
1125 4003 1263 4064 obritudo
1279 4005 1425 4078 eorporis,
1450 4021 1511 4064 non
1531 4005 1569 4062 de
1592 4021 1694 4078 carne,
1717 4007 1772 4063 sed
1794 4007 1833 4064 de
1856 4008 1948 4065 anima

240 4101 276 4154 tes
305 4095 388 4170 qma
416 4096 549 4152 Christus
567 4093 599 4152 ia
614 4094 758 4152 Zacharia
785 4094 913 4152 sordidis
937 4095 1070 4154 vestibus
1124 4099 1181 4162 est,
1196 4107 1358 4167 pensemus
1372 4111 1467 4167 qtsam
1481 4095 1655 4158 delectabile
1667 4097 1704 4154 sit
1716 4097 1849 4154 cadaver
1860 4097 1948 4155 homi·

238 4185 355 4256 legatur
382 4184 515 4240 inclutus.
542 4183 696 4255 Siquidem
725 4183 790 4242 istie
825 4185 955 4256 pulchra
979 4185 1068 4242 vestis
1124 4184 1182 4255 nis,
1197 4183 1269 4258 quin
1285 4184 1385 4257 potius
1398 4191 1548 4258 quantum
1559 4187 1716 4244 hor-mrem
1738 4189 1948 4246 videntibusse

240 4275 349 4332 enimse
363 4272 541 4331 lascivientis
557 4273 703 4330 indicium
715 4279 762 4330 est
778 4291 784 4329 ι
801 4285 856 4346 per
884 4279 995 4332 terram
1010 4279 1105 4372 tre-D
1123 4272 1258 4330 incutiat.
1288 4273 1396 4332 anima
1422 4275 1535 4348 quippe
1562 4276 1766 4349 pulcherrima
1789 4278 1947 4338 mordente,

240 4365 320 4420 bitur
348 4368 381 4420 ut
409 4367 523 4420 statura
548 4362 700 4434 procerior
732 4363 878 4432 videatur,
906 4363 944 4420 de
966 4364 1068 4420 indus-
1123 4361 1315 4435 pulchritudo
1329 4377 1423 4436 quam
1436 4365 1520 4421 earm
1535 4363 1659 4422 dedmat
1676 4364 1949 4424 carcamusas

211 4466 216 4473 ’
238 4453 294 4508 tria
307 4451 462 4521 dissuitur,
476 4455 508 4506 ut
521 4449 636 4522 aliquid
650 4455 796 4524 appareat
808 4452 891 4524 quod
900 4457 991 4510 amet.
1006 4453 1069 4512 Cal-
1123 4449 1170 4508 isti
1185 4451 1231 4508 vel
1243 4451 1298 4509 iste
1312 4453 1365 4526 qui
1378 4453 1491 4511 auctori
1507 4455 1700 4527 turpitudinis
1711 4471 1742 4511 se
1753 4455 1950 4529 superbiendo

235 4541 282 4598 cci
296 4540 394 4610 nigelb'
411 4541 579 4598 etnitentcs
596 4539 723 4597 stridore
737 4557 793 4598 suo
812 4541 918 4598 oculos
939 4542 1068 4600 ιιιειιινοε
1123 4540 1314 4612 submittunt,
1336 4541 1410 4600 nihii
1431 4544 1599 4600 secundum
1622 4545 1798 4614 religionem
1822 4545 1893 4602 fidei
1913 4544 1951 4600 ni-

235 4625 265 4682 in
281 4641 376 4682 suasos
389 4625 519 4682 excitant
533 4624 692 4698 appetitus.
713 4625 821 4698 Capilli
844 4641 953 4698 perum
974 4626 1068 4685 dellu—
1122 4629 1225 4704 hiique
1240 4631 1544 4690 secundemrationis
1565 4634 1753 4690 maestarum
1770 4634 1950 4700 discemunt,

233 4719 299 4786 unt,
312 4719 341 4772 et
362 4714 584 4784 recolliguntur.
600 4713 715 4772 Collum
743 4718 774 4772 et
792 4719 893 4786 guttur
918 4714 1067 4773 defluente
1122 4718 1275 4777 etidcirco
1290 4719 1355 4778 sols
1368 4735 1437 4793 quac
1452 4721 1550 4779 carnis
1573 4726 1645 4778 suut
1658 4721 1790 4795 sapiunt,
1809 4739 1873 4780 non
1888 4737 1950 4796 quac

234 4803 356 4875 palliolo
378 4821 450 4862 casu
474 4804 616 4872 nudatur,
644 4807 673 4860 et
697 4803 785 4878 quasi
812 4803 905 4863 videri
918 4804 1068 4862 coluerint
1121 4809 1242 4882 spiritus
1258 4809 1318 4866 Dei.

233 4891 350 4954 operire
365 4892 514 4950 festinant.
532 4893 600 4950 tirso
615 4892 827 4966 Hieronymus.
844 4894 933 4952 Plura
957 4895 1065 4952 referre
1156 4901 1187 4954 tt.
1202 4899 1375 4970 Antequam
1387 4898 1463 4956 fides
1476 4901 1580 4958 Christi
1594 4900 1781 4974 claresceret,
1791 4907 1951 4978 antequam

232 4980 334 5054 pudet.
351 4981 409 5038 Sed
423 4982 454 5038 in
468 4983 515 5040 bis
529 4981 671 5040 omnbus
686 4989 715 5040 et
724 4984 910 5056 hrrjusmodi,
927 4999 988 5043 uon
1018 5001 1065 5044 sc-
1120 4985 1254 5044 mundus
1269 4986 1394 5044 alteram
1406 4987 1500 5046 vitam
1511 4989 1607 5062 sciret,
1622 4991 1676 5047 ubi
1687 4991 1734 5049 rel
1748 4997 1898 5049 aternum
1912 5009 1951 5048 re-

231 5069 367 5126 cundum
382 5068 1066 5140 filiumvirginis,sedsecundumveteremho·
1120 5090 1215 5145 gnum
1229 5091 1284 5149 pro
1308 5075 1408 5148 bonis,
1430 5077 1479 5135 val
1496 5083 1608 5138 uterne
1629 5083 1768 5151 gehenna
1786 5097 1844 5155 pro
1869 5083 1951 5140 mebs

231 5158 344 5218 minem
361 5157 527 5216 ambutant.
545 5163 629 5226 Nam,
643 5164 676 5216 ut
686 5159 728 5216 ait
738 5161 806 5230 lob,
814 5163 914 5220 omnis
926 5164 1062 5234 istorum,
1118 5163 1269 5238 recipitur,
1296 5179 1358 5222 non
1383 5165 1471 5224 valde
1495 5167 1607 5226 mirum
1625 5175 1690 5227 erat
1713 5170 1737 5226 si
1758 5187 1791 5226 se
1811 5171 1948 5228 mortales

229 5249 278 5306 sei
292 5247 565 5315 istarumdulcedo,
577 5249 695 5306 vermis.
714 5249 882 5308 Licetenim
897 5252 929 5308 in
939 5252 1065 5310 haesita
1117 5253 1325 5312 mundialibus
1336 5255 1484 5314 illecebris
1495 5258 1734 5316 substernebant.
1743 5263 1781 5317 ttt
1790 5275 1874 5318 nuno
1884 5277 1949 5318 eum

230 5337 607 5410 superfluocuitacarnem
617 5339 865 5412 uneugesttant,
877 5340 951 5398 iliud
962 5347 1062 5400 tamen
1117 5359 1179 5400 non
1194 5344 1292 5402 solum
1306 5361 1360 5418 per
1376 5363 1481 5404 omnes
1505 5354 1625 5406 ceuceu
1643 5350 1684 5406 ab
1707 5350 1822 5421 origine
1847 5351 1949 5408 mundi

226 5423 295 5482 libri
311 5427 504 5486 aeclesiastici
515 5431 615 5499 restat,
629 5427 701 5501 quie
712 5431 974 5500 oulieturpormis
996 5433 1063 5490 dor·
1118 5433 1267 5506 prelatos,
1284 5435 1336 5492 sed
1349 5435 1538 5510 eticmperse
1548 5439 1708 5512 ipsumhei
1719 5439 1806 5498 Filius
1820 5440 1949 5512 devirgi·
2042 5465 2043 5470 ¹

226 5517 607 5584 mitotlotProu.xxiii,2l).
621 5518 654 5574 at
665 5515 1059 5578 utinoodemitemdicitur:
1116 5535 1155 5578 ne
1177 5527 1267 5580 natus
1286 5523 1327 5580 ab
1341 5523 1456 5580 eisdem
1473 5525 1948 5602 illecebusuoscompemetetad

226 5601 283 5668 Qui
297 5617 327 5658 se
337 5605 444 5674 jangit
458 5605 635 5674 fornicariis
660 5606 720 5662 erit
732 5621 873 5678 aequam,
883 5607 1016 5678 petreae
1030 5615 1060 5666 et
1116 5611 1251 5669 coelestes
1262 5609 1548 5690 deliciastantopere
1561 5617 1746 5690 appetendas
1758 5617 1946 5692 persuadeat,
