4104 6162
210 203 263 260 899
724 196 753 255 S.
775 197 903 255 000le
922 189 1077 253 neentis
1096 187 1347 253 cluniacensis
1368 187 1401 251 tl.
1872 196 1926 249 ⁶00

211 340 267 383 vos
281 324 410 385 badam,
426 321 479 394 qui
497 319 581 377 nrrtla
593 318 821 392 predicantium
835 316 1040 375 exhortatione
1055 319 1079 372 Α
1098 317 1144 374 Ne
1159 319 1272 384 timeas,
1288 315 1393 390 inquit,
1424 317 1496 390 qaia
1518 307 1662 373 Dominus
1683 315 1866 386 camorana
1884 309 1930 372 est

213 413 300 486 quasi
327 408 546 468 incantantium
573 407 757 465 carminibus
787 406 915 464 arabis
950 420 1039 462 exau·
1100 405 1215 480 (dread.
1233 421 1265 479 rr,
1279 407 1322 480 o);
1339 403 1436 465 timeri
1449 401 1530 464 enim
1543 406 1635 463 homo
1649 399 1804 473 debuerat,
1821 403 1846 461 s'i
1863 403 1931 478 ipsc

214 502 332 558 llantur.
1098 499 1251 554 auctorem
1264 495 1401 553 omnium
1412 499 1445 552 ut
1456 495 1549 554 homo
1565 493 1720 551 timuisset.
1735 493 1882 561 Quicnim
1894 499 1931 549 ut

249 591 302 647 xli.
319 591 374 649 atii
387 590 514 648 subdole
530 588 722 658 seducuntur,
745 603 801 660 pro
825 603 861 644 eo
882 586 965 660 quod
985 588 1041 642 lto-
1098 601 1189 658 supra
1208 584 1348 653 diximus,
1366 585 1460 641 Deum
1474 599 1536 640 non
1551 583 1644 653 timet,
1668 584 1761 640 homo
1783 599 1845 641 non
1871 586 1930 640 est.

212 680 314 737 minus
337 681 409 738 dicit
439 698 445 736 :
472 681 583 736 Seruus
606 679 700 735 sciens
719 679 903 735 cataractam
930 675 1045 733 domiai
1097 677 1172 730 Nam
1185 673 1238 747 qui
1251 672 1374 731 rationis
1388 679 1509 730 sensum
1525 671 1564 730 ad
1575 673 1712 730 timorem
1724 672 1775 728 Dei
1793 675 1855 729 nori
1871 671 1931 728 ba:

212 769 270 836 sai,
300 775 327 824 et
357 784 416 824 aaa
439 768 565 838 sactum,
590 766 746 837 vapulabit
770 765 872 822 multis
892 764 975 836 (Lac.
991 773 1042 833 ιιι,
1098 761 1171 826 buit,
1187 765 1271 820 tanto
1286 755 1386 818 minus
1400 750 1552 819 timendus
1565 765 1619 831 est,
1636 765 1749 835 quanto
1764 757 1821 818 hoc
1846 753 1933 834 ruod

213 857 280 928 47)·,
296 861 438 929 putantes
451 854 651 926 ignorantiam
667 853 876 927 impunitatem
895 867 959 908 esse
973 865 1043 924 pec·
1098 843 1164 908 esse
1178 851 1282 908 debuit
1293 866 1354 908 non
1370 855 1423 908 est.
1436 851 1549 908 Debent
1563 855 1664 908 autem
1675 851 1706 907 in
1726 855 1807 908 metu
1821 849 1934 908 baberi

214 945 282 1001 cati.
298 944 413 1010 Quibus
427 945 485 1000 hoc
499 943 700 1000 intimandum
720 947 772 1010 est,
795 941 867 1015 quia
892 940 974 997 aliud
1001 943 1045 997 est
1098 941 1145 997 isti
1159 940 1211 1014 qui
1225 941 1363 998 membra
1379 945 1449 997 sunt
1462 939 1676 1014 omnipotentis
1699 940 1760 1008 Dei,
1784 945 1812 997 ct
1829 939 1934 1012 stipsi

156 1014 166 1029 ¹
214 1034 340 1103 nescire,
370 1032 452 1090 aliud
478 1038 522 1090 cst
549 1033 627 1088 nolle
656 1033 740 1089 :hoe
754 1046 887 1104 namque
899 1028 1045 1087 tarditatis
1099 1029 1319 1099 contristantur,
1337 1033 1414 1088 Deus
1428 1030 1480 1105 qui
1494 1029 1525 1086 in
1540 1029 1613 1104 ipsis
1626 1029 1741 1087 habitat
1755 1028 1932 1098 offenditur,

216 1126 271 1189 est,
288 1122 361 1179 illud
376 1121 533 1195 superbies.
550 1121 632 1178 'iales
645 1121 734 1192 igitur
747 1118 969 1176 excusationem
984 1133 1045 1174 non
1099 1123 1127 1176 et
1141 1118 1198 1193 ipsi
1220 1119 1251 1176 in
1275 1124 1353 1178 tcrra
1379 1113 1597 1193 reprehendere
1626 1115 1722 1176 solent
1741 1115 1822 1193 quod
1848 1115 1936 1175 Deus

215 1208 340 1280 babent,
368 1210 449 1283 quia,
476 1209 501 1265 si
523 1209 638 1277 vellent,
666 1209 740 1265 scire
762 1211 909 1282 poterant.
938 1209 1045 1265 Contra
1099 1203 1251 1279 redarguit
1265 1223 1281 1264 e
1296 1207 1381 1264 coelo.
1397 1207 1462 1266 nati
1476 1223 1557 1276 sero,
1580 1210 1614 1264 nt
1636 1207 1779 1274 diximus,
1803 1205 1934 1263 timendi

216 1315 293 1372 qnos
307 1299 449 1355 nimirum
463 1299 495 1355 in
506 1298 561 1356 tob
572 1298 609 1354 dc
623 1301 681 1354 Deo
697 1299 804 1355 dieitur
816 1315 822 1354 ε
836 1297 894 1364 Qui
906 1299 938 1352 ta
953 1311 1045 1353 rauna
1099 1308 1160 1349 non
1173 1297 1252 1351 sunl.
1269 1294 1351 1351 Unde
1366 1299 1469 1352 rursus
1496 1295 1593 1352 didani
1612 1291 1764 1369 propbeta
1787 1278 1896 1351 dicitnr
1925 1311 1933 1350 r

216 1389 347 1444 anciran
367 1389 474 1460 signat,
502 1395 534 1443 ut
564 1389 703 1445 novenni
731 1388 847 1458 sinuati
872 1401 963 1456 opera
991 1401 1045 1442 sua
1099 1383 1144 1439 Ne
1158 1384 1262 1440 timeas
1276 1391 1333 1453 eat,
1356 1387 1384 1443 el
1402 1385 1475 1458 quia
1496 1382 1570 1441 tales
1593 1383 1738 1454 derogare
1753 1382 1855 1449 solent,
1870 1383 1935 1439 ad·

217 1477 470 1549 (Jotxxxv11,r);
491 1478 583 1533 homo
596 1477 708 1550 quippe
732 1477 773 1532 sic
797 1474 981 1533 rationabilis
1003 1479 1048 1532 cst
1098 1470 1237 1543 junctum
1251 1477 1306 1546 est,
1321 1489 1414 1547 neque
1432 1489 1580 1532 sermones
1594 1489 1695 1532 eorum
1720 1474 1830 1546 (itm),
1854 1475 1935 1548 qnia

216 1566 367 1634 conditus,
383 1571 415 1622 ut
429 1566 512 1640 quod
526 1567 619 1638 egerit
630 1566 769 1636 ignorare
782 1579 844 1622 non
863 1564 965 1638 possit.
992 1567 1047 1621 Na·
1100 1561 1243 1619 increduli
1259 1568 1288 1620 et
1302 1564 1497 1621 subversores
1513 1569 1582 1621 sunt
1596 1567 1705 1620 tecum.
1730 1563 1784 1628 Qui
1800 1567 1880 1619 tanto
1897 1563 1934 1619 in

216 1655 305 1713 turali
318 1656 398 1710 enim
411 1655 476 1725 lege
490 1655 564 1711 seire
579 1647 777 1727 compellitur,
791 1669 979 1728 scapravum
994 1671 1046 1712 seu
1061 1671 1081 1726 g
1101 1653 1164 1708 suis
1178 1653 1420 1724 derogationibus
1432 1654 1629 1726 timcnditnon
1645 1658 1723 1722 sunt,
1740 1657 1852 1727 quanto
1863 1655 1934 1710 nan

216 1748 332 1800 rectum
345 1743 382 1800 sit
395 1744 479 1816 quod
492 1749 643 1817 operatur.
652 1747 726 1802 Nam
739 1760 756 1800 a
770 1744 849 1816 iusto
861 1743 962 1816 judice
976 1748 1046 1801 tunc
1101 1741 1218 1815 placere
1232 1743 1292 1799 Deo
1306 1738 1483 1816 probantur.
1501 1739 1628 1801 Stultum
1643 1743 1723 1800 enim
1734 1735 1820 1799 valde
1833 1747 1888 1808 est,
1906 1742 1934 1798 si

217 1847 273 1904 pro
297 1831 382 1888 iactis
411 1831 471 1888 suis
494 1836 545 1890 aut
573 1833 695 1905 punitur
719 1837 770 1889 aut
788 1837 1006 1902 remuneratur,
1023 1833 1047 1889 si
1100 1829 1157 1887 illis
1170 1830 1288 1904 placere
1302 1831 1475 1904 querimus,
1491 1847 1568 1905 quos
1582 1830 1771 1905 nonplaccre
1791 1833 1849 1888 Deo
1872 1831 1935 1886 sci-

217 1937 279 1977 ncn
292 1920 389 1994 potuit
404 1921 479 1978 scire
493 1921 575 1994 quod
591 1921 666 1978 lecit.
685 1921 741 1995 ipsi
752 1921 922 1995 etenimqui
937 1921 1048 1980 crudiri
1100 1935 1179 1975 mus.
1192 1923 1284 1976 Nemo
1295 1920 1375 1976 enim
1387 1925 1484 1994 potest
1495 1921 1526 1977 in
1542 1936 1602 1978 una
1622 1919 1790 1994 eademque
1811 1927 1853 2001 re¹
1865 1921 1935 1976 tica

218 2015 424 2080 contemnunt,
441 2010 497 2067 sibi
512 2015 600 2066 testes
628 2015 706 2079 sunt,
733 2012 806 2085 quia
829 2011 926 2068 sciunt
949 2010 1047 2068 dicere
1101 2007 1190 2063 simul
1215 2013 1243 2064 et
1270 2009 1336 2081 ctus
1355 2001 1491 2066 hostibus
1515 2015 1617 2080 gratus
1636 1995 1769 2067 exlstcre.
1789 1999 1933 2066 Amicum

217 2097 302 2170 quod
325 2101 428 2168 agunt.
456 2097 595 2171 Alioquin
618 2113 671 2154 cnr
694 2099 731 2155 dc
755 2098 941 2172 quibusdam
962 2089 1047 2157 iactis
1101 2109 1172 2166 ergo
1186 2097 1235 2153 liei
1251 2114 1281 2154 se
1296 2097 1434 2168 denegat,
1445 2099 1498 2172 qui
1513 2099 1578 2170 ejus
1592 2098 1714 2156 inimico
1724 2098 1830 2172 placet.
1844 2099 1935 2155 Unde

218 2191 365 2258 tanquam
391 2186 428 2242 de
454 2185 530 2242 bene
557 2187 646 2256 gestis
660 2187 691 2243 in
706 2187 904 2244 ostentatione
920 2188 1049 2259 glorian·
1101 2189 1129 2242 et
1142 2186 1236 2244 sancti
1250 2187 1305 2244 viri
1318 2203 1370 2246 cos
1383 2188 1422 2245 ad
1447 2205 1502 2246 sna
1530 2187 1599 2246 odia
1622 2187 1750 2245 excitare
1779 2203 1840 2244 non
1866 2203 1936 2244 me-

218 2277 267 2330 tur
280 2274 295 2330 t
306 2279 335 2330 et
348 2290 452 2330 rursus
468 2289 520 2331 eur
538 2275 569 2332 in
583 2275 734 2349 aliquibus
748 2276 808 2332 suis
824 2276 938 2333 actibus
954 2276 1047 2334 videri
1102 2278 1197 2346 tuunt,
1212 2292 1290 2349 quos
1308 2278 1400 2332 Deum
1424 2292 1485 2333 non
1509 2277 1630 2349 diligere
1654 2281 1848 2346 cognoscunt.
1872 2276 1937 2333 lla

217 2361 422 2420 erubescunt?
437 2366 517 2420 unde
529 2363 656 2437 quidam
671 2364 791 2438 sapiens
806 2364 899 2422 dicit:
921 2369 995 2423 Cum
1011 2366 1048 2423 sit
1100 2379 1168 2420 rum
1194 2363 1294 2438 itaque
1318 2365 1471 2436 derogatio
1494 2365 1561 2423 vitre
1588 2370 1699 2424 nostra
1719 2365 1857 2440 probatio
1872 2369 1935 2435 est,

216 2450 324 2508 timida
337 2451 470 2525 nequitia
482 2453 670 2509 conscientiae
685 2453 737 2510 dat
751 2454 954 2511 testimonium
978 2471 1047 2512 con·
1100 2451 1172 2526 quia
1189 2453 1247 2510 nisi
1261 2454 1375 2529 aliquid
1398 2455 1470 2512 honi
1491 2456 1680 2524 haberemus,
1706 2451 1792 2512 malis
1810 2465 1872 2512 non
1887 2453 1938 2511 di-

218 2540 382 2608 demnatio,
398 2541 558 2613 quiadum
581 2541 670 2598 timor
697 2542 910 2601 conscientiam
939 2545 1046 2616 arguit,
1102 2541 1304 2616 spliceremus.
1320 2544 1480 2602 Sciendum
1494 2552 1565 2602 verb
1580 2539 1633 2612 est,
1649 2539 1721 2618 qula
1740 2540 1859 2616 linguas
1879 2531 1939 2601 de-

220 2628 286 2701 ipse
300 2627 356 2684 sibi
377 2628 581 2686 testimonium
608 2630 753 2703 perhibet,
781 2632 853 2704 quia
877 2633 915 2690 sit
932 2633 1047 2691 malum
1102 2632 1283 2688 trahentium
1299 2629 1374 2691 sicut
1385 2639 1487 2691 nostro
1507 2634 1605 2690 studio
1617 2649 1680 2690 non
1694 2633 1839 2690 debemus
1854 2637 1940 2690 exci-

219 2729 286 2772 esse
301 2715 384 2788 quod
398 2715 465 2774 sciri
479 2716 630 2775 formidat.
644 2718 769 2790 Fugiunt
783 2736 854 2792 ergo
878 2721 973 2795 iniqui
995 2722 1049 2780 bn·
1101 2725 1163 2778 tare
1178 2737 1216 2778 ne
1231 2721 1289 2795 ipsi
1302 2727 1436 2795 pereant,
1452 2722 1492 2780 ita
1508 2739 1561 2796 per
1575 2739 1663 2780 suam
1684 2721 1828 2780 malitiam
1852 2723 1939 2779 cxci-

220 2819 328 2860 mancs
340 2804 454 2866 oculos.
480 2807 657 2881 semetipsos
682 2812 758 2864 certe
782 2809 884 2880 lugere
905 2826 967 2867 non
980 2827 1049 2884 pos·
1101 2813 1178 2868 tatas
1193 2811 1338 2868 debemus
1352 2811 1557 2886 aequanimiter
1573 2811 1751 2881 tolerarent
1766 2811 1854 2869 nobis
1869 2827 1940 2869 me-

220 2895 300 2950 sunt.
316 2895 348 2948 ln
363 2897 521 2966 peccatum
535 2895 615 2951 enim
642 2895 724 2970 quod
752 2899 942 2957 committunt
964 2900 1048 2974 prius
1102 2899 1191 2956 ritum
1202 2905 1324 2956 creseat.
1332 2898 1500 2973 Aliquando
1513 2904 1614 2958 autem
1626 2898 1716 2958 ctiam
1729 2909 1937 2976 compescere,

220 2985 325 3039 contra
341 2997 372 3038 se
386 2981 531 3055 judicium
547 2985 670 3042 rationis
684 2986 848 3058 inveniunt,
872 2992 900 3046 et
924 2993 994 3063 post
1009 2989 1082 3077 adp
1102 2985 1239 3060 ne,dum
1254 2988 1394 3045 danobis
1409 2988 1489 3045 mala
1508 2989 1716 3061 disseminant,
1746 3005 1849 3047 eorum
1876 2983 1939 3062 qui

218 3069 433 3126 districtionem
458 3072 558 3128 aeterni
575 3072 684 3144 judicis
706 3074 921 3148 perducuntur.
944 3081 977 3134 Et
991 3077 1048 3136 hoc
1076 3059 1083 3079 ’
1103 3076 1205 3134 audire
1220 3093 1276 3133 nos
1292 3077 1331 3134 ad
1345 3077 1427 3135 bona
1445 3083 1594 3153 poterant,
1619 3079 1711 3137 corda
1737 3071 1937 3136 innocentum

219 3160 264 3215 cst
278 3157 352 3214 torte
365 3157 448 3232 quod
468 3174 522 3232 per
543 3160 732 3219 psalmistam
755 3161 862 3221 dieitur
888 3183 894 3221 :
915 3165 1048 3237 Abpssus
1102 3173 1306 3240 corrumpant.
1323 3167 1394 3224 ilinc
1407 3159 1939 3242 estenlmquodloannescbbecta-

219 3248 361 3317 abyssum
375 3249 495 3304 irruocut
509 3250 601 3319 (Psal.
616 3266 677 3319 ιιι,
687 3251 725 3321 8).
735 3251 852 3326 Abyssa
868 3255 948 3312 enim
961 3255 1050 3329 chys*
1102 3253 1173 3312 toris
1188 3255 1234 3311 sui
1246 3255 1381 3327 linguam
1396 3255 1557 3328 redarguit,
1569 3257 1672 3314 dicens
1689 3276 1695 3313 :
1718 3259 1743 3313 Is
1770 3257 1821 3330 qui
1847 3263 1939 3314 amat

219 3351 288 3390 sum
298 3334 439 3392 invocare
451 3340 495 3392 est
507 3337 544 3392 de
557 3337 670 3408 judicio
690 3339 728 3396 ad
742 3341 889 3410 iudicium
912 3345 1048 3417 perveni·
1102 3342 1266 3417 primatum
1281 3361 1382 3416 gerere
1396 3345 1427 3402 in
1441 3345 1483 3401 eis
1498 3345 1648 3420 diotrepes
1663 3363 1724 3404 non
1745 3346 1848 3421 recipit
1862 3357 1935 3403 nost

218 3437 261 3478 rc.
291 3422 465 3492 Eantigitur
489 3425 700 3496 predicatores
735 3430 840 3501 sancti,
867 3431 1050 3504 redarguant
1103 3433 1225 3506 Propter
1239 3433 1296 3489 hoc
1312 3433 1336 3489 si
1349 3445 1458 3492 venero
1467 3441 1677 3492 commoneam
1688 3437 1937 3510 ejnsoperaduai

218 3509 299 3566 iacta
311 3510 511 3584 peccantium,
526 3513 677 3572 auditores
692 3522 792 3574 acriam
808 3520 892 3591 pravi
918 3525 1049 3578 contem·
1102 3519 1171 3578 iacit
1184 3520 1282 3577 verbis
1302 3521 1450 3593 malignis,
1476 3522 1609 3594 garriens
1632 3523 1664 3582 in
1684 3541 1750 3582 nos.
1776 3526 1936 3592 Quantum

219 3602 295 3655 nant
307 3598 400 3656 verba
412 3599 549 3670 istorum,
566 3601 729 3660 defendant
742 3611 890 3679 quantum
904 3605 1049 3666 voluerint
1102 3625 1173 3680 ergo
1188 3625 1225 3666 ex
1238 3610 1325 3666 nobis
1340 3616 1393 3681 cst,
1403 3617 1436 3668 ut
1451 3613 1648 3687 Hieronymus
1658 3613 1697 3670 ad
1713 3613 1832 3672 Galatas
1846 3613 1935 3684 dicit,

219 3687 382 3760 pravitates
405 3703 486 3757 suas,
514 3694 603 3764 atque
624 3692 815 3766 impudenter
834 3702 931 3767 gestas
952 3697 1048 3772 impu·
1102 3698 1211 3756 nullius
1225 3699 1411 3757 inimicitiam
1426 3717 1616 3760 commovere
1632 3703 1787 3760 debemus.
1804 3701 1889 3765 Quod
1910 3705 1938 3760 si

220 3775 337 3873 dentius
352 3775 541 3835 defendendo
553 3780 760 3855 multiplicent.
777 3787 858 3843 Certe
874 3786 930 3860 ipsi
945 3787 1001 3845 sibi
1017 3789 1048 3845 in
1101 3787 1256 3862 loquentes
1270 3789 1425 3848 ueritatem
1440 3791 1557 3866 aliquos
1571 3793 1768 3850 rnenrerimus
1780 3792 1935 3866 inimicos,

219 3863 401 3923 conscientia
411 3869 499 3922 testes
517 3873 597 3940 sunt,
613 3871 685 3944 quia
697 3873 883 3932 excusabiles
896 3892 957 3933 non
968 3881 1047 3935 sunt.
1101 3895 1164 3936 non
1175 3883 1274 3936 tanam
1289 3894 1344 3936 nos
1356 3879 1468 3937 inimici
1483 3897 1587 3939 sumus
1601 3899 1718 3955 eorum,
1731 3881 1877 3956 quoniam
1889 3882 1937 3940 illi

255 3951 323 4007 x111.
338 3953 468 4020 Quidam
483 3971 554 4014 vero
569 3973 630 4016 non
646 3960 743 4018 solum
758 3963 972 4022 admonitionis
986 3983 1049 4023 ver·
1102 3967 1213 4025 inimici
1226 3973 1295 4024 sunt
1307 3969 1447 4027 veritatis.
1465 3970 1546 4028 Unde
1561 3971 1669 4045 etipsa
1685 3971 1794 4030 Veritas
1806 3971 1878 4028 dicit
1891 3972 1936 4028 ad

217 4037 260 4097 ba
274 4046 478 4112 contemnunt,
494 4047 546 4103 sed
560 4048 648 4107 etiam
661 4057 765 4110 contra
776 4054 979 4113 admonitores
1000 4073 1049 4113 re·
1103 4055 1255 4113 Abraham
1271 4073 1277 4114 :
1296 4055 1437 4116 loduicus
1452 4074 1501 4116 ero
1516 4056 1643 4118 inimietr
1657 4061 1716 4117 luis
1728 4059 1837 4129 (Exest.
1848 4075 1935 4133 xxnr,

218 4127 630 4228 bemcnterscandalizantur.
646 4142 679 4197 tit
693 4141 764 4214 quia
774 4143 1048 4202 scandalumvalde
1102 4145 1158 4218 22).
1167 4144 1252 4211 Quod
1264 4146 1365 4219 utique
1375 4161 1437 4203 non
1451 4145 1533 4203 fieret
1548 4147 1571 4204 si
1586 4147 1800 4222 Abrabamper
1810 4149 1934 4222 crrlpam

218 4217 421 4288 periculosum
432 4227 485 4293 est,
501 4223 610 4282 idcirco
623 4226 695 4284 boni
718 4229 772 4286 viri
792 4230 960 4305 frequenter·
986 4249 1048 4290 ma·
1103 4249 1190 4290 suam
1202 4233 1371 4292 inimicitias
1385 4251 1490 4292 corum
1504 4237 1670 4293 meruisset.
1694 4241 1766 4294 item
1781 4237 1845 4311 ipse
1868 4237 1936 4293 Hic-

217 4303 285 4404 lunt
298 4310 406 4376 tacere,
428 4327 522 4384 quam
544 4315 641 4373 rnalos
661 4317 813 4392 loquendo
835 4322 1045 4380 scandalizare.
1103 4338 1249 4395 ronymus
1264 4322 1294 4378 in
1307 4323 1413 4380 eadem
1426 4324 1550 4398 epistola
1565 4325 1604 4382 ad
1620 4326 1737 4383 Galatas
1747 4343 1753 4382 :
1763 4325 1792 4382 si
1804 4325 1867 4382 ficri
1879 4341 1935 4399 po-

219 4393 276 4495 Qur
291 4399 392 4453 tamen
404 4413 460 4456 nec
477 4403 602 4461 tacendo
617 4407 712 4463 securi
727 4411 796 4466 sunt
810 4415 932 4485 propter
950 4411 1023 4470 illud
1038 4432 1045 4470 :
1103 4414 1158 4468 test
1172 4415 1204 4467 ut
1218 4410 1327 4485 pariter
1339 4417 1367 4469 et
1380 4415 1439 4469 neo
1453 4417 1482 4469 et
1495 4413 1669 4471 hominibus
1677 4415 1862 4488 placeamus,
1868 4413 1935 4488 pla·

218 4481 254 4538 St
275 4499 335 4584 non
356 4489 587 4549 annuntiaveris
611 4495 713 4567 iniquo
738 4498 926 4570 irrubuitatem
949 4517 1045 4574 suam,
1102 4501 1232 4558 cendum
1247 4505 1291 4558 cst
1310 4501 1495 4558 hominibus.
1514 4501 1542 4560 Si
1557 4507 1658 4560 autem
1680 4503 1764 4561 aliter
1785 4517 1847 4560 non
1869 4502 1933 4576 pla-

218 4584 395 4642 sangumem
410 4578 473 4646 ejus
489 4579 525 4637 de
538 4596 631 4638 mana
647 4589 701 4641 tua
716 4587 867 4658 requiram
877 4588 1046 4662 (lineatur,
1101 4603 1223 4647 cccmus
1246 4591 1420 4649 hominibus
1445 4591 1503 4648 nisi
1532 4594 1592 4649 beo
1617 4591 1841 4667 displiceamus,
1870 4593 1933 4648 bea

220 4662 275 4729 ¹8).
293 4663 408 4737 Exque
422 4668 554 4726 ronchis
567 4673 821 4732 considerandum
845 4682 898 4749 est,
925 4680 997 4752 quia
1016 4680 1046 4738 in
1100 4679 1198 4752 magis
1212 4695 1305 4753 quam
1324 4679 1498 4737 hominibus
1513 4680 1629 4754 placere
1645 4681 1800 4739 debemus.

217 4755 368 4823 quantum
383 4755 447 4814 sine
461 4765 585 4831 peccata
599 4773 774 4837 possumus,
789 4764 882 4824 vitare
896 4768 1047 4844 proximo·
1135 4771 1200 4827 iitV.
1222 4767 1279 4826 Sed
1293 4769 1368 4826 dum
1383 4771 1440 4826 hcc
1456 4771 1573 4839 dicitur,
1593 4768 1666 4827 illud
1690 4787 1746 4828 nos
1772 4772 1933 4828 rebemeu-

217 4853 286 4894 rum
314 4844 492 4903 scandalum
515 4849 680 4921 debemus3
703 4854 727 4910 si
752 4859 851 4912 autem
871 4857 909 4913 de
924 4859 1047 4916 veritate
1100 4861 1158 4916 tius
1171 4860 1332 4929 contristet,
1348 4859 1420 4934 quia
1433 4865 1548 4916 mentes
1565 4876 1729 4934 pravorum
1745 4865 1826 4918 tanto
1841 4861 1935 4917 obsti·

218 4928 396 4988 scandalum
410 4936 547 5004 sumitur,
561 4939 661 4997 utilius
673 4945 851 5016 permittitur
865 4949 948 5005 nasci
962 4964 1047 5006 scan-
1100 4947 1199 5006 natius
1226 4964 1346 5005 summa
1369 4948 1498 5020 odiunt,
1542 4955 1656 5024 quanto
1684 4951 1794 5007 arctius
1818 4950 1933 5006 intimis

216 5012 332 5116 dalum,
348 5035 442 5092 quarn
455 5025 565 5083 veritas
580 5027 778 5104 relinquatur.
807 5035 891 5102 Quod
917 5037 1046 5096 veritatis
1099 5035 1283 5096 inhaeserunt
1308 5055 1314 5094 :
1344 5037 1456 5112 quibus
1483 5055 1582 5114 neque
1604 5040 1661 5096 hoc
1687 5037 1796 5097 sufficit
1817 5043 1849 5096 ut
1871 5039 1931 5113 ipsi

215 5111 357 5206 magester
384 5124 439 5167 suo
466 5111 544 5171 lacto
567 5117 685 5191 probat,
710 5122 818 5196 quiin
840 5126 1044 5198 quorumdam
1098 5131 1232 5204 pereant,
1262 5129 1314 5186 sed
1339 5127 1462 5194 adhuc,
1499 5131 1582 5203 quod
1608 5133 1652 5187 est
1675 5129 1830 5203 damnus,
1859 5145 1932 5187 enm

216 5194 359 5255 cordibus
374 5201 551 5302 scandatum
565 5221 603 5264 nc
618 5208 798 5287 gigneretur,
808 5213 951 5274 tributum
962 5215 1044 5291 quod
1098 5217 1248 5294 quoslibet
1273 5220 1359 5290 argui
1384 5219 1583 5292 conspiciunt,
1617 5219 1804 5292 corripientis
1836 5209 1932 5276 incre-

214 5299 277 5341 non
291 5285 394 5390 debuit
405 5288 488 5349 dedrt
504 5310 511 5348 :
527 5299 556 5353 et
568 5311 689 5356 rursum
709 5304 844 5372 generari
864 5305 1042 5364 scandalum
1097 5307 1269 5382 petionibus
1295 5307 1428 5374 obviant,
1453 5321 1490 5363 nc
1516 5305 1620 5365 saltem
1654 5307 1703 5364 alii
1731 5309 1929 5380 corrigantur.

215 5379 318 5473 contra
331 5383 487 5438 veritatem
499 5382 749 5458 inquornmdam
764 5393 905 5451 cordibus
925 5394 1041 5462 ridens,
1099 5395 1181 5453 Unde
1196 5395 1271 5452 bene
1286 5400 1315 5452 et
1328 5393 1474 5467 decapite
1489 5411 1594 5452 corum
1614 5396 1722 5452 dicitur
1738 5413 1744 5452 :
1762 5397 1932 5468 Protepunt

214 5475 265 5516 cos
277 5479 309 5518 ιιι
322 5481 378 5523 suo
392 5472 538 5530 scandalo
553 5492 708 5537 remanere
727 5483 894 5554 permiserit
917 5483 1019 5542 dicens
1034 5501 1040 5545 ι
1097 5485 1211 5542 umbra
1225 5485 1361 5541 tambram
1375 5487 1439 5554 ejus
1454 5485 1520 5556 (Jot
1536 5501 1582 5549 xa,
1596 5489 1649 5556 ιῖ).
1676 5483 1792 5543 Umbra
1816 5485 1930 5559 quippe

211 5548 309 5608 Sinite
323 5553 578 5632 atoacoeoisunt,
594 5565 683 5624 duces
697 5583 844 5628 cecorum
860 5572 978 5643 (Malta.
992 5589 1039 5642 xv,
1097 5578 1169 5630 aunt
1195 5573 1308 5630 diaboli
1333 5587 1439 5629 ornnes
1462 5573 1567 5647 iniqui,
1591 5573 1645 5648 qui
1669 5573 1744 5631 dum
1771 5573 1930 5632 imitationi
2045 5595 2046 5626 ι

215 5639 266 5708 tt).
283 5639 384 5704 Hocin
397 5641 475 5704 libro
489 5664 529 5704 vn
555 5653 721 5714 Ezechielis.
745 5657 818 5721 item
838 5661 868 5718 in
888 5659 1005 5734 Jibrox
1031 5681 1037 5718 ε
1097 5659 1261 5752 iniquitatis
1275 5661 1340 5743 ejus
1353 5661 1630 5735 inserviunt,quasi
1652 5662 1692 5721 ab
1715 5663 1781 5736 ejus
1803 5675 1932 5735 corpora
2045 5701 2046 5712 .
