4160 6162
155 94 206 148 ret
416 114 418 118 ·
575 101 721 160 urucae
738 101 921 162 nonantule
939 99 967 157 S.
988 102 1091 165 GREG.
1116 109 1150 170 ΙΝ
1168 113 1239 172 tou.
1260 145 1295 160 ··-
1314 117 1379 174 tin.
1399 121 1454 175 llll.
1815 127 1869 187 Ἀθ

192 218 276 274 vens.
294 219 337 274 ll.
355 221 487 279 Putasne
498 229 634 280 mutuus
649 225 738 282 torno
750 241 872 286 rursum
884 227 986 284 curet?
1000 231 1026 288 t
1038 237 1151 292 secreto
1163 235 1348 307 judiciorum
1359 240 1424 310 Dei,
1446 241 1505 300 sub
1518 242 1654 316 quadarn
1667 244 1868 308 occultatione

154 335 188 346 -
204 305 306 364 Solam
318 309 390 380 justi
409 311 462 366 riri
477 311 507 368 in
520 329 557 368 co
570 313 654 385 quod
665 313 722 387 ipsi
736 317 851 374 certum
867 331 902 372 ac
913 314 984 374 soli·
1036 326 1182 394 ser-vatur,
1211 329 1244 385 ut
1271 327 1460 404 quandoque
1485 331 1577 390 edam
1590 331 1629 392 de
1644 331 1740 408 sigdln
1762 334 1868 394 secreti

152 393 229 451 dum
246 397 386 464 mutiunt,
396 401 484 472 quasi
498 417 534 458 ex
547 401 699 460 dubietate
714 403 828 479 aliqmd
841 405 984 478 proferre,
1035 412 1170 470 exeatsd
1187 413 1343 488 publicum
1351 415 1468 488 judicii.
1484 419 1567 478 Unde
1579 420 1670 482 etiam
1682 425 1867 500 perltoysen

155 484 388 546 utindrmorum
411 490 442 546 in
469 507 501 546 se
527 491 619 549 rerba
642 493 832 552 osmundi.
847 493 904 550 Sed
918 510 982 554 rur·
1036 499 1129 560 dicit:
1144 524 1160 552 «
1178 505 1280 562 Nonne
1295 505 1359 564 hmc
1382 511 1565 578 congregata
1583 515 1655 570 sunt
1666 511 1749 588 apud
1761 529 1822 586 me,
1837 517 1867 572 et

154 589 224 629 urm
238 575 409 646 perfortem
424 581 601 636 seutentiam
617 579 835 640 infirmantium
850 581 984 640 dubieta-
1035 589 1156 658 signata
1177 592 1209 650 in
1236 594 1382 652 thesauris
1396 595 1471 654 men
1485 596 1498 651 l
1513 597 1546 654 ln
1567 597 1650 658 dem
1667 600 1786 660 ultionis
1801 601 1866 662 red-

155 666 214 718 tem
239 665 415 722 omnimodo
442 669 661 741 oonnadiouat,
686 674 837 744 queuntis
851 687 904 744 per
925 670 982 730 boo
1033 676 1178 740 demittis
1199 683 1299 752 (Dent.
1323 700 1418 753 mn,
1433 687 1478 752 tl,
1493 689 1579 754 35).»
1607 689 1682 746 Cum
1710 706 1782 749 vcro
1810 707 1866 768 pro

150 753 235 824 quod
249 753 340 812 dubie
354 757 487 829 prolerre
503 764 677 824 cernuntur,
690 758 820 818 infirmis
838 759 982 834 alquale·
1033 767 1122 826 malie
1133 785 1204 842 quae
1216 771 1355 843 unimus,
1379 771 1544 848 discipline
1563 775 1682 848 flagello
1698 779 1864 850 atterimur,

151 856 210 898 nus
222 846 478 916 condescendant,
494 853 523 906 et
537 865 590 922 per
603 850 660 906 boe
674 853 789 908 certum
804 849 982 908 sententiam
1033 862 1061 912 et
1086 857 1151 914 heac
1176 875 1230 931 per
1258 862 1464 933 poeniunuam
1492 863 1649 938 deflemus,
1676 865 1865 940 imquitatem

152 931 315 1004 lifflfefufli·
330 934 520 996 intirmorum
534 943 651 996 mentm
664 937 775 996 dubias
789 937 828 996 ad
849 937 981 998 solidite·
1030 949 1210 1006 nostramet
1225 951 1325 1024 signat
1334 956 1363 1012 et
1377 957 1476 1022 curat;
1491 953 1564 1028 quia
1578 970 1633 1014 nec
1644 955 1739 1014 inulta
1753 956 1802 1013 hic
1814 955 1866 1014 de·

150 1027 209 1080 tem
232 1025 514 1100 bahantSoqmtur
531 1045 538 1084 :
556 1027 679 1086 Cunctis
692 1028 795 1085 diebus
808 1029 914 1100 quibus
929 1029 981 1084 uu'·
1033 1033 1111 1104 seril,
1128 1051 1184 1092 nec
1198 1037 1352 1110 injudicio
1363 1039 1517 1114 punienda
1527 1047 1632 1100 servat.
1643 1043 1693 1100 Vel
1705 1047 1783 1102 certe
1795 1060 1864 1122 peo-

151 1112 213 1180 tito‚
230 1117 475 1184 earpeetadonee
492 1119 592 1176 renim
605 1118 773 1174 immutatio
786 1133 861 1174 meo.
877 1149 911 1158 -
926 1117 981 1184 Oui
1032 1127 1100 1182 cata
1115 1129 1217 1184 nostra
1233 1127 1390 1196 signantur
1413 1127 1444 1186 in
1457 1129 1587 1200 sacculo,
1606 1147 1676 1188 cum
1691 1131 1773 1190 mala
1794 1149 1863 1208 quse

149 1201 250 1275 itaque
274 1202 517 1264 immutationem
532 1223 620 1266 sumu
643 1211 725 1264 tanto
748 1204 897 1264 desiderio
912 1222 979 1262 exs-
1030 1210 1166 1282 lecimus,
1186 1205 1319 1274 sollicito
1346 1211 1466 1292 semper
1485 1217 1574 1276 corde
1594 1235 1767 1294 pensamus.
1786 1221 1864 1290 Quid

149 1295 257 1363 pectet,
270 1308 364 1366 quam
379 1293 416 1352 sit
429 1293 467 1352 de
478 1296 694 1352 resurrectione
709 1299 817 1364 certus,
828 1293 977 1362 insinuat;
1031 1317 1164 1378 namque
1178 1307 1224 1360 ost
1249 1320 1301 1362 cor
1314 1304 1456 1376 hominis,
1470 1305 1528 1364 nisi
1552 1309 1690 1366 sacculus
1706 1309 1785 1368 neit
1807 1310 1863 1370 Ubi

148 1384 312 1436 etcinerem
336 1381 403 1438 ritae
430 1383 586 1456 praesentis
601 1389 748 1456 quantum
764 1381 919 1460 despiciat,
934 1381 979 1440 in-
1030 1390 1104 1448 dum
1131 1391 1264 1452 studiose
1287 1393 1491 1467 conspicimus
1506 1412 1559 1470 per
1580 1403 1695 1472 quanta
1715 1397 1863 1476 debuqui·

147 1468 275 1526 notesdt
287 1471 339 1544 qiu
353 1471 433 1528 bunc
449 1473 602 1530 miseriam
615 1472 819 1546 appellatl'er
832 1471 978 1528 malitiam
1029 1496 1109 1550 mus,
1129 1487 1252 1556 peccata
1266 1488 1368 1540 nostra
1383 1483 1470 1558 quasi
1485 1485 1515 1542 in
1536 1485 1588 1542 lici
1609 1487 1729 1546 sacculo
1746 1488 1864 1560 agnata

147 1560 260 1632 quippe
274 1575 392 1634 semper
406 1562 445 1618 ad
459 1561 551 1618 finem
567 1562 706 1632 tenditur,
718 1567 747 1620 et
762 1561 893 1636 quotidie
904 1576 976 1618 con·
986 1579 1015 1640 ,Β
1029 1575 1194 1642 portemus.
1210 1575 1252 1630 nc
1271 1571 1294 1630 si
1320 1588 1392 1645 ergo
1415 1573 1495 1632 dicat
1512 1591 1518 1630 :
1535 1576 1694 1642 Quomodo
1712 1577 1815 1650 signas
1830 1583 1863 1636 ut

145 1647 288 1706 clusionis
314 1651 457 1710 terminus
491 1655 687 1728 exspectatur.
720 1653 846 1708 Cursum
876 1650 976 1724 itaque
1026 1660 1428 1736 poemtendouideam,agis
1442 1663 1658 1736 proculdubio
1683 1683 1720 1724 ne
1736 1667 1861 1725 inretri·

148 1737 214 1794 vitae
236 1739 326 1814 hujus
341 1741 474 1818 despicit,
489 1747 518 1799 et
544 1747 656 1800 statum
672 1741 827 1798 soliditatis
842 1739 975 1814 requirit,
1029 1745 1151 1806 bunone
1165 1735 1333 1808 videantur.
1349 1751 1487 1826 sequitur
1503 1768 1510 1808 :

145 1829 198 1902 qui
212 1845 266 1904 per
276 1831 343 1898 boc,
359 1831 442 1906 quod
457 1831 638 1890 mutabiliter
651 1831 767 1898 militat,
783 1830 822 1886 ad
838 1829 976 1886 immuta·
1064 1839 1149 1896 vrrs,
1166 1843 1209 1912 tu,
1231 1843 1273 1898 te,
1301 1840 1388 1898 Mons
1414 1841 1523 1900 cadens
1550 1841 1664 1912 destun,
1696 1848 1723 1900 et
1751 1858 1859 1903 aarum

146 1917 258 1976 donem
274 1935 361 1976 suam
376 1920 529 1992 pervenire
545 1919 673 1976 festinat.
690 1918 828 1992 Sequitur
845 1935 850 1972 ε
1026 1928 1215 1997 transfertur
1228 1929 1264 1986 de
1283 1930 1347 1986 loco
1362 1945 1425 1986 suo.
1446 1929 1574 2001 Lapides
1597 1937 1744 1990 excavant
1761 1947 1858 2006 aqua,

181 2011 269 2064 Vens·
289 2012 331 2064 ¹5·
350 2009 472 2064 Vocatus
486 2023 543 2074 ²⁷⁴6,
558 2014 585 2064 ee
597 2023 650 2078 ⁸9⁰
669 2006 850 2076 Γθψθηᾶθῡθ
867 2005 929 2061 rici.
942 2037 975 2044 -
1028 2021 1057 2072 et
1070 2017 1225 2076 missione
1234 2019 1387 2088 paulatim
1404 2025 1486 2078 terra
1501 2023 1705 2092 consumitur·;
1722 2027 1750 2080 et
1765 2021 1859 2080 bomi-

51 2145 54 2152 ,
147 2095 339 2170 despondere
355 2096 625 2168 cuilibctdicimus,
642 2113 711 2151 cum
726 2096 791 2168 ejus
806 2093 976 2152 iactiscon-
1028 2118 1176 2176 memo
1191 2108 1450 2178 similiterpemer.
1464 2110 1572 2168 ..Hoc
1587 2109 1859 2184 ‹rubr-oemunt

146 2203 223 2256 tima
249 2186 287 2243 ad
311 2185 439 2244 ifll'issflffl
466 2203 558 2260 Opera
583 2184 749 2242 reddimus·
768 2189 798 2240 ¹1¹
817 2182 869 2240 ifle
887 2183 977 2254 igilur
1028 2192 1205 2252 cadentibus
1216 2194 1343 2268 rupibus
1359 2211 1467 2254 saxum
1481 2197 1521 2254 ad
1541 2198 1609 2256 loca
1623 2199 1683 2256 alia
1697 2199 1858 2258 nausiare-

145 2277 311 2336 mutatione
340 2281 427 2334 vocat
450 2277 604 2342 Dominus,
631 2279 659 2330 et
686 2273 847 2348 respondet
870 2273 973 2340 homo,
1027 2286 1084 2350 mr,
1099 2285 1131 2340 ut
1145 2299 1232 2358 aqum
1249 2283 1366 2358 lapides
1381 2289 1536 2358 excavent,
1564 2292 1592 2348 er
1618 2287 1765 2362 paulatim
1778 2291 1859 2348 terr-g

143 2367 217 2442 quia
232 2371 300 2424 ante
316 2365 477 2439 incorrupti
494 2363 868 2435 cla1·itatem,incorruptus
880 2361 974 2417 bomo
1024 2371 1228 2432 alluvionibus
1243 2378 1449 2432 commum,
1466 2375 1523 2434 Sed
1534 2391 1649 2448 magna
1664 2375 1753 2434 nobis
1765 2376 1859 2436 inum.

144 2455 310 2514 ostenditur
317 2459 387 2530 post
401 2453 633 2526 corruptionem.
644 2455 726 2508 Nunc
743 2449 852 2507 etenim
862 2465 974 2524 mous·
1023 2459 1105 2520 150oe
1118 2459 1343 2522 Quaerendum
1357 2465 1402 2520 est
1414 2463 1498 2538 quod
1511 2463 1636 2522 infertur
1652 2482 1658 2520 :
1671 2465 1710 2522 Ει
1726 2463 1858 2522 homine,

142 2561 202 2618 que
213 2543 324 2602 subditi
339 2542 521 2618 corruptioni
537 2559 651 2608 sumus,
669 2539 788 2596 ductori
801 2543 904 2595 nostro
919 2537 973 2594 mi·
1023 2550 1164 2610 umam
1175 2551 1294 2622 pffaer,
1311 2551 1388 2620 Quid
1401 2556 1448 2612 est
1461 2553 1542 2612 enim
1554 2553 1615 2612 hoc
1639 2553 1724 2630 quod
1737 2553 1857 2614 cadenti

141 2635 224 2691 nime
236 2633 466 2707 respondemus,
482 2635 564 2706 quia,
574 2631 648 2686 dum
660 2627 811 2702 corruptio
822 2627 861 2684 ab
873 2629 970 2684 incor-
1023 2639 1117 2714 ψῃ
1128 2643 1167 2698 er·
1179 2656 1252 2718 5310
1269 2640 1424 2712 translato,
1439 2641 1523 2717 quod
1536 2647 1680 2702 excavato
1707 2641 1811 2720 lapidi,
1827 2647 1856 2702 et

139 2723 281 2798 ruptione
296 2722 384 2792 longe
399 2725 453 2785 est,
469 2719 632 2776 similitudo
644 2721 717 2792 apta
729 2721 972 2789 nodrssraspon-
1023 2743 1077 2800 par
1088 2727 1273 2788 alluvionem
1286 2733 1370 2788 terrie
1384 2736 1572 2810 consumpte
1579 2731 1709 2809 perditio
1718 2733 1856 2792 humana

140 2814 219 2870 sioni
234 2817 361 2870 nonest.
379 2815 418 2868 lle
443 2809 496 2867 iiia
517 2827 589 2867 vcro
604 2808 811 2866 immutatione
826 2807 969 2880 scriptum
1021 2815 1081 2876 nisi
1096 2817 1249 2890 booquod
1272 2822 1408 2892 patenter
1429 2820 1519 2880 delur
1543 2821 1677 2894 intelligi»
1706 2822 1779 2896 (1⁰1²
1793 2821 1854 2880 ‘¹⁰⁰

139 2910 210 2960 este
227 2925 241 2952 «
255 2903 329 2958 Cum
344 2901 526 2974 apparuerit,
542 2899 653 2955 similes
667 2898 694 2954 ei
708 2898 830 2962 snmus,
846 2895 971 2968 quando
985 2926 1010 2986 c
1024 2909 1096 2964 sunt
1104 2921 1220 2982 genum
1232 2908 1434 2966 nautiorum
1448 2909 1462 2966 t
1486 2915 1583 2970 unum
1597 2911 1681 2986 quod
1707 2909 1740 2970 in
1754 2915 1854 2970 mente

36 3043 39 3054 ‚
138 2992 396 3049 ridebimuseum
425 2989 511 3046 sicuti
532 2984 971 3058 estildoua.nr,t).ssaqui·
1023 2995 1618 3074 guaqugfihomiuigpempenpnum
1638 2999 1855 3072 eventumagt.

139 3087 185 3138 tur
200 3099 209 3136 ³
227 3082 316 3151 Operi
325 3095 469 3136 'nanuum
483 3085 604 3134 ‘aarum
617 3077 738 3148 Writlt
751 3076 920 3132 mmm·
936 3105 971 3116 ··
1024 3073 1082 3152 uir,
1096 3087 1246 3160 quatenus
1258 3083 1300 3140 sic
1310 3083 1409 3142 subito
1418 3088 1553 3152 ennam,
1568 3085 1690 3142 nthunc
1699 3085 1855 3162 inopinato

137 3177 177 3228 Ac
193 3171 222 3227 si
235 3174 370 3244 patenter
382 3167 462 3224 diost
479 3167 610 3226 :trumo
624 3169 759 3224 multe
771 3162 972 3237 corruptibilis
1021 3177 1133 3230 eventu
1148 3171 1299 3230 conatast
1313 3177 1341 3230 et
1368 3177 1549 3246 prosternat,
1572 3189 1738 3248 casumque
1763 3190 1855 3236 suum

133 3259 300 3334 persistere
310 3259 353 3314 ad
367 3255 623 3330 incorruptionem
636 3254 832 3328 potestque
847 3257 905 3310 tute
919 3267 971 3325 po
1024 3259 1153 3325 nonnisi,
1183 3265 1347 3336 postquam
1373 3261 1522 3331 ceciderit,
1552 3261 1660 3323 uacet
1677 3263 1765 3321 lund
1782 3279 1855 3324 vero

135 3348 259 3406 testatis
274 3363 367 3406 manu
389 3345 522 3416 erigitur,
537 3349 566 3402 ὑῒ
588 3344 631 3402 issi
644 3348 797 3417 Wlfflin!
811 3341 916 3412 Stetit,
940 3345 973 3400 ¹¹²
1023 3350 1105 3424 quod
1135 3350 1280 3424 paulatim
1306 3351 1388 3408 venit
1411 3351 1443 3408 in
1457 3355 1600 3424 menum,
1626 3355 1655 3409 et
1668 3351 1854 3410 resistentem

137 3437 288 3512 persistat,
302 3441 427 3494 tenetur.
445 3435 543 3492 Potest
562 3449 685 3508 quoqne
698 3433 828 3490 dexte&
848 3429 970 3490 nomine
1023 3441 1160 3498 animum
1169 3441 1288 3498 lenibus
1305 3441 1549 3512 suggestionibus
1560 3442 1853 3514 inficit,ctomnesin

136 3529 230 3586 titius
256 3527 417 3598 designari,
446 3526 518 3599 quia
542 3521 675 3582 «omnia
700 3539 754 3597 per
774 3521 874 3596 ipsium
892 3521 970 3580 scota
1023 3545 1059 3588 eo
1074 3531 1149 3587 viros
1161 3530 1293 3604 justitiae,
1305 3546 1367 3588 non
1379 3531 1666 3604 nimietatesua‚sed
1679 3531 1853 3590 assiduitate

136 3623 211 3676 sunt
223 3617 322 3690 (Jcon.
336 3633 355 3685 r,
370 3619 407 3684 a).
425 3637 439 3666 u
454 3615 542 3689 Operi
567 3615 658 3686 igtur
671 3628 818 3671 manuum
844 3625 970 3670 tucrum
1023 3619 1182 3678 consumit.
1199 3619 1275 3688 Quia
1300 3635 1373 3692 crgo
1388 3619 1446 3678 alia
1468 3625 1513 3678 est
1533 3620 1658 3680 tenues
1671 3637 1741 3696 qum
1753 3622 1852 3694 justos

135 3707 271 3782 porrexit
291 3706 482 3780 omnipotens
510 3708 586 3762 ileos
612 3704 768 3762 dextemm
781 3717 881 3768 suem.
896 3699 970 3774 quie
1022 3709 1200 3786 piorumque
1226 3709 1326 3767 subita
1349 3710 1505 3770 invasione
1519 3711 1689 3785 prosternit,
1709 3711 1850 3769 duta:

135 3803 170 3855 ut
195 3797 348 3870 abjectam
374 3800 464 3868 atqm
478 3794 510 3850 in
524 3793 636 3852 intimis
652 3794 766 3866 janeus,
784 3791 824 3850 ad
848 3805 970 3848 summe
1021 3799 1108 3856 Mons
1120 3799 1208 3856 cuder-
1226 3799 1358 3868 surpuit,
1369 3803 1396 3854 et
1411 3813 1519 3857 caeam
1534 3800 1723 3870 transsertur
1736 3800 1774 3856 de
1787 3801 1851 3858 loco

135 3885 265 3957 erigeret
290 3899 387 3954 genus
417 3883 597 3953 humanum,
628 3881 818 3938 menaeus
845 3876 885 3936 od
910 3876 969 3934 11⁰0
1021 3902 1085 3956 suo,
1099 3887 1188 3943 idest
1205 3911 1219 3942 n
1236 3901 1290 3942 cns
1317 3901 1373 3942 sua
1401 3890 1516 3958 sancta,
1532 3889 1620 3960 eujus
1639 3886 1853 3958 bcusjust'n'a

135 3972 331 4045 unigenitam
346 3970 435 4037 misit,
449 3971 585 4040 esculus
600 3966 905 4026 consummatione
917 3964 969 4022 aa·
1022 3974 1272 4047 incusamusa
1285 3973 1383 4030 subito
1394 3973 1568 4030 emersum
1583 3973 1853 4046 occupaueru-
1929 3964 1934 3976 '

133 4069 205 4121 inm
216 4065 274 4126 0⁸2,
291 4077 308 4116 u
321 4058 388 4132 :qui
400 4073 437 4115 ΘΙ
450 4057 601 4114 voluntate
614 4057 737 4130 Μὴ
750 4056 781 4112 'ln
806 4052 970 4126 wrrupilO·
1023 4079 1091 4119 sum
1102 4062 1175 4136 quia
1188 4061 1248 4118 alis
1262 4065 1306 4117 est
1320 4061 1442 4118 mutabo
1456 4077 1564 4134 quaesc
1576 4061 1660 4117 cordi
1672 4061 1851 4118 homiuisle-

132 4167 210 4210 nem
235 4148 409 4216 cecidimus,
437 4147 557 4204 vocanti
572 4161 628 4204 nos
654 4149 713 4204 lieo
727 4142 912 4219 nandoque
929 4140 969 4200 od
1022 4147 1286 4217 niteriniunuitnr,
1302 4148 1578 4206 omncmduritiam
1592 4147 1773 4206 foritudinis
1789 4165 1852 4208 cor·

133 4237 372 4314 incorruptionis
387 4237 516 4309 gloriam
529 4235 710 4311 respondere
735 4233 902 4292 adeamus.
917 4233 967 4292 So-
981 4277 1008 4338 n
1022 4239 1135 4314 rumpit
1142 4243 1232 4313 atquc¹
1243 4237 1402 4309 consumit,
1414 4237 1532 4296 dicatur
1545 4239 1692 4310 :mptdes
1702 4247 1852 4302 macone

132 4332 259 4406 quitur:
1022 4347 1118 4404 aqna.
1133 4329 1208 4398 Quin
1233 4328 1370 4386 videlicet
1394 4328 1536 4388 duritiam
1560 4329 1669 4387 mentis
1688 4329 1851 4390 absorbent

169 4423 260 4478 Vsus.
273 4417 320 4475 ta.
341 4419 384 4475 ru
398 4417 517 4490 quidm
531 4431 649 4488 queunt
663 4431 742 4474 meos
754 4417 967 4492 meraco,
1021 4421 1145 4480 assidua
1157 4425 1186 4478 et
1200 4419 1302 4477 niolio
1315 4419 1523 4478 blandimenta
1536 4419 1680 4494 titudinis,
1692 4424 1721 4480 et
1733 4417 1850 4483 lentum

134 4513 188 4568 sed
202 4509 537 4582 pureepeecntirmeis.
554 4539 587 4550 -
602 4509 726 4564 Grcssus
740 4507 968 4568 Deusdinnme-
1021 4516 1111 4586 atque
1139 4510 1247 4568 soluite
1271 4509 1374 4567 vitium
1399 4510 1569 4584 corrumpit
1591 4509 1707 4570 durmin
1732 4511 1850 4571 atiorte

133 4605 192 4665 rat,
207 4615 278 4656 cum
292 4598 413 4668 singula
424 4600 668 4670 insequendum
682 4611 775 4670 opera
789 4601 911 4671 propter
923 4615 968 4660 re-
1020 4600 1209 4675 prcposituur
1220 4600 1340 4658 mentis.
1358 4599 1441 4656 Unde
1459 4597 1600 4656 subditur
1614 4616 1621 4654 :
1634 4599 1674 4656 Et
1696 4601 1851 4658 arnum

135 4689 333 4747 tributionem
347 4687 456 4758 signat.
487 4687 564 4754 Quid
578 4686 657 4742 enim
678 4686 708 4742 in
721 4686 888 4758 menibus,
909 4687 966 4748 nisi
1018 4691 1168 4762 punicum
1199 4695 1281 4746 terra
1296 4689 1492 4745 concomitnr.
1518 4687 1692 4745 Sicutenim
1706 4687 1849 4747 influente

133 4791 332 4854 imaquoeque
345 4779 449 4832 nosne
463 4775 540 4832 acuo
554 4775 729 4846 matrones
743 4776 757 4832 t
771 4777 968 4849 Omnipotens
1021 4796 1102 4853 aqua
1116 4777 1263 4852 paulatim
1277 4775 1463 4833 eonsumitur
1473 4779 1563 4848 terra,
1577 4775 1622 4832 sic
1634 4774 1740 4836 lonitm
1753 4774 1850 4840 subri-

134 4867 239 4941 itaquc
251 4865 330 4921 baris
344 4869 373 4921 et
388 4879 509 4936 gressus
522 4864 701 4934 dinumerat,
715 4869 745 4921 et
755 4865 850 4938 parcit
864 4881 969 4938 pecca·
1019 4869 1120 4942 piente
1148 4866 1217 4924 sitio
1240 4881 1327 4922 mens
1349 4865 1440 4922 etiam
1454 4864 1538 4921 tortis
1561 4863 1748 4926 absorbetur.
1766 4865 1849 4930 unde

123 4957 183 5026 tis,
209 4955 283 5030 quia
311 4959 340 5011 et
367 4953 512 5011 subtiliter
533 4957 599 5012 acta
626 4958 729 5010 nosne
744 4953 923 5024 considerat,
938 4959 967 5014 et
1020 4955 1098 5013 bene
1113 4953 1305 5026 subjungitur
1321 4955 1379 5010 :ut
1396 4953 1527 5010 buettner
1547 4968 1619 5026 erpo
1632 4955 1771 5013 codidie·
1781 4970 1850 5026 per-

128 5047 239 5103 tamen
261 5044 328 5101 nec
356 5043 568 5118 penitentibus
595 5041 824 5101 misericorditer
841 5044 966 5104 relaxat.
1020 5046 1081 5114 des,
1095 5044 1129 5104 id
1143 5047 1197 5113 est,
1219 5042 1293 5116 quia
1317 5059 1389 5102 cum
1417 5042 1609 5102 tunionem
1633 5043 1715 5116 justo
1729 5043 1848 5118 judicio

129 5135 296 5210 Sequitur:
1019 5134 1084 5206 eju»
1099 5133 1192 5190 manti
1201 5131 1255 5206 qui
1266 5135 1347 5192 atara
1356 5129 1613 5206 inallocernitur,
1625 5128 1849 5208 repentedomi·

169 5227 258 5280 Vsus.
277 5223 319 5280 tr.
331 5223 468 5296 Sipnam
475 5226 564 5296 quasi
571 5224 693 5281 sacruto
706 5223 818 5282 &licto
831 5225 968 5294 meo,aed
1019 5221 1084 5280 aari
1099 5221 1255 5296 permittis,
1270 5221 1378 5280 cadere
1402 5237 1438 5278 ao
1465 5221 1597 5280 dctluere
1616 5221 1690 5280 lacis
1703 5219 1846 5284 monem,

134 5314 254 5371 curasti
266 5311 454 5385 interneciem
469 5327 575 5370 mean
589 5345 625 5354 -
640 5311 803 5383 signantur
821 5313 911 5384 quasi
934 5311 966 5370 in
1016 5315 1047 5368 at
1061 5310 1202 5369 voluntas
1222 5311 1262 5368 ad
1286 5309 1435 5382 judicium
1459 5312 1675 5370 mmmuutur,
1698 5300 1787 5376 quasi
1807 5301 1848 5364 ad

136 5401 261 5459 sacculo
276 5401 384 5458 delicta
398 5405 511 5469 nostra,
527 5401 667 5473 quiahoc
676 5401 760 5475 quod
769 5415 827 5457 uos
838 5401 966 5458 extedus
1021 5404 1121 5458 iorum
1136 5398 1229 5458 adum
1244 5399 1418 5458 transfertur
1432 5414 1550 5456 saxum
1569 5391 1706 5466 Sequitur
1722 5410 1728 5448 :

131 5491 268 5563 'agimus
277 5491 334 5549 nisi
347 5487 521 5564 peonitentia
529 5489 743 5548 interveniente
757 5489 919 5558 dinamus,
934 5489 965 5546 in
1056 5488 1196 5550 Vsusne
1209 5487 1369 5550 Robora-sti
1387 5501 1453 5544 eum
1467 5479 1639 5554 paulutum,
1654 5486 1687 5536 ut
1700 5482 1732 5540 in
1745 5496 1847 5554 perpe·
