4106 6148
122 196 175 251 949

779 191 950 280 aristone
968 190 1177 248 sinuosus

1704 197 1705 200 ’
1779 203 1834 260 95θ

122 333 191 374 cum
206 317 400 388 monialibus,
415 317 463 374 vel
477 317 625 388 cognatis,
641 317 689 374 vel
704 333 773 374 cum
785 316 849 372 aliis
867 314 991 381 ithai-‚a
1007 318 1127 372 sanctos
1140 315 1180 374 ad
1195 317 1314 374 coelutn.
1328 321 1481 386 Quatenus
1489 320 1750 394 qtmdragesimala
1758 323 1836 398 jeju·

121 406 157 462 tis
174 407 320 478 personis.
336 411 450 464 Sanctae
464 407 544 478 enlm
566 407 779 464 recordationis
793 404 951 475 Gregorius

120 512 212 568 papa,
237 497 465 570 cumpluribus
489 497 647 570 episcopis,
673 512 727 552 seu
745 494 951 553 sacerdotibus

120 585 244 655 caeteris,
255 585 421 643 inhasilica
434 586 513 642 beati
531 586 604 644 Petri
624 585 752 658 apostoli
773 583 948 642 constituit:

121 673 149 728 Si
163 673 230 746 quis
245 675 437 746 monacham,
452 691 547 747 quam
564 674 615 730 Dei
630 674 769 730 ancillam
785 671 946 746 appellant,

121 763 152 817 in
175 763 315 834 conjugio
333 763 461 833 duxerit,
486 765 648 824 anathema
671 765 718 820 sit.
742 767 773 822 Et
787 763 950 837 responde-

117 855 187 907 runt
196 867 301 908 omnes
315 870 321 907 :
341 859 446 909 nmen.
460 857 516 910 Nos
525 853 637 926 quippe
652 853 791 910 eamdem
805 851 946 925 apostoli-

117 955 183 994 cum
200 941 406 997 auctoritatem
418 947 588 1015 sequentes
604 942 691 998 simili
707 942 798 998 modo
811 940 945 1011 jaculum

117 1028 334 1085 maledictionis
348 1029 458 1086 talihns
475 1031 679 1103 imponamus,
691 1030 749 1086 nisi
764 1035 946 1101 complusa

114 1122 177 1173 tam
206 1118 338 1175 nefanda
366 1120 602 1193 praesumptione
635 1119 674 1176 ad
706 1118 944 1175 satisfactionem

115 1207 291 1278 pervenerit.

430 1299 543 1354 CAPUT
559 1298 632 1352 Vttt.

152 1387 263 1440 Octavo
278 1386 409 1458 capitulo
421 1386 616 1442 observamus
633 1406 640 1442 ε
657 1391 690 1442 ιιι
712 1387 836 1460 quando
850 1386 880 1444 in
895 1387 946 1442 ali·

114 1490 176 1545 quo
192 1480 340 1530 conventu
355 1476 535 1542 venerimus,
553 1480 614 1531 tota
627 1475 791 1531 intentione
807 1475 943 1530 conside-

113 1578 214 1616 remus
230 1564 311 1634 quod
329 1563 483 1619 Ilsnlmista
499 1579 554 1620 nos
569 1563 722 1628 admonet,
749 1564 870 1619 dle-ens:
887 1566 943 1618 Do-

1006 403 1100 472 nium,
1122 406 1255 471 Quatuor
1268 410 1425 480 Tempora,
1440 413 1469 466 et
1484 409 1541 490 alia
1559 409 1693 479 legitima
1704 411 1832 484 jejunii,

1005 492 1140 548 videlicet
1154 511 1181 549 iv
1196 495 1311 565 leriam,
1326 507 1354 552 et
1369 496 1526 564 vitoriam,
1541 514 1611 556 cum
1630 515 1744 570 magna
1756 501 1832 573 vigi·

1003 580 1095 638 lantia
1109 583 1270 640 ohservare
1281 585 1425 642 studeatis
1441 602 1449 642 ι
1464 591 1492 643 et
1508 602 1598 660 super
1612 589 1717 648 omnia
1731 591 1831 648 Domi-

1002 671 1205 738 alcuineum,
1231 678 1260 730 ct
1284 673 1651 744 sanctorumlestivItates,
1667 676 1754 734 sicuti
1780 693 1830 734 ca·

1001 774 1063 816 non
1078 765 1107 816 et
1120 762 1258 835 esempla
1267 763 1501 836 praecedentium
1515 761 1677 834 affirmant,
1692 765 1731 822 ab
1747 766 1831 824 omni

1002 848 1136 906 seculari
1142 866 1233 923 opera
1243 853 1413 910 cautissime
1425 851 1577 910 custodire
1590 854 1764 926 procuretis,
1774 871 1831 912 nee

1001 939 1260 1010 superstitionibus
1275 942 1360 996 vanis
1389 956 1571 997 consensum
1585 941 1744 1014 praebeatis
1759 960 1766 997 :
1780 959 1830 998 ne-

1000 1045 1059 1101 que
1075 1018 1242 1087 creaturam
1266 1034 1470 1105 procreatore
1493 1031 1619 1100 magicis
1640 1030 1829 1087 illusionibus

1001 1117 1174 1184 adorabitis,
1196 1119 1267 1192 quia
1283 1119 1335 1193 qui
1357 1118 1429 1176 talia
1448 1123 1542 1190 agunt
1560 1134 1688 1190 regnum
1701 1119 1752 1176 Dei
1764 1135 1828 1176 non

1000 1207 1207 1279 possidebunt.

1336 1299 1447 1354 CAPUT
1462 1299 1492 1353 X.

1036 1385 1155 1442 Decimo
1170 1385 1300 1458 capitulo
1312 1383 1505 1457 mandamus,
1516 1387 1544 1440 et
1555 1383 1680 1442 fideliter
1690 1384 1827 1442 obsecra·

999 1489 1077 1541 mus,
1103 1475 1140 1529 dc
1168 1476 1292 1531 decimis
1319 1475 1438 1542 dandis,
1458 1475 1533 1530 sieut
1549 1474 1580 1530 in
1597 1473 1663 1545 Iege
1683 1475 1826 1548 scriptum

998 1568 1042 1618 est
1058 1581 1063 1618 :
1080 1566 1232 1620 Decimum
1255 1571 1372 1634 portem
1396 1581 1434 1621 eeu
1452 1565 1587 1621 omnibus
1600 1565 1741 1636 sruqibus
1757 1567 1826 1638 tuis,

113 1652 212 1706 minus
233 1653 378 1720 prospicit
392 1667 483 1721 suuper
497 1653 575 1720 fitius
598 1651 749 1708 hominum
775 1653 868 1722 (Psoi.
884 1652 942 1722 ιιι),
958 1669 980 1724 Β
997 1667 1048 1710 seu
1074 1655 1217 1722 primitiis
1243 1653 1364 1723 deseras
1385 1656 1416 1709 in
1436 1655 1555 1710 domum
1572 1655 1695 1710 Domini
1712 1655 1768 1712 Dei
1782 1657 1828 1711 tui

114 1739 287 1812 etreliqua3
311 1745 339 1796 et
362 1740 468 1796 iterum
486 1759 491 1795 :
510 1743 653 1796 Dominus
676 1742 943 1810 di'ssr'pctccnsittu
998 1741 1095 1810 (Dent.
1126 1743 1183 1813 ιιι).
1224 1745 1350 1796 Rursum
1378 1757 1433 1814 per
1457 1742 1637 1815 prophetam
1667 1759 1673 1798 :
1700 1744 1825 1812 afferte,

113 1831 258 1898 ¹neutuna,
286 1834 315 1885 et
338 1830 454 1902 reliqua
482 1847 579 1902 nsque
607 1833 636 1885 in
664 1831 865 1908 battuentem
888 1832 945 1886 stoi
997 1831 1103 1902 inant,
1129 1845 1242 1887 nuntiem
1258 1831 1403 1886 decianam
1420 1831 1450 1886 tn
1467 1830 1607 1886 horreum
1621 1845 1729 1903 meum,
1740 1837 1774 1886 ut
1788 1833 1826 1888 sit

116 1919 210 1983 (Psoi.
227 1923 316 1985 xxii),
335 1918 402 1973 Ideo
417 1919 646 1990 praevidendum
659 1925 712 1990 est,
727 1919 842 1986 fratres,
860 1924 891 1974 ut
906 1920 944 1975 sit
998 1920 1079 1974 cibus
1093 1922 1122 1975 tn
1147 1921 1232 1975 domo
1252 1936 1327 1986 nico,
1347 1925 1373 1976 et
1391 1921 1517 1989 probate
1531 1935 1577 1976 me
1597 1934 1688 1990 super
1707 1921 1772 1977 hoc.
1792 1915 1837 1977 st*

114 2008 275 2063 concordia
294 2011 323 2063 et
336 2008 517 2063 unanimitas
532 2007 608 2062 iuter
622 2007 782 2080 episcopos
795 2008 943 2079 etprinci·
997 2023 1057 2064 nott
1084 2021 1230 2077 aperuero
1249 2007 1328 2064 uobis
1349 2013 1521 2063 cataractus
1544 2008 1622 2077 coeti,
1645 2014 1672 2062 et
1692 2009 1825 2078 effudero

113 2114 178 2169 pes,
200 2113 383 2170 omnemque
397 2098 543 2172 populum
560 2097 771 2167 Christianum,
788 2103 820 2152 ιιι
831 2099 867 2152 sit
876 2099 942 2154 uni·
998 2097 1228 2164 benedictionem
1256 2112 1348 2168 usque
1365 2097 1405 2152 cd
1423 2096 1643 2177 abundantium
1656 2111 1668 2153 .·
1681 2102 1708 2152 et
1730 2099 1825 2154 incre-

114 2192 158 2240 tas
184 2185 295 2258 ubique
316 2186 509 2242 ecclesiarum
526 2187 585 2255 Dei,
603 2190 630 2242 et
644 2202 703 2259 pax
717 2205 723 2242 ι
738 2187 800 2242 iuro
823 2203 884 2242 una
906 2187 944 2242 sit
995 2187 1074 2255 pudo
1085 2201 1142 2255 pro
1157 2187 1238 2241 uobis
1251 2187 1303 2256 qut
1317 2185 1441 2241 comedit
1456 2189 1484 2241 et
1504 2187 1669 2254 corrumpit
1681 2186 1823 2254 tfructum

114 2274 252 2340 Ecclesia,
267 2274 337 2344 fide,
348 2281 437 2347 spect
451 2275 941 2348 charitate,uuumhahenscaput,
996 2280 1085 2331 terra
1114 2279 1228 2340 uestroe,
1260 2279 1287 2330 et
1320 2289 1380 2328 non
1404 2273 1461 2329 erit
1484 2273 1568 2328 ultra
1589 2273 1621 2328 in
1650 2286 1684 2328 eu
1713 2274 1823 2329 sterilis

111 2364 194 2434 qiicd
209 2369 253 2418 cst
267 2364 409 2433 Christus,
426 2365 512 2436 cujus
523 2365 699 2421 memhrase
711 2365 840 2420 Invicem
854 2366 941 2436 adju·
996 2362 1140 2429 (Mutari.
1159 2363 1210 2432 ιιι).
1236 2362 1317 2418 Unde
1338 2365 1450 2416 etcum
1470 2358 1665 2417 obtestatione
1690 2361 1824 2434 praecipi·

110 2467 181 2508 vare
199 2457 364 2525 mutuaque
386 2454 529 2510 charitate
547 2454 668 2517 dilicere
685 2454 805 2517 dehent,
831 2459 863 2509 ut
877 2454 941 2526 ipse
995 2468 1074 2521 mus,
1091 2455 1123 2506 ut
1138 2467 1244 2506 omnes
1268 2451 1407 2506 studeant
1425 2449 1462 2505 de
1477 2448 1623 2506 omnihus
1638 2463 1706 2521 quaa
1729 2449 1824 2522 possi·

111 2540 163 2597 ait:
179 2541 215 2596 In
229 2541 284 2597 hoc
295 2549 475 2614 concrescunt
489 2543 937 2616 omnes,etreliquatlounurv).
995 2542 1066 2596 dent
1079 2539 1151 2596 dare
1165 2539 1308 2606 decimas,
1325 2540 1398 2612 quia
1413 2537 1541 2612 speciale
1558 2537 1674 2594 nomini
1691 2537 1741 2594 Dei
1753 2541 1818 2594 est:

441 2631 555 2688 CAPUT
571 2632 612 2687 ll.
994 2633 1022 2688 et
1043 2629 1081 2686 dc
1095 2645 1204 2686 novem
1220 2627 1355 2702 partibus
1372 2627 1430 2684 sihi
1443 2628 1554 2697 vivant,
1570 2630 1598 2684 et
1612 2626 1821 2700 eleemosynas

147 2719 229 2772 Nono
243 2717 373 2790 capitulo
384 2717 585 2774 admonemus
593 2719 633 2789 jej
639 2720 743 2774 unium
757 2719 937 2790 [addendum
993 2720 1134 2777 tribuant.
1162 2718 1322 2776 Veritatem
1344 2721 1445 2774 autem
1458 2717 1610 2785 molentes,
1624 2715 1656 2772 in
1678 2716 1821 2776 charitato

111 2811 139 2862 et
149 2806 327 2878 orationem]
337 2823 407 2862 cum
422 2807 624 2879 elecmosynis
639 2813 725 2864 caute
739 2812 767 2864 et
784 2808 939 2878 vigilanter
994 2822 1174 2864 maneamus
1190 2806 1220 2861 in
1235 2806 1285 2862 illo
1306 2805 1358 2877 qui
1370 2810 1415 2862 est
1429 2807 1506 2862 Deus
1529 2803 1705 2862 benedictus
1722 2804 1752 2860 in
1767 2820 1820 2862 sm-

110 2897 378 2952 eonservarezistra
397 2897 476 2952 enirn
497 2902 565 2953 sunt
579 2901 639 2954 tres
659 2897 713 2953 alae
729 2913 797 2972 quaa
825 2897 973 2956 ducuntC
994 2895 1062 2953 cula
1077 2894 1266 2952 saecirlorum.
1284 2899 1389 2951 Amen.

434 3224 930 3404 sectori
988 3221 1498 3402 ononis

742 3507 951 3578 ancntartscot‘t
973 3505 1188 3548 otnruatttartsts

563 3629 914 3756 EPISTULA
964 3633 1371 3754 sintita-‘itta'

643 3863 687 3916 ιι)
706 3863 898 3920 EPISCOPOS
914 3863 979 3920 SIBI
992 3861 1279 3920 SUFI'RAGANEOS.

732 4001 832 4076 (Apud
853 4003 945 4060 llansi
959 4001 1034 4070 ibid,
1050 4001 1104 4058 col.
1119 4002 1193 4072 398).

858 4151 1071 4166 m

144 4315 264 4373 ltirahili
291 4315 519 4388 cunctipotentis
543 4315 682 4389 polorum
710 4317 845 4390 praesulis
879 4280 971 4374 cle-D
991 4317 1068 4372 Deus
1080 4329 1135 4370 nos
1148 4312 1301 4386 operarios
1316 4311 1476 4370 constituit.
1486 4311 1561 4384 (274)
1575 4312 1620 4383 [at
1633 4309 1739 4380 multa,
1750 4310 1816 4384 qui-

107 4405 219 4461 mentia
234 4404 409 4478 opttulante,
420 4421 476 4475 ego
492 4405 697 4462 OdoEcclesiae
712 4406 871 4464 salvatoris
881 4409 934 4462 Do·
990 4404 1047 4459 hus
1064 4419 1141 4459 onus
1157 4402 1349 4475 pontificatus
1369 4401 1501 4474 exponit,
1517 4399 1670 4457 subdidit:
1686 4400 1817 4472 lidcirco

107 4493 180 4549 mini
195 4495 287 4550 nostri
301 4495 372 4550 Iesu
394 4493 499 4550 Christi
520 4493 773 4566 archiepiscopus,
783 4494 934 4551 Dorobor-
988 4493 1150 4561 humiliter,
1175 4492 1262 4565 quasi
1277 4491 1430 4562 indignus,
1453 4490 1506 4546 sed
1520 4490 1654 4562 devotus,
1669 4505 1775 4564 precor
1790 4493 1819 4548 et

107 4583 208 4638 nensis
232 4583 357 4640 ciuitatis
381 4583 639 4656 metropolitanus,
664 4583 850 4658 coepiscopis
864 4583 934 4639 fidei
988 4584 1091 4639 hortor
1106 4582 1292 4638 sanctitatem
1304 4585 1446 4646 vestram,
1462 4595 1500 4636 nc
1514 4579 1611 4652 tepide
1626 4583 1655 4636 et
1666 4579 1818 4650 negligen-

108 4672 263 4728 catholieae
293 4672 602 4745 compaginatoribus,
628 4672 752 4745 spiritali
780 4673 933 4744 charitate,
988 4677 1032 4728 ter
1054 4671 1085 4728 in
1108 4671 1252 4740 regimine
1275 4670 1446 4726 animarum
1460 4667 1683 4739 convertemini,
1703 4673 1736 4726 ut
1755 4684 1818 4726 non

107 4761 195 4818 ctiam
207 4762 366 4818 consitatus
378 4763 486 4833 rigore,
502 4762 575 4817 meis
586 4761 794 4830 confratribus,
807 4777 935 4834 praescn-
988 4761 1019 4816 iu
1046 4765 1180 4832 tempore
1209 4757 1371 4816 tremendae
1396 4757 1535 4814 vindIctae
1557 4760 1756 4830 conqueratur
1780 4758 1818 4814 de
1913 4813 1916 4820 ,

108 4851 182 4906 tium
211 4851 440 4924 prosperitatem
465 4851 643 4924 ietherquue
666 4849 782 4907 decoris
810 4849 934 4907 heatitu-
988 4847 1074 4906 vobis
1102 4847 1256 4916 Dominus,
1283 4847 1385 4902 dicens
1402 4847 1562 4904 :Pastores
1583 4863 1644 4904 non
1654 4848 1818 4921 pascebant

106 4941 218 4997 dinem.
988 4953 1107 5009 precem
1129 4929 1239 5004 mcum,
1264 4935 1316 4992 sed
1338 4937 1505 5008 senetipsos
1531 4936 1646 5008 (Ezech.
1663 4937 1775 5009 xxxiv),
1790 4941 1820 4994 et

144 5028 171 5084 Si
192 5027 293 5100 ahquc
309 5025 473 5083 mododeri
485 5032 586 5100 posset
600 5031 631 5082 ut
643 5029 933 5101 totiusmundiopes
988 5027 1120 5084 iterum:
1145 5027 1302 5096 Principes
1320 5025 1511 5096 exstiterunt,
1539 5033 1567 5084 et
1595 5041 1648 5098 eqo
1673 5027 1815 5100 innocent

106 5123 175 5173 ante
196 5121 313 5172 nostros
338 5119 521 5188 ponerentur
533 5115 668 5186 obtutus,
682 5117 722 5173 ita
741 5121 772 5171 ut
786 5115 934 5190 imperiali
989 5117 1064 5188 (Ose.
1081 5133 1138 5186 vui,
1154 5115 1190 5188 t).
1208 5115 1264 5172 Sed
1281 5114 1380 5187 potius
1393 5129 1533 5172 curemus
1548 5114 1669 5175 Iamiliae
1686 5115 1815 5178 Domini,

108 5221 232 5262 munere
254 5205 343 5262 nohis
368 5201 571 5260 universaliter
592 5203 784 5272 deservirent,
809 5205 935 5262 libenter
989 5221 1079 5278 super
1106 5220 1168 5278 qua
1191 5219 1247 5260 nos
1272 5201 1422 5260 constituit
1445 5207 1586 5272 rectores,
1611 5201 1713 5258 cibum
1744 5201 1817 5258 dare

106 5293 156 5350 illa
171 5293 273 5350 omina
288 5293 625 5364 distribueremmeque
634 5291 734 5364 ipsum
745 5293 869 5366 Insuper
878 5309 933 5366 pro
988 5296 1163 5368 intempore
1179 5309 1244 5362 suo,
1261 5309 1435 5350 mensuram
1455 5291 1551 5363 tritici,
1574 5289 1733 5364 probatam
1763 5288 1816 5346 sei-

107 5391 273 5440 vestrarum
290 5385 460 5440 animarum
477 5381 571 5437 salute
586 5383 803 5454 Impendereiu.
818 5384 934 5458 Quippe
989 5385 1056 5441 licet
1070 5382 1247 5438 doctriuam.
1266 5385 1298 5438 Et
1317 5380 1457 5455 quamvis
1477 5379 1652 5436 meritorum
1673 5377 1816 5451 qualiiate
1840 5423 1844 5434 .

106 5473 252 5546 quoniam
267 5473 451 5545 melpsuma
477 5475 582 5526 vestrae
599 5473 762 5528 sancIItatis
775 5471 872 5529 studio
885 5491 934 5530 cu·
989 5490 1050 5530 non
1074 5489 1257 5546 praesumam
1274 5469 1422 5527 consolari
1442 5473 1471 5524 et
1492 5467 1604 5524 hortari
1628 5482 1815 5542 quemquam

107 5563 158 5638 pio
169 5567 198 5618 et
213 5577 300 5634 spero
315 5560 502 5618 corroborari
517 5576 654 5634 supereo
667 5561 770 5635 inquo
791 5563 934 5620 Domitius
989 5565 1100 5638 quippe
1108 5562 1160 5636 qui
1167 5560 1405 5629 solusindignus,
1417 5557 1717 5616 etinnumerabilium
1725 5558 1815 5632 culpa

182 5667 256 5744 (274)
273 5669 345 5736 Quae
361 5666 448 5726 uncis
463 5669 532 5726 sunt
544 5666 671 5742 inclusa,
687 5671 760 5750 puto
777 5683 843 5726 csse
854 5667 989 5726 Willelmi
1003 5665 1286 5738 malmesburiensis,
1300 5663 1352 5740 qui
1366 5663 1446 5722 hanc
1455 5663 1615 5740 epistolam
1628 5664 1726 5724 refert.
