4104 6162
269 53 322 110 ast
789 40 817 98 S.
839 37 968 95 000le
987 29 1133 94 Abbbflfl
1149 29 1402 88 chuniacensis
1423 31 1456 86 ll.
1884 45 1920 102 gg

266 171 381 230 ratione
397 170 490 240 justa,
501 164 652 236 generatio
663 175 735 220 vero
758 161 874 220 Geraldi
895 158 1094 234 quaerentium
1113 179 1138 233 A
1155 169 1257 210 vooem
1282 168 1376 226 quam
1391 151 1484 210 ambo
1511 149 1682 210 audierunt.
1695 151 1810 228 Cumque
1828 163 1919 234 atboitt,

254 243 311 319 *est
325 256 532 315 Dominieum:
547 268 736 328 consequeus
747 257 832 308 estut
842 250 993 321 generatio
1003 251 1096 304 reato·
1151 242 1300 316 quidnam
1311 246 1390 298 esset
1404 241 1658 314 obstupescerent,
1665 257 1754 315 neque
1764 241 1877 314 ignorare
1884 265 1921 322 po.

267 364 335 406 rum
349 344 553 404 benedioatur.
570 345 646 400 Sane
661 347 812 416 quantum
830 339 993 412 locupletes
1004 337 1095 393 iidem
1152 337 1257 398 terant,
1272 329 1354 403 quod
1365 330 1415 388 illa
1430 347 1490 388 vox
1501 331 1531 386 in
1547 330 1614 386 alvo
1629 331 1923 404 matrissouuerit.voast

266 433 440 502 fuerint,vel
449 432 563 506 predia
572 429 732 502 mancipiis
746 429 854 486 referta
864 431 1018 496 testantur,
1027 441 1095 499 quui
1150 425 1235 493 pater
1250 419 1477 490 cubiculariam,
1494 423 1522 476 et
1536 435 1667 492 quonam
1682 419 1727 478 ille
1739 422 1839 490 vagitus
1853 425 1922 484 inere

266 518 730 595 eiroumquaquediffusaeidem
752 516 956 586 neraluojure
979 529 1096 570 sueres·
1149 509 1257 582 puerit,
1279 509 1415 566 adhibito
1439 508 1553 565 lumine
1575 507 1658 580 jubet
1682 508 1804 582 disquiri.
1817 513 1877 570 cun
1889 515 1924 572 illa

267 611 361 670 sionis
379 611 576 668 obvenerunt.
592 607 648 664 Sed
665 607 758 663 decus
772 605 880 662 mentis
892 604 976 678 quod
990 620 1027 660 ex
1046 618 1096 674 pa·
1150 598 1267 655 nullum
1281 599 1406 655 omnino
1419 598 1565 654 infantem
1578 598 1691 670 adesse,
1706 597 1754 670 qui
1765 615 1855 656 voeeni
1866 602 1924 660 illum

266 702 402 760 rentibus
414 701 566 768 hauserat,
582 698 613 755 iu
628 697 694 769 ipso
704 695 904 768 multiplieiter
916 699 1039 752 auctum
1052 708 1095 748 ra·
1150 686 1275 744 ediderit
1300 687 1435 744 simibter
1461 686 1585 744 attonita
1612 691 1832 760 prostestaretur,
1854 691 1926 750 ium

267 789 358 848 fulsit.
370 788 509 856 Quadam
516 787 595 844 enim
607 787 703 858 gratia
718 783 867 854 genitores
879 784 945 854 ejus
956 783 1097 838 clariores
1151 776 1260 833 iterum
1276 775 1410 832 seeundo
1425 776 1534 833 sonuit.
1551 779 1583 832 Et
1593 780 1662 848 post
1674 775 1814 834 modinum
1823 778 1926 836 interad-

270 882 349 950 sunt,
366 878 420 954 qui
433 876 549 950 prolem
572 880 634 954 tam
649 873 765 930 felicem
777 873 899 943 gignere
912 873 1095 928 meruerunt.
1149 864 1224 936 lum,
1241 864 1340 921 sonuit
1354 865 1444 922 etiam
1462 865 1556 929 terlio,
1566 863 1699 922 videlieet
1713 863 1783 920 sieut
1794 881 1879 924 rerem
1890 884 1927 924 ua·

304 969 338 1026 ll.
353 969 439 1026 Pater
450 966 563 1040 quippe
573 964 668 1038 ipsius
678 963 708 1020 in
722 962 790 1035 ipso
803 961 945 1034 conjugio
956 977 1020 1016 sese
1033 977 1096 1016 oas-
1153 959 1199 1010 tus
1212 954 1313 1024 vagire
1329 954 1412 1012 solet.
1429 957 1482 1010 Ter
1496 953 1585 1024 igitur
1599 953 1629 1010 in
1652 958 1748 1010 ventre
1767 955 1855 1010 maliis
1866 957 1928 1012 sudi·

269 1057 374 1115 tilioari
386 1060 539 1128 tantopere
553 1054 702 1120 studebat,
720 1056 753 1110 ut
767 1057 883 1108 semoto
902 1051 1097 1123 frequentare
1151 1048 1200 1100 tus
1215 1048 1271 1110 ast,
1286 1043 1369 1116 quorl
1394 1043 1525 1115 profecto
1548 1047 1609 1102 tam
1633 1041 1739 1098 mirum
1758 1047 1894 1115 estquod
1910 1051 1929 1101 et

270 1147 397 1219 conjuge
411 1150 488 1217 toro,
502 1143 583 1200 solus
610 1142 802 1210 accubitaret,
817 1141 951 1198 velutad
966 1145 1095 1212 tempus,
1150 1137 1254 1206 contro
1269 1138 1383 1188 naturae
1407 1133 1532 1188 modum
1561 1131 1829 1188 constataeoidisse.
1844 1133 1930 1204 thuia

267 1237 353 1308 juxta
377 1234 564 1308 Apostolum,
580 1231 706 1290 orationi
728 1246 851 1288 vaoans.
867 1229 1003 1297 Quadam
1025 1241 1097 1284 vero
1149 1237 1211 1277 non
1237 1237 1319 1288 casu,
1344 1220 1397 1278 sed
1412 1221 1589 1294 disponente
1604 1237 1701 1276 rerum
1727 1219 1875 1276 ordinatore
1890 1224 1930 1276 beo

269 1328 357 1382 noete
369 1325 501 1382 monitus
511 1323 542 1380 in
553 1321 668 1379 somnis
680 1321 1096 1393 perhibetur,quateuusuxo-
1150 1310 1264 1367 tactum
1276 1316 1331 1378 ast,
1346 1311 1420 1368 forte
1435 1327 1493 1367 vox
1508 1311 1558 1370 illa
1570 1311 1634 1382 Jam
1649 1309 1827 1384 praesagabat
1837 1310 1930 1382 [prasa-

268 1431 333 1472 rem
362 1415 566 1484 cognosceret,
581 1410 654 1483 quia
668 1409 764 1465 fibum
783 1413 980 1478 generaturus
1008 1409 1095 1462 esset.
1151 1399 1274 1471 giebat]‚
1290 1401 1372 1472 quod
1388 1397 1419 1456 in
1439 1399 1531 1470 hiijus
1550 1397 1736 1456 mortalitatis
1749 1397 1931 1456 dausuravib·

269 1503 360 1560 Aiunt
380 1501 462 1557 enim
476 1498 560 1572 quod
574 1499 601 1554 ei
615 1497 742 1554 missum
765 1497 811 1564 sit,
828 1500 860 1552 ut
876 1495 961 1552 illum
975 1493 1096 1550 nomine
1115 1488 1193 1578 Blae
1209 1493 1293 1544 sotus
1309 1493 1373 1546 erat
1387 1487 1556 1546 habiturus.
1573 1493 1648 1545 Nam
1663 1487 1736 1544 sieut
1749 1487 1873 1560 partusin
1885 1487 1930 1543 alvo

269 1607 326 1647 siro
346 1588 508 1647 Geraldum
531 1590 662 1644 voearet.
679 1585 794 1642 blatum
808 1600 931 1658 quoque
950 1583 1096 1656 quonium
1151 1578 1256 1634 matris
1272 1576 1395 1647 degens,
1411 1577 1479 1634 vivit
1500 1577 1635 1650 quidem,
1652 1577 1702 1634 sed
1726 1575 1832 1632 nullum
1844 1592 1932 1630 seusun

270 1678 389 1736 futurus
402 1676 507 1747 magni
520 1675 616 1732 meriti
630 1673 715 1732 foret.
728 1673 846 1730 Exeitus
856 1677 957 1729 autem
972 1678 1095 1739 oougra·
1150 1667 1251 1740 habet,
1268 1667 1310 1724 eie
1324 1683 1414 1724 omne
1429 1683 1525 1739 genus
1540 1669 1710 1724 humanum
1723 1667 1753 1722 in
1767 1666 1817 1722 bar
1829 1666 1877 1720 vita
1887 1669 1933 1736 post

270 1765 423 1823 tutabatur
432 1762 549 1822 visioni.
562 1762 674 1818 Dehine
688 1761 796 1818 iterum
809 1764 969 1832 soporatus
978 1759 1099 1816 videba—
1150 1762 1268 1815 reatum
1283 1758 1372 1831 primi
1396 1758 1538 1826 hominis,
1555 1758 1636 1815 velut
1650 1759 1723 1814 inter
1737 1755 1872 1826 augustas
1884 1753 1933 1808 uteri

271 1853 385 1922 turilb,
401 1857 434 1910 ut
455 1853 493 1910 de
512 1851 618 1926 polliae
642 1850 727 1924 pedis
751 1850 815 1921 ejus
838 1849 933 1906 dextri
957 1849 1097 1921 quaedam
1151 1847 1288 1905 clausum
1303 1851 1429 1919 tenetur,
1443 1847 1573 1905 ublbeet
1587 1863 1641 1922 per
1662 1847 1793 1904 fidemin
1807 1843 1933 1918 speglorlr
1990 1871 1991 1934 3

271 1942 390 2013 virgula
403 1945 584 2008 nasoeretur,
599 1955 668 2012 qua
683 1938 831 2012 paulatim
845 1937 875 1993 in
891 1951 1035 2007 maguam
1050 1951 1097 1993 ar·
1151 1936 1283 1992 liborum
1298 1935 1349 1992 Dei
1364 1936 1453 2002 vivat,
1472 1940 1572 1994 tamen
1587 1935 1662 1992 nibil
1683 1933 1825 2009 spirituale
1838 1934 1934 2004 [aerisue-

271 2032 379 2090 borem
392 2029 610 2098 suoaresoebat,
620 2043 656 2084 ao
668 2027 796 2084 subinde
810 2026 968 2084 frondibus
982 2025 1099 2082 diffusis
1151 2027 1190 2097 te]
1218 2026 1294 2082 siout
1318 2029 1362 2082 est
1385 2025 1496 2094 videre,
1520 2039 1621 2098 neque
1650 2023 1808 2082 effiraoiam
1826 2037 1934 2078 seusuuu

272 2120 434 2180 universim
456 2117 591 2190 [sensim]
613 2116 809 2190 spatiabatur.
835 2119 910 2172 Tum
936 2114 985 2172 ille
1010 2113 1100 2187 quasi
1151 2115 1274 2188 qualem
1289 2113 1405 2187 primus
1419 2116 1512 2172 homo
1536 2119 1606 2174 ante
1628 2117 1781 2188 peceatum
1800 2107 1935 2178 batruini

271 2207 424 2283 operarios
441 2219 563 2274 vorans,
577 2204 705 2277 jubebat
727 2203 884 2262 furcarum
908 2203 956 2260 vel
977 2202 1100 2276 pertioa-
1154 2204 1249 2261 sanati
1269 2207 1339 2277 post
1362 2204 1441 2260 bane
1460 2203 1551 2262 vitam
1563 2203 1725 2278 accipiunt,
1739 2195 1935 2258 nullatenusuisi

270 2314 339 2356 rum
354 2295 539 2356 adminicula
552 2295 693 2368 supponi.
708 2297 741 2352 lit
760 2311 830 2350 oum
844 2293 896 2350 illa
909 2294 1101 2350 vehementer
1154 2284 1936 2364 languide‚etaegreexornet.Geraldusigituriumatrii
1991 2347 1992 2362 χ

272 2386 491 2460 grandesceret,
511 2383 629 2441 nullum
664 2387 766 2440 umen
789 2382 910 2455 pondus
939 2383 970 2438 in
994 2381 1101 2454 polboe
1157 2385 1240 2438 utero
1250 2381 1328 2438 bene
1338 2381 1447 2448 sonuit,
1458 2381 1604 2454 quoniam
1620 2374 1937 2439 irltraoommuuemalto
1991 2407 1992 2422 r

273 2473 419 2532 sentiebat
431 2472 498 2545 (77).
516 2471 669 2544 Siquidem
692 2469 879 2526 somniorum
894 2469 1024 2526 visiones
1038 2485 1099 2526 non
1153 2485 1221 2526 rum
1234 2469 1368 2540 vigorem
1380 2469 1412 2526 in
1426 2469 1486 2525 fide
1497 2473 1608 2526 sanotae
1624 2468 1767 2527 Trinitatis
1778 2480 1903 2530 exeruere,
1912 2461 1938 2516 le

273 2577 393 2636 semper
413 2563 483 2618 sunt
496 2559 611 2618 inanes.
629 2559 699 2616 Etsi
715 2573 824 2615 somno
838 2557 913 2616 fides
928 2557 1102 2614 adhibenda
1153 2557 1239 2613 lioem
1267 2555 1391 2625 famam,
1415 2573 1476 2629 qua
1503 2561 1566 2616 erat
1593 2558 1701 2614 orbem
1724 2555 1882 2630 repleturus,
1902 2565 1938 2622 per

274 2657 330 2721 est,
342 2651 461 2708 videtur
474 2649 538 2706 boeo
550 2647 624 2706 visio
638 2663 738 2706 rerum
752 2646 870 2704 effectui
884 2648 1043 2706 convenire
1058 2647 1102 2702 fu·
1155 2646 1238 2703 illam
1253 2646 1394 2704 voculam
1409 2646 1599 2717 significavit.

273 2745 419 2799 turarum.
435 2738 578 2820 Cognovit
593 2737 694 2810 itaque
707 2751 919 2810 uxoremque
931 2737 1017 2809 juxta
1031 2751 1101 2792 oon·
1190 2737 1234 2792 lv.
1256 2735 1309 2808 (78)
1323 2738 1412 2791 Natus
1426 2750 1507 2802 vem,
1521 2739 1550 2790 et
1565 2733 1744 2802 ablactatus,
1764 2749 1827 2789 oum
1839 2725 1938 2786 adflari

274 2830 388 2888 dietum
402 2828 525 2885 visionis
540 2843 667 2901 puerum
683 2826 828 2900 ooneepit.
846 2826 904 2884 Sed
918 2826 1043 2884 fortasse
1062 2827 1100 2882 de
1122 2823 1305 2934 Caetatulirm
1319 2823 1502 2896 pervenisset
1510 2823 1541 2879 in
1556 2840 1620 2898 qua
1634 2823 1711 2881 solet
1723 2823 1752 2880 in
1767 2817 1937 2896 parvulosuo

274 2921 333 2980 boo
351 2918 440 2992 quasi
461 2917 498 2974 de
523 2917 641 2974 somnio
665 2915 795 2974 dubitari
809 2919 917 2988 potest.
932 2915 1020 2972 atiud
1038 2921 1101 2972 tum
1156 2928 1224 2968 rum
1237 2911 1366 2986 qualitas
1376 2910 1687 2985 explorariqasedam
1698 2911 1813 2984 placens
1821 2901 1939 2966 indolesiu

275 3007 391 3067 virtutis
407 3006 550 3064 iudleium
566 3005 717 3064 evidenter
731 3010 867 3062 secutum
879 3009 934 3064 est.
1156 3017 1207 3059 eos
1223 3000 1431 3069 subrutilabat,
1443 3016 1496 3073 per
1506 3017 1601 3074 quam
1616 3002 1772 3073 diligenter
1781 2995 1938 3072 inspicientes

311 3093 358 3150 lll.
373 3091 503 3149 (ianitrix
523 3092 548 3162 ej
555 3107 588 3146 us
608 3107 677 3146 eum
696 3093 774 3147 esset
787 3089 884 3147 vicina
897 3089 1007 3164 partui,
1020 3105 1103 3146 nouo
1155 3090 1253 3146 vuum
1265 3089 1347 3146 huno
1361 3088 1475 3146 virtutis
1486 3087 1621 3146 futurum
1629 3106 1697 3148 esse
1710 3087 1877 3161 conjiciebat.
1888 3085 1939 3138 fau

274 3180 413 3240 videlieet
421 3179 469 3235 die
479 3180 657 3252 priusquam
664 3178 980 3248 nasreretur‚oontigit
990 3183 1022 3236 ut
1032 3195 1102 3236 oum
1154 3179 1186 3235 in
1200 3177 1298 3250 prima
1311 3181 1446 3244 aetate,ut
1458 3193 1538 3250 saepe
1552 3177 1704 3248 videmus,
1713 3173 1939 3234 incitamentiseor·

276 3284 333 3326 suo
345 3269 409 3326 viro
419 3266 555 3337 vigilanti
568 3267 695 3337 vigilans
709 3266 906 3339 ipsajaeeret.
918 3269 952 3323 Et
965 3267 1040 3324 dum
1052 3283 1103 3324 ne·
1154 3272 1249 3341 ruptas
1262 3272 1388 3338 naturae,
1404 3267 1500 3323 solent
1514 3268 1634 3340 parvuli
1649 3268 1747 3336 irasci,
1760 3271 1788 3324 et
1800 3261 1914 3326 invidere,
1922 3259 1940 3312 et

276 3357 339 3415 seio
358 3355 433 3430 quid
446 3355 578 3412 viaissim
599 3355 880 3427 sermocinarentur,
893 3354 992 3412 infans
1005 3355 1103 3414 emisit
1155 3355 1230 3412 rebe
1252 3355 1364 3422 ulcisci,
1380 3355 1427 3412 vel
1451 3355 1512 3412 alia
1527 3355 1707 3428 hujusmodi
1729 3360 1868 3414 attentare.
1881 3345 1938 3403 itu

276 3497 380 3554 Trana
397 3509 464 3568 cap.
479 3513 556 3561 xxix,
574 3519 588 3546 u
599 3511 660 3552 non
679 3495 881 3552 mediocribus
894 3511 925 3552 re
949 3493 1024 3552 ionis
1039 3511 1101 3552 sure
1155 3497 1237 3554 niam
1259 3493 1416 3554 Godefredi
1437 3491 1631 3553 Tiandreusis
1656 3494 1830 3562 uxoremst
1849 3485 1939 3548 (reiltun

276 3573 359 3626 ortus
375 3565 937 3641 parentibus‚sedvaldeiugenuisuhb
961 3571 1101 3623 asautem
1157 3567 1401 3626 suessionensem
1423 3565 1647 3624 nobilissimum
1675 3569 1836 3642 praesulem.
1855 3555 1940 3618 Pdadit

276 3639 375 3721 Attani
390 3637 532 3706 Coenobii,
549 3638 631 3710 quod
656 3638 721 3711 ipse
742 3638 888 3706 fundavit,
904 3643 933 3694 et
955 3655 990 3694 ex
1015 3639 1101 3710 eujus
1155 3655 1226 3696 vero
1241 3638 1343 3708 genuit
1362 3638 1554 3707 cartherium,
1571 3645 1599 3694 et
1615 3641 1772 3708 Eulaliam‚
1788 3643 1813 3694 et
1832 3639 1940 3709 ltumut·

276 3709 504 3790 nominevulfro¹
515 3725 596 3766 uuna
610 3708 709 3766 adhue
725 3709 903 3767 Saint-llriex
918 3709 1033 3765 dieitur.
1046 3712 1101 3765 lla-
1154 3709 1228 3766 lum.
1246 3709 1397 3767 cartheria
1420 3714 1521 3765 autern
1543 3713 1647 3780 genuit
1666 3711 1811 3781 pelagiam
1831 3705 1941 3776 sanctissi-

275 3781 400 3839 rissimae
414 3779 521 3836 nobibs
540 3784 686 3836 matronas
706 3785 890 3853 preceptum
905 3796 941 3836 ea
953 3779 1101 3836 tabulario
1156 3797 1250 3849 mam,
1264 3785 1292 3836 et
1307 3781 1448 3838 Saviuam
1462 3779 1559 3836 aredii
1584 3781 1704 3838 abbatis
1719 3781 1844 3842 amitam,
1857 3773 1941 3838 Pelagii

224 3871 227 3888 ¹
278 3855 306 3911 S.
314 3851 427 3910 Martini
440 3851 619 3907 Turonensis
633 3849 1102 3924 depromptumejusgeneratio-
1156 3865 1228 3922 ergo
1248 3851 1327 3921 regis
1350 3851 1545 3908 Tbeodeberti
1569 3853 1679 3925 neptis,
1695 3859 1724 3908 et
1738 3853 1781 3908 vir
1794 3851 1851 3922 ejus
1863 3847 1940 3899 locuu-

276 3939 347 3982 nem
361 3940 379 3980 a
393 3921 579 4004 childeberto
593 3936 663 3992 rege
679 3923 860 3978 Francoriun
874 3938 968 3994 usque
983 3922 1103 3979 adtem-
1156 3923 1213 3980 dus
1237 3922 1463 3978 Lemovioorum
1487 3923 1626 3996 princeps
1651 3923 1848 3980 nobilissimus
1864 3925 1941 3990 geuiiej

275 4011 352 4122 pora
376 4010 431 4050 sua
454 4009 497 4050 sic
518 3997 646 4050 enarrat.
669 3994 727 4048 «lu
742 3993 863 4050 nomine
878 3993 995 4049 Domini
1009 3993 1103 4050 nostri
1156 3997 1226 4051 runt
1246 3993 1388 4050 aredium
1412 3993 1510 4049 virum
1532 3995 1704 4063 eruilitum3
1726 3994 1802 4065 regis
1819 3985 1941 4062 supradict

291 4081 346 4122 esu
368 4064 482 4122 Christi.
508 4063 643 4120 Narratio
664 4065 863 4133 generationis
886 4064 983 4120 aredii
1003 4064 1103 4120 eximii
1157 4065 1417 4132 oanoebarium,et
1432 4065 1623 4120 Eustachium
1638 4065 1762 4122 fratrem
1775 4059 1943 4136 ejusffltfflt·

277 4135 396 4193 abbatb
420 4134 525 4207 inoipit
545 4134 596 4190 ita.
619 4133 745 4190 Suldeea
767 4135 876 4190 nobilis
897 4135 1055 4191 taminare
1078 4135 1102 4191 is
1156 4153 1240 4204 nam,
1256 4140 1284 4192 et
1298 4134 1495 4192 tlonsortiam.
1508 4136 1664 4192 Consortia
1677 4141 1776 4194 autern
1792 4129 1943 4205 genuittstt·

278 4205 460 4288 childeberti¹
481 4211 509 4286 et
529 4201 885 4286 MathilrlisulNanthildis]
907 4205 1018 4275 reginas
1039 4151 1101 4263 ufta
1122 4207 1254 4284 „dium
1278 4205 1433 4277 Plautiam,
1449 4211 1477 4262 et
1500 4206 1648 4264 Basiliam.
1675 4205 1786 4265 Plautia
1803 4197 1944 4276 genuittlui·

278 4279 381 4346 genuit
402 4271 549 4331 Astidium
573 4273 816 4332 lemovicensem
839 4289 1027 4348 episcopum,
1048 4275 1101 4349 qui
1158 4277 1232 4334 lum.
1268 4275 1373 4334 Basilia
1406 4290 1482 4332 uxor
1515 4273 1646 4333 liudonis
1679 4277 1810 4336 lliturieae
1837 4271 1944 4348 principit

277 4345 409 4404 Treveris
419 4349 512 4416 ortus,
526 4343 641 4426 favente
657 4347 726 4414 beo,
739 4345 769 4400 iu
785 4345 1030 4428 Lemovieaurbe
1041 4347 1102 4428 epi·
1159 4348 1261 4420 genuit
1275 4347 1398 4419 Pugiam
1414 4351 1442 4404 et
1457 4347 1692 4406 Rarissimam.»

277 4415 1105 4559 ttttlhut‘tttttl‘lltsttlirtintrarit
1159 4401 1946 4566 rddrthtrlttlhtthtltttustttrltfl

278 4565 347 4620 ante
360 4576 450 4642 suum
465 4557 684 4642 episcopatum,
700 4559 786 4682 ciffus
798 4557 1010 4640 fuittgermana
1021 4559 1105 4642 dives
1159 4561 1266 4618 Aredio
1288 4559 1475 4618 nobilissimo
1497 4567 1687 4634 procreatum
1710 4561 1811 4634 fuisse,
1835 4557 1897 4614 sieut
1913 4547 1946 4604 hit

278 4631 448 4700 Trontumsu
475 4645 510 4687 eu
525 4645 560 4686 us
582 4627 701 4687 fuerunt
751 4629 867 4686 ataliaoi
890 4625 1013 4703 praedia.
1029 4633 1106 4686 listi·
1161 4637 1283 4688 sanetus
1298 4627 1361 4689 Odo
1376 4635 1477 4688 noster
1491 4631 1606 4688 asserit.

278 4701 346 4758 dius
361 4702 450 4773 igitur
463 4705 492 4759 et
503 4647 589 4784 feola
604 4699 752 4774 uxorejua
768 4705 940 4782 genuerunt·
948 4701 1104 4770 liverium,
1194 4703 1252 4774 (Ἡ)
1273 4703 1420 4774 quiii'dem
1445 4703 1627 4760 somniorum
1650 4705 1784 4762 visiones.
1807 4701 1872 4759 citat
1889 4693 1947 4748 hunt

278 4773 434 4844 stulterum,
449 4771 619 4840 bidentum,
634 4773 777 4830 adrerum
791 4777 820 4829 et
840 4771 1046 4829 Austilianam.
1063 4773 1105 4829 Li·
1158 4773 1259 4830 locum
1274 4777 1374 4830 Petrus
1389 4773 1581 4842 Venerabilis,
1596 4775 1673 4833 libro
1689 4774 1819 4834 seeundo
1832 4759 1949 4828 gifardo

278 4842 377 4923 verius
393 4857 466 4899 vero
485 4843 587 4924 genuit
609 4843 745 4924 Sperium
765 4847 794 4900 et
807 4843 961 4900 Pientiam.
977 4843 1106 4900 Adteous
1159 4860 1239 4914 rum,
1254 4843 1350 4972 cogite
1365 4843 1598 4915 ratiocirando:
1616 4849 1714 4904 «Nam
1729 4851 1760 4902 ut
1770 4845 1879 4901 senatus
1889 4835 1948 4916 labi

279 4917 383 4985 genuit
396 4914 600 4983 Eustaoluum,
616 4915 766 4970 Ruricium
789 4919 818 4971 et
836 4913 996 4971 Peladiam.
1011 4913 1106 4972 Drilai·
1159 4919 1260 4972 noster
1310 4914 1351 4970 do
1373 4915 1405 4971 in
1428 4915 1495 4974 Vita
1521 4915 1617 4974 saneti
1640 4917 1695 4974 viri
1717 4911 1831 4975 Geraldi
1850 4901 1948 4978 seriptb

280 4984 343 5042 eius
357 4987 459 5040 autem
473 4983 577 5053 genuit
589 4983 792 5066 Ambrosium,
805 4988 946 5042 Severum
958 4987 1106 5068 sanstissi-
1160 4985 1348 5044 somniorum
1363 4986 1492 5044 visiones
1506 5002 1568 5044 non
1578 5003 1697 5070 semper
1712 4991 1782 5046 sunt
1793 4985 1917 5044 inanes-‘¹
1943 5031 1947 5044 .

279 5069 374 5118 mum,
388 5069 481 5128 quem
494 5059 653 5110 veneratur
665 5057 791 5112 Biturica
802 5055 888 5128 plebs
899 5073 988 5129 super
997 5059 1105 5126 Ligeris
1195 5057 1250 5128 (78)
1268 5057 1369 5114 Notus
1382 5073 1460 5114 vero.
1483 5061 1569 5114 anuo
1594 5057 1704 5115 seiboet
1731 5053 1831 5116 Christi
1851 5051 1901 5116 856,
1913 5051 1948 5117 vl

278 5127 304 5184 ri
327 5143 388 5198 am,
417 5129 447 5182 et
469 5127 672 5182 Ravennatem
698 5125 847 5184 basolum.
870 5127 980 5184 adteoa
1004 5127 1107 5197 genuit
1160 5126 1214 5184 fuit
1227 5127 1362 5186 Abbonis
1375 5128 1495 5186 abbatis
1510 5118 1948 5188 sanonuaritalisuamoviouu

313 5213 411 5282 arum,
426 5201 455 5254 et
470 5201 612 5278 ispauum
636 5199 803 5278 llartyrem.
818 5198 928 5255 Pientia
942 5203 1042 5254 autem
1058 5213 1106 5269 ge·
1161 5197 1286 5256 seeundi
1304 5199 1437 5280 quintus,
1453 5197 1494 5255 uti
1518 5203 1603 5257 notat
1623 5197 1790 5257 adamarus
1805 5199 1833 5254 st
1851 5185 1950 5318 ignit·

279 5273 345 5326 nuit
358 5271 568 5339 Perogorroum
582 5269 835 5340 [petrogoricuml
850 5269 1020 5326 Leouolum.
1037 5271 1106 5325 Am·
1160 5269 1339 5328 morinensis
1354 5269 1523 5327 monachus
1545 5267 1577 5326 iu
1593 5271 1821 5328 Commemorat.
1843 5277 1859 5321 a
1878 5259 1903 5316 h·
1914 5255 1950 5332 bf·

280 5339 401 5394 brosius
420 5354 491 5396 vero
506 5339 608 5410 genuit
621 5337 741 5407 lulium,
762 5338 953 5404 industrium,
969 5343 998 5395 et
1020 5342 1106 5396 Euse·
1160 5341 1267 5398 mosia.
1284 5337 1414 5396 basilicae
1436 5339 1530 5398 sancti
1549 5339 1706 5399 Martialis:
1733 5363 1747 5392 a
1761 5331 1910 5398 secundus,
1922 5337 1952 5378 ¹¹¹·

281 5408 374 5490 biam.
391 5411 518 5468 Eusebia
529 5427 600 5468 vero
612 5409 715 5482 genuit
734 5409 886 5476 savinam,
902 5409 1040 5466 salinam.
1058 5413 1107 5468 Sa·
1160 5411 1234 5485 quit,
1250 5411 1346 5469 abbas
1360 5411 1445 5468 Abho
1466 5411 1583 5484 praefuit
1602 5409 1689 5470 annis
1714 5429 1754 5482 xi,
1769 5409 1849 5482 eujus
1867 5405 1950 5460 annot

281 5481 477 5562 umagenuit
501 5483 642 5554 optatum
666 5481 882 5563 biturigensem
904 5477 1106 5538 venerabilem
1160 5487 1281 5540 saisotus
1296 5481 1438 5540 Geraldus
1451 5481 1668 5542 aureliacensis
1681 5487 1771 5542 natus
1785 5483 1858 5540 asti

282 5551 551 5625 arehieprseopum.
580 5554 703 5626 Optatus
734 5551 824 5625 igitur
855 5551 958 5626 genuit
982 5553 1108 5624 Pompo
