4106 6148
297 111 347 165 arr
998 95 1148 154 AGAPETI
1166 91 1306 151 earm
1396 139 1398 146 .
1908 103 1945 159 cu

296 226 472 300 episcopum
495 223 554 280 nisi
571 221 693 296 qualem
712 220 849 279 canonici
872 236 934 278 une
957 236 1026 278 oum
1051 221 1161 294 pre-A
1180 214 1282 274 eterni
1296 215 1425 272 incendii
1451 213 1597 288 supplicio
1610 215 1851 275 concremandam.
1863 225 1945 282 livero

295 313 381 371 dictis
395 311 541 384 religiosis
555 310 638 368 laicis
652 309 728 366 inter
741 325 773 366 se
785 309 936 381 elegerint,
953 311 1029 366 siout
1048 307 1126 365 sacri
1180 305 1232 380 qai
1246 305 1296 380 pio
1311 303 1419 361 intuitu
1438 308 1539 361 castos
1563 307 1591 360 et
1615 302 1780 362 observator
1798 307 1825 363 in
1843 313 1945 370 omuibus

294 407 418 462 censent
429 416 561 458 canones
574 418 581 468 ;
608 399 699 456 etiam
715 399 909 456 concedimus
923 398 978 455 sibi
1004 397 1125 470 suisque
1179 394 1322 452 exstiterit
1335 393 1508 451 castodiens
1519 393 1611 465 hujus
1623 393 1713 450 nostri
1726 396 1860 466 apostolici
1871 404 1946 458 mart

294 489 529 558 successoribus,
546 487 818 546 uthonordebitus
832 485 1126 561 omnitemporeim·
1178 487 1276 542 tatum
1298 483 1338 540 ad
1359 482 1474 540 cultum
1498 482 1548 538 Dei
1574 481 1740 556 respiciens,
1760 482 1944 547 benedictionem

292 580 452 655 pendetur.
469 577 693 636 rroenominatis
707 577 796 634 etiam
812 576 965 634 canonicis
989 574 1126 633 concedi·
1178 575 1322 630 oeoeruam
1344 570 1656 628 amisericordissimo
1673 570 1788 627 Domino
1809 575 1859 631 [teo
1876 584 1944 634 nostra

292 685 361 726 mas
378 673 468 743 atque
482 667 701 726 confirmamus
714 683 820 723 omncs
831 682 890 739 res,
902 681 971 740 qaae
983 681 1037 740 per
1051 679 1125 738 prra-
1178 660 1438 736 percipiatetvitre
1454 665 1573 718 aeterne
1591 661 1735 734 particeps
1749 661 1816 718 efflei
1829 673 1943 722 mercatur.

291 761 378 832 cepta
390 772 495 827 regum
511 755 559 813 vel
573 754 762 826 largitionem
785 755 937 811 bonorum
959 752 1066 813 Christi
1090 751 1124 808 fi·
1560 789 1614 844 xv,

291 846 404 904 delium
432 845 589 919 utriusque
614 861 702 901 sexus
720 843 753 901 in
779 843 886 901 eodem
914 843 981 901 loco
1008 841 1122 899 collatae
1617 831 1624 844 ”

291 940 371 1006 sant,
395 939 427 992 ut
445 933 687 1006 irrefragabiliter
717 933 781 990 sine
816 933 943 1006 ulioaJas
971 931 1122 990 conhadi-

290 1024 387 1082 ctione
400 1023 431 1081 in
445 1027 624 1098 perpetuum
650 1023 792 1080 habeant.
818 1022 978 1080 abbatiam
994 1037 1066 1079 vero
1091 1022 1119 1079 S.
1465 1000 1562 1074 (Anno
1575 1001 1714 1072 94⁶·955i

206 1179 211 1187 .
292 1113 449 1172 Clementis
462 1112 613 1186 martyris,
628 1129 696 1186 que
718 1112 806 1169 estin
830 1111 976 1169 suburbio
989 1110 1119 1186 prefatae
1190 1108 1788 1166 Praedonesarrroeastertccetsiniaeeari
1799 1115 1931 1165 crcrcctur.

289 1202 415 1303 civitatis
444 1201 624 1302 cumomni
647 1201 813 1302 iutegritato
833 1205 861 1258 ct
874 1200 1005 1301 ecclesiis
1029 1203 1119 1300 atque
1172 1231 1271 1309 [Apud
1281 1236 1314 1290 D·
1327 1236 1469 1307 &aquen
1487 1233 1605 1291 Remu
1619 1233 1669 1291 des
1684 1233 1837 1302 historiens,
1849 1235 1943 1304 ,W

288 1297 373 1350 terris
388 1290 686 1362 etaucrllrs,colon1s
707 1295 736 1348 et
756 1289 922 1348 colonabus
949 1290 1006 1346 srbr
1032 1295 1119 1363 pertt-
1938 1284 1942 1306 ¹

286 1381 447 1450 nentibas;
463 1396 518 1437 nec
532 1396 592 1438 non
602 1379 794 1438 etecclesiam
809 1383 837 1438 S.
852 1379 1033 1436 Desideriiin
1047 1379 1118 1436 Ver·
1206 1364 1353 1416 Afflssffls
1366 1359 1810 1432 ⁰Pi⁵⁰⁰P1¹⁸s⁸0rvu⁵⁸ervorurn
1826 1359 1943 1428 [letenn-

286 1469 372 1540 ΗΜ)
387 1469 457 1526 ,5113
469 1469 557 1528 ,pam
568 1485 638 1526 eum
648 1469 759 1526 terrula
771 1471 799 1524 S·
812 1469 887 1526 Petri
896 1485 933 1525 ex
943 1468 1117 1542 episcopam
1171 1447 1228 1506 bas
1238 1453 1348 1506 sanetoe
1366 1449 1414 1505 [lei
1429 1447 1566 1506 Ecclesia
1580 1447 1648 1504 liliis
1662 1447 1693 1504 in
1703 1447 1832 1504 Arvernio
1843 1448 1941 1504 ballitan-

284 1558 316 1615 iu
330 1557 549 1631 praenominata
563 1556 633 1613 villa
648 1557 832 1628 conjacente,
855 1556 1005 1630 simulque
1026 1555 1151 1634 eccle-B
1169 1537 1262 1638 tibus,
1278 1542 1455 1611 perpetuam
1476 1553 1594 1611 pacem,
1610 1542 1805 1610 &lectamque
1818 1536 1914 1593 Sillim
1924 1537 1942 1591 ll

285 1646 361 1702 siam
377 1647 405 1703 S.
419 1644 545 1702 Romani
559 1644 591 1701 in
604 1644 772 1702 cathenaco
788 1645 839 1716 [at,
856 1643 1032 1716 cadeniaco]
1045 1642 1116 1701 villa
1170 1627 1284 1686 Chf¹⁸¹⁰
1299 1629 1378 1683 ³²⁵⁰·

284 1735 382 1790 sitam.
398 1736 507 1790 Veram
522 1733 611 1790 etiam
627 1748 724 1790 nonas
738 1737 768 1790 et
781 1733 915 1790 decimas
928 1737 1006 1790 etex
1030 1732 1115 1790 fartis
1204 1738 1356 1792 lmmense
1388 1733 1601 1807 suspendimur
1630 1732 1825 1800 admiratione,
1848 1749 1889 1788 cur
1909 1733 1941 1796 itti,

284 1821 319 1894 [s.
334 1820 440 1894 turnis]
456 1821 572 1894 prelati
586 1821 667 1894 pagi,
684 1825 774 1896 atque
796 1821 914 1878 tertiam
928 1825 1044 1896 partem
1065 1835 1116 1878 ne-
1168 1822 1279 1898 quibas
1302 1823 1449 1880 intervos
1476 1821 1638 1897 pastoralis
1662 1837 1733 1878 eura
1758 1821 1892 1878 commissa
1907 1827 1941 1886 est,

283 1911 376 1968 moris
394 1911 481 1982 juxta
503 1911 619 1968 Ararim
642 1910 769 1968 flaviam
796 1911 835 1968 ab
858 1927 958 1981 amne,
983 1911 1113 1984 villaque
1168 1911 1271 1970 oculos
1284 1911 1418 1969 habeant
1431 1910 1577 1968 mentales
1591 1910 1732 1979 olausos;
1750 1915 1867 1967 sanctam
1877 1909 1941 1965 leole

281 2000 409 2058 Adolani
422 2001 526 2072 laum,
544 2001 621 2058 sicut
634 2001 702 2076 pius
722 2001 890 2059 Ladorious
912 2017 965 2058 rex
987 2001 1112 2058 dilectus
1167 2001 1255 2070 siam,
1271 2000 1322 2070 ita,
1338 2005 1371 2058 at
1384 1999 1473 2058 nobis
1496 2015 1678 2071 suggessum
1696 2005 1748 2066 est,
1762 1999 1849 2055 sinant
1869 2012 1941 2072 prere

281 2089 361 2148 filias
374 2095 475 2148 noster
486 2095 636 2148 annuento
656 2095 819 2163 pretaxato
846 2090 1015 2150 llaimbodo
1038 2106 1113 2166 prae-
1166 2104 1235 2146 ram
1248 2087 1333 2146 rabie
1347 2087 1482 2158 lacerari,
1498 2087 1621 2155 vastari,
1637 2087 1726 2146 rebus
1740 2087 1853 2162 propriis
1869 2101 1940 2158 crepo

172 2243 179 2258 Ι
281 2178 345 2236 sale
359 2180 396 2238 de
409 2179 533 2236 decimis
546 2183 574 2237 et
602 2184 690 2252 terra,
712 2181 882 2254 pariterque
905 2180 1113 2237 consentienti·
1165 2177 1241 2250 llari,
1257 2193 1320 2235 non
1335 2182 1524 2252 opponentes
1537 2193 1568 2234 se
1582 2193 1706 2234 maram
1720 2193 1772 2250 pro
1785 2176 1863 2233 domo
1874 2173 1939 2242 taret,

279 2267 338 2325 hus
354 2272 477 2342 Hagone
494 2269 668 2327 marchione
682 2274 711 2327 et
726 2269 888 2327 Leotbaldo
907 2269 1111 2327 moderatissi-
1164 2266 1264 2324 necin
1277 2267 1381 2341 praelio
1404 2266 1434 2323 in
1458 2266 1506 2323 die
1531 2267 1651 2324 Domini
1675 2271 1790 2337 sanas,
1813 2271 1840 2322 ut
1858 2265 1941 2321 obvient

279 2375 331 2416 mo
345 2359 463 2428 comite,
480 2359 567 2432 eujus
591 2359 711 2418 animas
734 2359 766 2416 in
793 2363 955 2430 augmento
980 2359 1111 2433 praelata
1166 2371 1221 2414 saa
1240 2355 1414 2414 auctoritate
1438 2354 1610 2430 raptoribus
1639 2362 1669 2413 et
1695 2354 1886 2431 praedonibus:
1907 2349 1940 2405 sed

279 2447 548 2505 ecclesiaeomnino
569 2447 728 2519 flagrabat,
753 2449 909 2506 concessit.
933 2452 1035 2522 ltaque
1054 2465 1111 2506 nos
1164 2443 1300 2502 videntes
1319 2445 1494 2502 inhonorari
1516 2461 1603 2502 suem
1634 2445 1766 2520 ipsorum
1786 2449 1897 2502 manem.
1915 2445 1941 2495 tr·

276 2552 331 2610 per
345 2537 402 2594 boe
417 2540 556 2593 nostram
568 2536 766 2609 apostolicam
789 2537 978 2610 privilegiam
1003 2553 1110 2595 conoe-
1165 2538 1241 2602 cent,
1256 2549 1312 2592 nec
1325 2549 1431 2607 aspere
1443 2533 1798 2606 redarguuntinvrctione
1809 2535 1940 2608 patratore.

277 2624 378 2682 dimus
393 2624 588 2681 detinendam
603 2624 814 2698 perpetualiter
840 2641 909 2682 cam
932 2624 1056 2682 decimis
1080 2627 1108 2681 S.
1165 2623 1395 2681 Videmarenim
1402 2622 1562 2680 terribilem
1571 2623 1764 2682 illamvocem
1777 2627 1822 2680 aut
1834 2621 1939 2692 ignorare,

276 2711 384 2768 Albani
400 2711 541 2785 martyris
556 2716 584 2769 et
600 2711 731 2770 cisario:
754 2712 795 2770 ita
811 2716 843 2769 at
856 2711 968 2770 amodo
983 2715 1012 2770 et
1025 2711 1109 2770 dein-
1164 2715 1217 2769 eat
1244 2711 1415 2769 nallatenus
1431 2711 1556 2769 onrniao
1570 2712 1785 2786 pertimescere,
1798 2725 1857 2785 que
1872 2705 1939 2764 dixit:

276 2816 347 2875 ceps
362 2800 512 2875 quidquid
524 2801 556 2858 in
566 2801 673 2860 eodem
685 2801 753 2860 loco
771 2801 884 2859 donata
896 2801 944 2859 vel
966 2817 1110 2860 concessa
1164 2822 1179 2852 ι(
1188 2800 1359 2859 Maledictus
1367 2800 1419 2874 qai
1429 2801 1567 2875 prohibet
1578 2801 1715 2872 gladium
1724 2816 1828 2858 srrtrma
1837 2795 1940 2866 saepiu

277 2893 356 2962 sunt,
371 2889 417 2948 vel
427 2889 530 2947 divina
540 2891 636 2964 pietas
646 2891 677 2948 ia
688 2895 843 2966 posterum
860 2906 970 2962 augere
984 2890 1144 2984 voluerito
1165 2889 1236 2964 (der.
1251 2906 1350 2959 xcurr,
1369 2891 1421 2962 lo).
1437 2909 1453 2944 s
1469 2890 1551 2948 Unde
1564 2891 1742 2962 generaliter
1753 2883 1939 2948 omnibusvobis

275 2993 457 3053 quacunque
485 2995 627 3053 persone,
641 2979 757 3054 absque
781 2979 908 3052 alicujus
917 2978 1107 3054 impulsionis
1163 2979 1371 3048 condolemus,
1396 2979 1533 3036 timentes
1562 2995 1600 3037 ne
1632 2981 1676 3038 ira
1702 2980 1751 3037 liei
1776 2995 1793 3036 a
1816 2971 1939 3034 seactaurb
1993 3017 1994 3049 ,

275 3067 415 3126 molestia
429 3072 550 3125 teneant
564 3073 593 3126 et
601 3069 784 3142 possideant.
802 3071 842 3125 Ea
855 3084 927 3124 vero
947 3069 1061 3126 ratione
1075 3071 1109 3126 ut
1162 3067 1267 3143 ipsius,
1283 3067 1313 3125 id
1327 3073 1370 3124 est
1383 3083 1401 3124 a
1415 3067 1545 3143 praelatis
1563 3069 1720 3144 insipiens,
1743 3070 1771 3126 in
1792 3083 1852 3124 oves
1868 3075 1938 3121 corun

274 3157 377 3214 niellus
392 3173 454 3227 rex,
469 3157 544 3230 dux,
569 3161 742 3228 comes,aut
765 3161 886 3216 exactor
899 3156 944 3214 vel
968 3156 1108 3232 publicus
1162 3158 1241 3228 iristo
1262 3157 1393 3229 grassari
1414 3157 1601 3231 permittetur
1624 3159 1747 3232 judicio.
1773 3157 1857 3216 ltostis
1876 3163 1938 3226 ᾳιιιι

274 3247 409 3304 minister
423 3264 514 3322 saper
527 3265 579 3305 eos
592 3248 727 3322 aliquam
741 3247 898 3318 angariam
925 3252 978 3304 aut
992 3246 1107 3304 distric-
1161 3246 1307 3322 plurimis,
1344 3249 1457 3318 tratres,
1483 3252 1511 3304 et
1532 3247 1585 3320 qui
1605 3247 1736 3319 ignorat,
1760 3246 1894 3318 cognoscet
1910 3239 1938 3293 le

274 3337 386 3394 tionem
402 3353 456 3394 sca
471 3353 633 3409 gravamen
647 3342 736 3411 atque
755 3337 985 3410 imperationem
1008 3336 1106 3410 impo-
1161 3352 1231 3392 cum
1247 3335 1450 3400 celsinianias,
1464 3352 1501 3392 ex
1514 3351 1576 3409 quo
1592 3336 1738 3394 fundatas
1749 3330 1938 3406 ostantare

273 3440 344 3483 aere
357 3431 531 3500 praesumat,
542 3425 600 3482 nisi
614 3425 874 3499 quantamfidelcs
886 3425 1022 3482 canonici
1033 3441 1107 3499 prae·
1160 3441 1259 3482 maure
1274 3424 1409 3481 Ecclesia
1425 3424 1591 3498 specialiter
1604 3441 1672 3483 esse
1686 3424 1874 3488 contraditum,
1886 3418 1937 3488 elue

273 3514 345 3570 dicti
359 3514 416 3570 loci
429 3513 517 3570 alicui
532 3531 668 3587 personae
683 3514 723 3571 ob
738 3531 825 3570 suurn
841 3515 1009 3571 bonitatem
1034 3529 1104 3572 oon·
1160 3531 1219 3589 que
1231 3513 1288 3571 sub
1307 3512 1430 3571 tuitione
1441 3514 1481 3571 ab
1492 3513 1576 3572 initio
1589 3516 1747 3586 mansisse,
1762 3529 1841 3590 quem
1855 3501 1937 3584 spetiali

274 3603 378 3659 cedere
394 3602 549 3660 voluerint.
576 3605 742 3661 statuentes
768 3608 857 3676 atquc
877 3603 1104 3677 promulgantes
1160 3617 1263 3659 amore
1284 3602 1469 3674 diligendam
1490 3619 1555 3660 esse
1570 3603 1769 3673 decernimus,
1791 3607 1866 3675 atqm
1883 3589 1937 3652 omni

273 3707 376 3749 coram
391 3693 451 3748 Deo
466 3695 495 3748 et
510 3691 632 3748 terribili
646 3691 711 3764 ejus
724 3692 872 3760 exaurine,
886 3709 940 3766 per
950 3692 1001 3764 huj
1007 3709 1041 3749 us
1051 3707 1104 3749 no·
1160 3697 1294 3766 temporo
1306 3691 1461 3766 multiplici
1477 3691 1708 3752 sublimandum
1721 3695 1824 3751 bonore
1834 3680 1938 3762 iudicavi·

273 3789 367 3838 strum
383 3779 692 3854 apostoliciprivilegii
702 3780 927 3838 firmamentum
940 3781 1102 3851 sancimus,
1159 3797 1238 3838 mas.
1254 3785 1311 3839 Nec
1336 3779 1494 3850 immerito,
1520 3798 1593 3840 nam
1618 3783 1799 3842 salutiferum
1823 3767 1937 3837 monesiri

272 3874 301 3930 et
311 3870 390 3928 beati
404 3870 479 3928 Petri
494 3870 699 3944 apostolorum
712 3871 855 3946 principis
867 3871 1041 3930 auctoritate
1053 3872 1104 3930 de·
1158 3871 1271 3928 ordinis
1286 3885 1392 3928 aroma
1416 3887 1452 3928 ex
1474 3871 1581 3929 eodem
1603 3871 1673 3930 loco
1698 3887 1824 3944 surgens,
1843 3879 1903 3925 nanc
1918 3859 1936 3915 iu

271 3959 430 4028 cernimus,
447 3965 475 4017 et
489 3963 551 4017 tam
564 3959 737 4034 apostolieae
752 3961 831 4018 sedis
851 3961 1038 4018 obtestamur
1059 3960 1104 4017 iu·
1157 3959 1270 4016 nostris
1297 3959 1444 4033 partibas,
1474 3963 1534 4018 lieo
1559 3960 1703 4032 donante,
1732 3963 1846 4032 flagrare
1865 3951 1937 4010 uentu

269 4053 353 4106 turos
368 4049 536 4123 pontitices,
550 4066 644 4123 quam
658 4049 712 4123 qui
726 4049 941 4108 ecclesiasticas
956 4051 1104 4108 ministra·
1157 4047 1285 4105 videtur.
1302 4051 1491 4123 Quapropter
1505 4065 1650 4120 rogamus
1664 4056 1693 4108 et
1704 4050 1936 4112 obsecramuspaa·

270 4137 367 4194 verint
388 4137 568 4206 functiones,
591 4137 639 4194 vel
665 4138 754 4195 etiam
781 4153 909 4208 magnas
934 4155 1102 4213 parvasque
1157 4151 1277 4211 gnaqae
1292 4153 1381 4211 prece
1395 4137 1589 4212 deposcimus
1607 4145 1642 4198 at
1656 4141 1794 4216 praedicto
1813 4137 1868 4193 loco
1884 4139 1937 4186 rere

270 4239 426 4297 personas,
448 4240 486 4282 ne
500 4225 664 4299 quispiam,
688 4241 871 4300 quacunque
898 4226 935 4283 sit
958 4226 1100 4298 dignitate
1156 4227 1283 4284 rentiam
1307 4227 1446 4286 exhibere
1473 4229 1591 4299 curetis,
1616 4230 1720 4304 ibique
1742 4233 1797 4287 lleo
1819 4219 1936 4282 nitiade

270 4311 423 4384 praeditus,
439 4311 477 4368 de
492 4313 634 4369 omnibus
647 4313 711 4370 istis
726 4313 874 4386 capitalis,
890 4328 990 4387 quaea
1013 4314 1100 4371 nobis
1114 4279 1137 4336 Β
1155 4316 1256 4373 nullus
1268 4317 1433 4391 inquietare
1446 4323 1619 4392 praesumat.
1633 4322 1662 4379 Si
1675 4320 1839 4394 quisaatem
1850 4311 1936 4368 detera

270 4416 415 4458 concessa
439 4405 510 4458 sunt
523 4401 741 4475 quoquomodo
765 4401 915 4460 licentiam
939 4403 1101 4462 habeanta
1155 4405 1270 4478 adjam
1290 4406 1404 4464 dictam
1427 4408 1645 4466 monasteriam
1671 4409 1834 4484 pertinente,
1853 4397 1890 4456 rel
1905 4405 1936 4448 c

270 4506 350 4564 saepe
366 4490 476 4564 saepias
490 4492 646 4570 nominato
657 4490 735 4560 loco,
751 4496 840 4565 atque
850 4492 1016 4564 specialiter
1030 4509 1101 4567 apo.
1155 4495 1240 4553 edem
1255 4497 1432 4569 monachos,
1447 4502 1500 4554 aut
1513 4497 1550 4554 de
1573 4497 1711 4571 ipsorum
1735 4495 1837 4556 familia
1856 4477 1935 4558 fllicld

268 4579 378 4638 stolicte
393 4580 573 4638 exorationis
589 4580 684 4651 gratia
698 4583 859 4653 conjuncta
868 4580 1041 4654 disjungere
1049 4587 1100 4640 aut
1153 4586 1264 4658 injuste
1278 4590 1382 4644 conae
1396 4585 1581 4644 volantatem
1597 4588 1716 4646 micatis
1734 4585 1855 4660 ejusdem
1866 4585 1935 4634 cent·

267 4667 407 4726 alienare.
423 4669 450 4726 Si
466 4669 671 4744 quisinterea,
686 4669 769 4743 quod
783 4685 846 4727 non
872 4671 1032 4736 credimus,
1057 4676 1098 4730 te·
1153 4674 1195 4732 bii
1218 4679 1308 4746 tenet,
1333 4680 1438 4734 nostra
1464 4676 1631 4751 apostoliea
1654 4677 1821 4735 auctoritate
1840 4659 1935 4745 precipe

267 4759 395 4814 merario
410 4775 487 4816 ausu
509 4763 613 4816 contra
624 4775 672 4828 ea,
688 4775 757 4833 quoe
771 4759 828 4818 hac
849 4764 951 4818 nostra
972 4763 1099 4818 auetori-
1152 4777 1221 4819 mas
1234 4767 1267 4820 ut
1279 4764 1337 4821 hoc
1353 4764 1416 4821 sine
1430 4763 1572 4824 dilatione
1582 4765 1832 4825 redderelestiaet.
1846 4745 1933 4824 0¹¹⁰d⁵i

266 4849 325 4902 tate
340 4846 387 4919 pic
403 4852 432 4906 et
446 4849 569 4906 tirmiter
590 4864 645 4923 per
666 4849 724 4906 hoc
747 4853 884 4906 nostrum
908 4848 1098 4923 privilegiam
1152 4868 1213 4910 non
1228 4851 1337 4922 lecerit,
1356 4859 1425 4911 ante
1440 4859 1574 4930 nostram
1591 4856 1778 4931 praesentiam
1790 4837 1934 4925 juhemasul

266 4933 411 5008 disposita
423 4941 503 5008 sant,
518 4938 664 4996 contraire
679 4937 844 5007 tentaverit,
859 4937 906 4995 vel
929 4938 1004 5011 brec,
1029 4955 1097 5014 que
1153 4941 1251 4998 veniat
1262 4942 1472 5002 rationabilem
1494 4961 1617 5004 causam
1641 4945 1782 5004 dicturas.
1804 4941 1829 4998 Si
1847 4947 1899 4992 vero
1914 4927 1933 4980 tl

265 5023 386 5082 anobis
402 5025 442 5082 ad
455 5024 578 5084 laudem
595 5027 645 5084 bei
664 5044 719 5101 pro
743 5027 901 5086 stabilitate
919 5029 985 5101 jam
1010 5029 1096 5088 diotre
1151 5031 1209 5087 boo
1221 5033 1435 5106 contempserit
1446 5032 1553 5106 tacere,
1569 5033 1707 5092 terribilis
1725 5015 1931 5107 anathematisat

263 5113 408 5187 ecclesie,
422 5115 557 5172 ordinata
577 5120 687 5174 statuta
713 5121 791 5187 sunt,
816 5115 966 5194 refragare
988 5119 1019 5176 in
1045 5119 1096 5177 ali·
1150 5117 1280 5176 nodatus
1294 5125 1399 5178 nostra
1412 5121 1732 5190 excommunicatione,
1747 5118 1796 5196 qai
1809 5105 1931 5172 uocabat

262 5221 324 5280 quo
338 5209 390 5261 aat
402 5203 569 5276 transgredi
585 5205 821 5279 presumpserit,
839 5205 912 5263 sciat
936 5223 969 5264 se
995 5199 1095 5265 aucto·
1149 5207 1233 5271 Petri,
1248 5207 1316 5266 licet
1330 5208 1455 5281 indigni,
1472 5225 1560 5282 agere
1577 5211 1723 5276 videmur,
1748 5207 1827 5281 cujas
1849 5187 1930 5274 [tecti

262 5293 346 5352 ritate
361 5297 391 5353 Β.
406 5294 481 5352 Petri
493 5293 699 5368 apostolorum
714 5293 868 5368 principis,
886 5296 972 5369 cujus
986 5296 1092 5354 imme·
1146 5295 1257 5368 iniuste
1268 5297 1410 5357 invadere
1431 5315 1493 5357 nen
1513 5300 1607 5370 timet,
1632 5300 1775 5376 plectatur
1795 5299 1870 5366 atqu
1887 5278 1929 5336 ad·

260 5381 308 5438 riti
322 5383 401 5440 vices
416 5384 545 5456 agimus,
562 5383 887 5442 anathematisvinctdo
901 5385 1091 5457 innodatum,
1146 5390 1275 5444 neretar.
1305 5387 1475 5462 Specialiter
1500 5405 1571 5462 ergo
1593 5395 1696 5448 nostra
1716 5404 1752 5447 ex
1774 5387 1848 5460 perte
1869 5371 1928 5464 ⁰¹³⁵?
1985 5443 1986 5448 ,

261 5474 370 5528 etcum
387 5471 509 5531 diabolo
521 5477 550 5530 et
564 5473 629 5546 ejus
650 5473 842 5532 atrocissimis
856 5473 977 5548 pompis
1001 5478 1091 5547 atque
1145 5475 1259 5533 arando
1273 5477 1464 5552 precipimus
1478 5479 1593 5537 domno
1610 5479 1757 5552 Stephano
1771 5453 1925 5548 (arvernensi
1985 5455 1986 5493 ¹

260 5575 331 5618 cum
349 5559 427 5618 tuda
449 5562 590 5620 traditore
617 5563 735 5620 bomini
764 5562 856 5618 nostri
884 5562 956 5618 teau
983 5562 1090 5623 christi
1144 5565 1296 5641 episcopo,
1323 5567 1354 5623 in
1385 5569 1473 5640 cajus
1499 5569 1621 5630 dioecesi
1649 5563 1831 5627 celsinianias
1851 5561 1925 5612 mone·

1274 910 1393 952 deerant
1412 910 1489 952 l’hl’ss
1508 910 1526 950 ll
1545 909 1677 952 aristone
1696 910 1731 950 Ab
1749 911 1878 952 taratros.
