4160 6162
138 73 190 134 tar
410 77 416 150 '‚
549 71 945 142 artronunoaattuus.
966 57 1067 134 unat
1090 79 1122 132 ιιι
1144 79 1266 150 ton.-
1286 83 1349 136 ιιι
1372 83 1442 136 vui.
1542 31 1544 34 ¹
1801 81 1858 154 ιιι

136 195 203 253 voci
228 199 385 296 congruat,
407 212 537 270 quorum
575 213 661 254 mens
695 212 814 271 semper
843 194 969 272 sollicita
986 199 1144 256 Aniamus
1158 202 1265 258 taciem
1280 204 1344 274 ejus
1359 204 1390 259 in
1405 203 1694 287 contessionetPsat
1703 215 1779 270 xciv,
1795 202 1851 272 ιιι

138 283 280 341 examina
302 283 437 354 intendit,
454 285 644 344 considerant
665 300 758 362 quam
773 267 929 342 districte'
920 299 968 354 Ju-
1024 287 1097 344 ilinc
1113 306 1216 346 rursus
1240 291 1384 364 scriptum
1399 295 1487 348 estzc
1506 291 1560 358 Qui
1576 269 1718 348 abccndit
1741 289 1854 348 scelera

137 372 218 432 dicet
230 371 313 430 bona
334 388 436 448 opera,
449 389 541 448 quam
555 373 700 430 subtiliter
714 377 829 448 penset
844 377 872 428 et
890 371 968 446 peri·
1023 394 1089 446 sua,
1104 395 1166 436 non
1192 380 1334 452 dirigetur
1350 381 1451 451 (Pron.
1467 395 1568 451 xxviii,
1596 379 1679 452 l3].›
1680 377 1851 466 ’Sequitur

138 466 224 520 turos
238 477 269 519 se
285 462 399 536 absque
414 463 608 534 ambiguitate
623 463 793 538 praesciunt,
810 463 836 519 si
854 463 970 518 remota
1024 469 1168 540 Loquar
1157 486 1189 525 ιιι
1206 470 1399 526 maritatione
1412 470 1535 539 spiritus
1550 470 1615 525 mei.
1634 499 1666 510 -
1680 453 1854 528 tribulatio-
1880 503 1887 516 ι

138 551 251 626 pietate
264 551 441 624 Judicentur.
462 555 538 622 Bene
554 557 655 610 autem
677 553 828 610 electionis
848 567 971 608 cursum
1024 547 1095 614 nem
1110 560 1222 637 quippe
1243 559 1363 634 spiritus
1379 559 1482 630 lingua
1496 563 1676 636 commovet,
1692 549 1855 619 arrestum

138 640 350 714 delectumque
364 641 492 698 humani
505 643 622 714 generis
637 643 808 718 exprimens
823 641 895 698 dicit
909 661 915 697 :
1025 648 1111 721 pravi
1126 647 1224 722 operis
1236 633 1295 706 vox
1308 648 1503 706 confessionis
1517 648 1683 728 impugnet.
1694 647 1856 706 Sciendum

176 734 262 788 tras.
277 734 302 786 t.
318 731 403 788 Sicut
422 735 608 789 consumitur
634 733 728 790 nubes
747 739 774 790 et
792 732 971 803 pertransit,
1026 752 1148 814 quoque
1163 741 1216 806 est,
1232 738 1304 818 quia
1317 743 1344 794 et
1359 755 1430 813 sape
1443 737 1563 813 reprobi
1577 740 1701 810 peccata
1715 737 1856 793 confiten-
1937 732 1940 738 ’

137 823 245 894 sthttt‘
258 821 409 878 descendi
420 823 592 893 adinseroa
602 839 662 880 aon
676 823 862 880 aseendit-
874 819 973 877 Nubes
1027 830 1083 895 tur,
1101 819 1155 882 se'd
1166 827 1274 884 deflere
1290 831 1494 884 contemnunt.
1511 825 1598 882 illecti
1626 827 1727 884 autem
1751 824 1856 896 culpas

139 912 253 990 quippe
268 911 308 970 ad
322 912 427 972 altiora
446 913 648 988 suspenditur,
664 914 717 970 sed
738 913 865 970 densata
886 913 973 967 vento
1028 932 1111 985 suas,
1125 933 1202 993 quas
1214 918 1340 973 vocibus
1355 916 1549 977 confessionis
1560 915 1705 990 aperiunt,
1717 913 1856 970 districte

139 1001 302 1078 impellitur
317 1008 349 1061 ιιι
362 1009 471 1072 currat,
486 1004 584 1061 calore
599 1007 700 1064 autem
715 1003 785 1060 solis
799 1002 972 1075 dissipatur,
1029 1004 1297 1062 animadversionis
1320 1005 1439 1062 tletibus
1458 1007 1663 1083 insequuntur.
1679 1003 1750 1060 ltine
1774 1000 1856 1057 Psal-

140 1097 175 1150 ut
189 1096 356 1150 evanescat.
372 1092 418 1149 Sic
441 1092 585 1149 nimirum
601 1097 670 1149 sunt
690 1091 781 1150 corda
805 1089 974 1156 bominum,
1029 1094 1119 1154 mista
1133 1095 1187 1150 ait:
1212 1095 1399 1169 iniquitatem
1414 1111 1513 1150 meam
1535 1110 1591 1168 ego
1616 1090 1856 1168 pronuntiabo»

140 1182 562 1261 quaeperacccptaerationis
587 1181 742 1254 ingenium
763 1181 802 1236 ad
823 1179 883 1236 alta
902 1177 975 1234 emi-
1031 1182 1188 1254 etreliqua
1204 1185 1298 1251 (Pro
1315 1201 1334 1251 1,
1363 1188 1400 1249 ιι.
1418 1183 1473 1249 Qui
1496 1183 1577 1238 enim
1604 1181 1683 1238 mala
1711 1193 1858 1262 quaeper·

140 1277 223 1345 cant,
237 1272 369 1346 impulsa
386 1277 487 1329 autem
503 1272 626 1343 maligni
642 1269 856 1346 spiritustlatu,
873 1267 976 1342 pravis
1031 1271 1158 1342 petravrt
1169 1271 1311 1342 insinuat
1324 1273 1377 1328 sed
1386 1271 1456 1328 tlere
1469 1275 1595 1340 recusat,
1611 1285 1699 1348 quasi
1691 1257 1859 1324 'subducta

141 1361 362 1420 desideriorum
376 1377 500 1417 suorum
516 1361 636 1418 notibus
651 1361 710 1416 huc
723 1359 853 1432 illucque
866 1361 978 1430 pertra·
1031 1363 1110 1414 veste
1125 1359 1234 1415 vulnus
1249 1360 1368 1430 dcteg't,
1385 1360 1437 1416 sed
1459 1364 1593 1432 torpente
1607 1363 1716 1422 mente,
1729 1355 1860 1412 medica·

140 1453 265 1508 huntur.
291 1449 348 1507 Sed
373 1450 506 1508 districto
529 1455 668 1524 respectu
694 1447 816 1523 superni
851 1444 975 1515 tudicis,
1031 1453 1166 1504 mentum
1181 1447 1296 1505 vulneri
1312 1464 1373 1504 non
1388 1448 1522 1525 apponit.
1537 1447 1688 1521 Sequitur:
1702 1445 1742 1500 Et
1758 1445 1860 1514 eausa-

142 1539 232 1614 quasi
247 1537 317 1595 solis
332 1537 430 1595 calore
445 1538 613 1612 liquefiunt,
630 1543 658 1595 et
672 1537 765 1594 semel
778 1537 852 1592 locis
871 1549 976 1608 praua·
997 1553 1018 1618 g
1033 1538 1159 1594 tutabor
1181 1553 1247 1595 cum
1262 1527 1467 1594 amaritudine
1481 1539 1590 1596 aalma
1604 1551 1684 1592 meae.
1700 1567 1735 1576 -
1752 1537 1862 1591 Pavore

142 1627 223 1684 libus
250 1627 358 1698 traditi,
392 1628 433 1684 ad
467 1627 648 1700 operationis
683 1643 772 1682 usum
805 1625 882 1682 ultra
915 1639 975 1679 non
1031 1643 1163 1702 namque
1178 1628 1302 1686 districti
1313 1627 1421 1700 judicis
1430 1627 1540 1696 afflicti,
1552 1626 1626 1682 dum
1635 1622 1862 1699 quadammale

143 1717 280 1774 redeunt.
301 1719 399 1773 Potest
421 1718 511 1773 ctiam
536 1715 643 1774 interni
670 1715 793 1772 nominc
811 1710 976 1780 peccatoris
1031 1721 1114 1786 gesta
1138 1717 1323 1790 plangimus,
1345 1717 1414 1794 ipsa
1435 1717 1497 1772 vim
1516 1719 1626 1772 nostrae
1655 1711 1863 1777 amaritudinis

144 1803 314 1880 desperatio
328 1805 489 1878 designari,
505 1805 542 1862 de
564 1819 626 1878 qua
646 1821 699 1878 per
713 1802 905 1860 Psalmistam
931 1800 975 1856 di·
1031 1805 1070 1861 ed
1095 1804 1316 1865 discutiendum
1345 1822 1401 1862 nos
1430 1805 1603 1876 vigilantius
1639 1805 1779 1874 excitant,
1805 1801 1863 1858 alia

145 1897 238 1954 citur:
251 1919 264 1946 ιι
282 1897 316 1952 ln
330 1896 447 1951 interno
467 1899 568 1950 autem
590 1893 658 1966 quis
674 1891 863 1949 confitebitur
874 1889 949 1946 tibi?
963 1912 976 1939 ιι
1031 1893 1122 1949 etiam
1145 1893 1176 1950 in
1198 1893 1286 1951 nobis
1310 1911 1377 1970 quae
1403 1893 1533 1968 amplius
1552 1893 1728 1960 defleamus,
1751 1891 1864 1948 inveni-

144 1987 244 2058 (Psat.
259 2001 298 2054 ιι,
309 1987 348 2056 a).
371 1984 404 2038 Et
415 1983 505 2038 illud:
523 1984 635 2055 lmpius
650 1997 720 2037 cum
739 1979 852 2036 venerit
863 1979 893 2034 in
907 1993 978 2050 pro·
1033 1995 1112 2036 mus.
1129 1985 1204 2038 Nam
1217 1999 1296 2056 saepe
1315 1999 1383 2055 quae
1404 1983 1592 2056 torpentibus
1613 1980 1707 2052 latuit,
1724 1978 1865 2046 flentibus

146 2074 282 2130 tandum
303 2059 464 2142 malornm,
489 2070 652 2128 contemnit
677 2071 780 2139 (Prou.
807 2067 979 2138 xv111,3).»
1033 2069 1169 2126 subtilius
1193 2071 1281 2144 culpa
1305 2072 1470 2130 innotescit.
1495 2072 1590 2129 Habet
1621 2071 1702 2128 enim
1724 2071 1756 2130 iu
1775 2069 1866 2127 corde

147 2161 206 2228 Qui
218 2167 317 2219 autem
332 2161 476 2236 impietati
490 2159 667 2230 succumbit,
677 2153 907 2230 vitamproiecto
918 2155 980 2227 J'us·
1031 2158 1182 2229 J'ustorum
1208 2160 1379 2216 amaritudo
1404 2161 1512 2216 animes
1527 2161 1663 2232 linguam
1678 2175 1775 2230 suam,
1796 2175 1866 2216 cum

146 2251 217 2308 titiaa
232 2249 390 2330 moriendo
411 2237 598 2324 derelinquit.
614 2249 669 2314 Qui
683 2261 754 2304 vero
783 2249 851 2320 post
872 2261 979 2320 pecca·
1034 2263 1096 2320 qua
1123 2246 1265 2305 atiiictam
1293 2253 1436 2320 mentem,
1450 2249 1541 2305 modo
1567 2265 1621 2323 per
1643 2247 1867 2327 replicationem

147 2345 213 2397 tum
227 2319 306 2396 mole
321 2339 536 2413 desperationis
550 2337 696 2405 obruitur,
710 2335 784 2410 quid
794 2333 876 2390 aliud
886 2347 980 2406 quam
1034 2335 1185 2392 donorum
1203 2337 1262 2406 liei,
1275 2337 1366 2394 modo
1377 2353 1431 2410 per
1444 2337 1566 2412 propria
1579 2337 1704 2394 actionis
1717 2353 1778 2392 suae
1789 2351 1870 2392 seve-

145 2431 216 2504 post
243 2431 370 2484 mortem
388 2427 496 2484 interni
518 2425 668 2500 supplicio
695 2423 857 2498 sepelitur?
880 2427 981 2494 aquo
1035 2425 1105 2480 riter
1127 2424 1271 2500 increpat.
1290 2427 1371 2484 Unde
1391 2431 1419 2484 et
1436 2441 1631 2530 nequaquam
1653 2427 1770 2496 dicitur,
1785 2425 1870 2482 labu-

146 2537 197 2578 vra
209 2535 273 2592 Jam
286 2533 465 2576 reversionis
479 2517 675 2574 abscinditur
682 2519 768 2572 ttecte
782 2512 982 2571 autemcorda
1036 2513 1123 2583 lator,
1146 2515 1199 2570 sed
1225 2503 1369 2587 consulut
1371 2518 1456 2584 ator,
1480 2518 1551 2592 quia
1579 2517 1625 2574 vis
1655 2517 1777 2586 doloris,
1799 2533 1867 2593 quae

147 2608 370 2712 desperantium
394 2613 608 2682 comparantur
623 2603 756 2662 nubibus
761 2604 835 2678 ,qui
862 2607 891 2660 et
910 2601 981 2659 cali-
1037 2607 1161 2679 peccata
1176 2605 1293 2676 singula
1307 2611 1461 2682 reputans,
1475 2609 1643 2682 torpentem
1665 2609 1802 2666 animum
1829 2607 1869 2664 ad

149 2701 217 2772 gine
239 2699 347 2760 erroris
372 2698 502 2755 obscura
517 2701 595 2764 sunt,
612 2701 640 2752 et
661 2700 856 2772 peccatorum
882 2693 982 2750 multi·
1038 2693 1170 2750 lamenta
1184 2694 1302 2762 excitat,
1319 2712 1406 2770 quasi
1398 2696 1538 2754 adeum
1552 2697 1644 2754 verba
1656 2697 1871 2759 contabulatio·

147 2789 277 2892 plicitatc
292 2788 458 2858 condensa.
476 2787 534 2845 Sed
555 2789 736 2858 consumpta
762 2787 984 2864 pertranseunt
1040 2784 1086 2839 nis
1099 2782 1218 2839 lormat.
1238 2783 1390 2856 Sequitur:

147 2897 202 2954 qur
193 2877 346 2936 claritate
369 2877 493 2934 extremi
504 2875 610 2950 judicii
628 2871 771 2932 irradiata
790 2871 984 2946 dissipantur·
1006 2903 1026 2960 C
1076 2873 1164 2929 Vens.
1182 2875 1223 2928 ιι.
1238 2873 1385 2944 Νιιιιιιιιιι
1409 2889 1493 2930 mare
1519 2890 1584 2930 sum
1611 2891 1673 2948 epo,
1698 2885 1752 2944 aut
1777 2885 1869 2950 cetus,

149 2969 311 3042 Sequitur:
1041 2965 1113 3034 quic
1139 2961 1362 3018 circumdedisti
1383 2979 1430 3019 me
1446 2969 1638 3020 careeret—
1660 2967 1701 3022 Ac
1724 2967 1749 3022 si
1769 2972 1870 3046 aperte
1910 2951 1913 2956 ¹

184 3053 273 3113 Vana.
293 3055 334 3112 lo.
350 3055 412 3112 Nec
427 3051 738 3111 revertaturuttraia
753 3049 983 3106 domumeuam.
1039 3051 1167 3108 diceret:
1184 3053 1318 3110 itarerel
1333 3052 1448 3120 cetus,
1441 3052 1534 3152 miqui
1550 3051 1686 3110 videlicet
1689 3070 1870 3128 ,eorumque

146 3179 182 3189 -
199 3146 279 3203 Siout
302 3143 412 3202 domus
440 3142 574 3217 corporis
596 3139 802 3199 babitaculum
828 3137 985 3212 corporale
1038 3145 1142 3198 auctor
1155 3139 1307 3212 malignus
1323 3141 1454 3214 spiritus,
1468 3141 1541 3215 quia
1560 3140 1698 3198 effrenari
1712 3142 1752 3202 ad
1773 3143 1870 3203 solam

147 3229 204 3308 e'st,
220 3235 260 3293 ita
274 3233 436 3308 unicuique
457 3237 557 3289 mente
579 3231 637 3288 hoe
651 3229 761 3288 domus
781 3229 823 3293 fit,
841 3231 925 3306 quod
947 3247 982 3286 ex
1037 3230 1245 3304 perpetrandae
1260 3231 1423 3307 iniquitatis
1446 3230 1597 3288 licentiam
1616 3235 1770 3311 appetunt,
1792 3237 1869 3295 recte

145 3325 295 3404 desiderio
307 3324 475 3382 inhabitare
500 3323 666 3380 consucvit.
682 3320 728 3378 ad
752 3320 879 3378 domum
894 3320 984 3392 igitur
1037 3335 1135 3394 poenae
1150 3336 1211 3376 sura
1226 3336 1344 3377 carcerc
1357 3320 1610 3392 constringuntur.
1625 3323 1686 3392 Ego
1701 3327 1801 3380 autem
1816 3322 1869 3408 qui

148 3430 238 3472 suam
252 3413 327 3470 ultra
341 3428 403 3469 non
418 3409 573 3469 revertitur
576 3411 638 3492 ,qui
654 3409 747 3468 semel
761 3409 889 3484 quisque
902 3415 984 3466 ater·
1034 3411 1100 3483 J'arn
1114 3409 1283 3466 aternitatis
1297 3413 1355 3467 tara
1365 3409 1532 3467 libertatem
1544 3410 1693 3486 desidero,
1707 3428 1760 3468 cur
1769 3409 1868 3470 adhuc

146 3503 195 3562 nis
210 3503 361 3580 suppliciis
377 3502 503 3559 traditus
523 3503 563 3560 ad
583 3501 641 3559 hoc
654 3501 706 3558 ubi
731 3515 834 3558 amore
855 3501 983 3558 inhaese-
1037 3516 1113 3556 meae
1128 3499 1325 3574 corruptionis
1350 3515 1467 3556 carcere
1488 3501 1769 3576 premortcarcere
1788 3501 1868 3578 enim

147 3596 205 3662 rat,
219 3591 391 3649 nullatenus
403 3595 570 3650 revocatur.
586 3593 682 3647 Potest
695 3589 786 3648 etlam
805 3589 915 3647 domus
928 3590 983 3646 ha·
1037 3591 1130 3646 homo
1157 3589 1369 3660 circumdatur,
1381 3590 1453 3665 quia
1479 3595 1507 3647 et
1525 3590 1703 3669 plerumque
1725 3569 1868 3651 virtutum

146 3681 251 3740 bitatio
262 3681 359 3737 cordis
368 3677 592 3752 intelligi.Uude
603 3683 709 3736 sanato
725 3679 846 3736 cuidam
854 3677 986 3759 dieiturg
1038 3679 1220 3754 profectibus
1242 3679 1281 3734 ad
1305 3679 1365 3736 alta
1388 3694 1547 3750 exsurgere
1573 3677 1684 3750 nititur,
1714 3682 1742 3746 ct
1766 3683 1868 3740 tamen

148 3770 549 3828 «Vadeindomumtuam
569 3769 984 3842 (.ltattb.1x,6).»Cumergo
1038 3769 1136 3826 carnis
1168 3785 1231 3824 suae
1267 3769 1456 3842 corruptione
1493 3767 1684 3847 praepeditur.
1720 3768 1868 3850 Scriptum

147 3877 241 3937 quern
259 3857 429 3932 desperatio
453 3856 563 3928 obruit,
580 3873 599 3913 a
618 3857 716 3913 contis
739 3855 784 3912 sui
812 3851 984 3912 habitaculo
1038 3857 1150 3932 quippe
1166 3862 1227 3913 est:
1250 3879 1263 3907 ιι
1276 3859 1391 3932 Corpus
1405 3855 1489 3932 quod
1510 3857 1712 3932 corrumpitur
1724 3861 1869 3929 aggravet

146 3951 231 4008 toras
254 3947 352 4014 mittit,
376 3951 404 4002 ct
425 3945 522 4002 redire
545 3943 691 4002 introrsus
716 3959 779 4000 nou
800 3943 889 4016 valet,
911 3944 985 4016 quia
1039 3946 1174 4002 animam
1189 3945 1271 4017 (Sap.
1283 3963 1322 4016 ιιι
1335 3945 1389 4014 l5).
1404 3968 1418 3994 ιι
1430 3945 1514 4002 lteris
1526 3945 1648 4002 nominc
1663 3945 1755 4002 corda
1765 3961 1870 4012 carna-

145 4053 256 4098 rursus
270 4034 397 4091 exterius
411 4034 450 4090 ad
465 4033 611 4089 deteriora
625 4031 758 4108 quotidie
774 4031 879 4106 pulsus
894 4031 983 4088 cadit.
1037 4034 1111 4090 tium
1130 4033 1253 4090 tumidis
1280 4031 1510 4106 cogitationibus
1531 4031 1681 4098 fluctuosa
1701 4032 1867 4107 signantur.

148 4123 305 4203 Sequitur:
313 4123 416 4195 Neque
426 4125 580 4192 cognoscet
588 4133 654 4177 eum
667 4119 797 4190 amptius
813 4119 895 4176 loeus
907 4120 983 4204 eJ'us
1038 4122 1101 4178 Ceti
1117 4137 1189 4178 vero
1203 4119 1326 4178 nomine
1348 4119 1490 4194 antiquus
1504 4120 1597 4178 hostis
1618 4120 1803 4194 exprimitur,
1817 4123 1869 4208 qui

149 4249 184 4257 -
198 4217 294 4272 Locus
307 4212 420 4288 quippe
435 4210 576 4279 hominis,
593 4225 698 4267 senon
711 4207 849 4277 localiss
842 4223 906 4284 lpse
927 4209 983 4266 sci·
1038 4211 1113 4269 dum
1142 4215 1257 4270 mentes
1293 4209 1472 4269 secularium
1503 4209 1691 4286 possidendo
1721 4213 1868 4289 penetrat,

149 4306 217 4362 licet
232 4302 373 4362 Conditor
386 4299 507 4368 exstitit,
529 4299 581 4374 qui
596 4299 677 4356 bunc
692 4299 745 4358 ut
738 4315 769 4355 ιιι
783 4299 981 4374 semetipsum
1037 4302 1127 4403 quasi
1151 4303 1183 4358 in
1208 4317 1313 4363 eorum
1337 4299 1468 4358 lubricas
1494 4300 1687 4378 cogitationes
1702 4305 1795 4370 natat.
1814 4301 1869 4370 Oui

149 4391 323 4449 consisteret
342 4389 461 4447 creavit.
478 4389 518 4445 lle
543 4405 604 4462 quo
629 4387 786 4444 Psalmista
809 4389 864 4444 ait:
881 4409 894 4438 ιι
917 4387 979 4443 lilii
1037 4392 1068 4448 in
1109 4389 1299 4449 interioribus
1336 4389 1479 4467 dejectus,
1508 4405 1546 4446 ne
1577 4389 1617 4448 ad
1650 4389 1782 4456 coelestia
1815 4407 1868 4456 ιο-

151 4495 306 4538 servorum
321 4483 441 4536 tuorum
456 4477 638 4560 habitabunt
651 4479 868 4550 (Psal·t1‚29)»
884 4477 978 4542 Quem
1035 4483 1098 4540 lare
1122 4481 1294 4558 prevaleat,
1317 4496 1415 4558 poense
1443 4495 1505 4538 sure
1535 4480 1668 4554 pondere
1690 4483 1867 4546 coarctatur.

150 4569 293 4627 nimirum
307 4568 408 4624 locum
427 4573 497 4624 tunc
518 4567 609 4624 homo
624 4567 763 4635 deseruit,
779 4583 858 4636 eum,
874 4566 981 4622 seduc·
1036 4575 1110 4631 Hinc
1124 4575 1225 4630 Petrus
1241 4571 1297 4628 ait:
1324 4593 1337 4620 ιι
1351 4573 1427 4626 Deus
1452 4569 1566 4640 angelis
1590 4569 1786 4642 peccantibus
1807 4584 1869 4632 non

151 4665 223 4730 toris
236 4663 329 4722 verba
343 4659 482 4732 audiens,
498 4675 516 4716 a
535 4658 697 4715 conditoris
717 4671 819 4715 amore
834 4655 982 4716 discessit.
1035 4663 1177 4737 pepercit,
1202 4659 1255 4718 sed
1282 4657 1464 4714 irruentibus
1489 4657 1520 4713 in
1548 4657 1700 4722 internum
1720 4655 1869 4720 detractos

150 4762 175 4814 Α
188 4753 345 4814 conditore
359 4765 430 4821 ergo
454 4766 509 4806 suo
528 4753 612 4806 tanto
629 4748 757 4823 quisque
777 4747 936 4804 districtius
950 4747 982 4806 in
1019 4755 1065 4812 qn
1091 4755 1202 4810 tartara
1226 4747 1347 4805 tradidit
1375 4743 1538 4823 injudicio
1561 4761 1711 4808 reservare
1733 4743 1874 4828 cructan-

149 4839 264 4916 Judicio
279 4856 340 4897 non
362 4838 546 4910 agnoscitur,
564 4841 678 4912 quanto
697 4852 778 4892 nunc
797 4835 836 4893 ad
862 4851 982 4910 repara·
1035 4845 1091 4900 dos
1118 4841 1163 4910 (ιι
1184 4839 1266 4896 Ριιι·.
1290 4853 1319 4905 ιι,
1343 4837 1380 4910 t).
1408 4857 1422 4886 »
1448 4837 1535 4894 Cetus
1564 4849 1636 4910 ergo
1656 4850 1691 4898 aa
1711 4851 1794 4902 marg
1813 4838 1870 4897 (ιι.

153 4932 241 4991 tionis
265 4931 392 5002 gratiam
405 4945 461 4985 nec
473 4945 529 5004 per
542 4928 624 4985 dona
636 4931 802 4984 revocatur.
818 4926 872 4988 Qui
885 4923 983 4982 ludex
1035 4928 1227 4991 cumdatione
1242 4926 1367 4984 carceris
1382 4925 1536 4999 premitur,
1552 4925 1624 5004 quia
1646 4924 1694 4989 vel
1714 4925 1865 5001 malignus

152 5021 302 5080 districtus
328 5020 368 5078 ed
382 5035 508 5078 examen
524 5017 661 5076 ultimum
688 5018 811 5076 veniens
828 5018 860 5075 in
874 5014 983 5092 iniqui·
1037 5019 1168 5096 spiritus‚
1183 5017 1231 5074 rel
1259 5031 1405 5090 sequaces
1430 5014 1520 5084 illius,
1533 5014 1708 5092 iniquorum
1732 5033 1764 5074 se
1785 5017 1874 5084 ment

153 5117 212 5168 tate
227 5109 415 5178 durantibus,
429 5108 521 5170 dixit:
541 5133 555 5160 ιι
569 5108 748 5166 Disceditea
771 5125 829 5178 me,
845 5107 998 5165 maledic·¹
1037 5111 1117 5168 tibus
1145 5106 1265 5180 colligit,
1291 5110 1380 5180 atque
1407 5105 1438 5161 in
1472 5105 1514 5162 eis
1545 5106 1662 5166 undam
1689 5107 1869 5172 tumentium

153 5203 184 5270 ti,
198 5201 229 5258 in
244 5201 346 5270 ignem
360 5203 503 5256 aeternum
519 5200 639 5272 (Metti.
662 5215 732 5267 xxv,
750 5200 805 5272 tt).
823 5217 838 5249 ιι
854 5220 868 5248 ιι
881 5197 984 5254 Nescio
1039 5199 1253 5271 cogitationum
1274 5195 1377 5268 voluit,
1389 5199 1421 5252 ut
1442 5195 1567 5272 implere
1590 5196 1672 5256 mala
1695 5207 1763 5272 quoe
1777 5205 1869 5268 tillie-

153 5307 219 5358 ros,
234 5290 314 5347 unde
325 5289 395 5346 estis
411 5288 531 5360 (Mutila.
544 5305 613 5356 xxv,
632 5289 686 5351 ιιι.
703 5287 859 5362 chuitur:
1038 5293 1113 5357 tunt,
1126 5289 1287 5361 nequeant,
1309 5300 1440 5362 superna
1457 5284 1639 5346 districtione
1660 5281 1868 5354 musanus.

191 5381 279 5438 Vens.
296 5381 338 5440 ll.
356 5381 455 5448 Quare
469 5384 495 5435 ct
511 5394 564 5450 ego
584 5395 644 5435 ιιοιι
655 5394 783 5450 parcam
804 5380 851 5434 ori
862 5393 935 5434 meo.
954 5409 986 5418 --
1039 5378 1192 5454 Sequitur:

155 5471 205 5530 Ori
216 5466 774 5540 etenimsuononparcit,quiconliteri
781 5467 895 5525 malum
905 5466 988 5542 quod
1077 5469 1164 5524 Vens.
1180 5471 1222 5534 te,
1237 5465 1279 5522 lt.
1295 5465 1328 5536 St
1342 5467 1446 5523 dicero
1459 5481 1465 5518 :
1483 5455 1698 5518 consolabitur
1709 5458 1870 5546 ιιιιιιιιιιι-

156 5563 239 5634 tecit,
252 5578 317 5624 ιιοιι
345 5557 503 5620 erubescit.
521 5556 594 5616 ilinc
623 5557 779 5616 Psalmista
803 5558 860 5616 ait:
887 5559 1002 5623 Ριιιιιιιι
1044 5561 1089 5628 ιιι
1103 5563 1232 5630 measa
1245 5550 1690 5624 reuelatortoquensmeeumta
1704 5555 1868 5624 statueret.
