4160 6162
259 179 307 230 itt
777 171 805 225 S.
827 168 958 224 Obortis
977 167 1123 224 rebaris
1143 167 1394 225 Ctuuttcsusrs
1415 171 1446 223 li.

294 295 429 351 versat.
444 293 501 359 Qui
513 297 686 361 exspectent
699 297 823 346 mortem
838 297 865 346 et
881 304 939 344 non
952 289 1041 344 venii.
1051 291 1123 344 -Α
1143 303 1209 344 cum
1223 288 1379 356 inundant,
1396 306 1465 344 cum
1483 290 1593 362 impetu
1610 289 1739 353 vestiunt,
1764 295 1791 343 et
1814 289 1977 344 crescenti·

260 384 431 442 iicsideraui
444 381 556 453 quippe
573 380 666 435 sancii
682 380 861 435 mortiiieare
885 395 917 432 sc
942 376 1085 442 funditus,
1143 378 1198 434 bus
1214 378 1413 450 multipliciter
1427 378 1631 434 voluminibus
1648 379 1860 434 intumescunt
1881 378 1974 434 Electi

258 478 346 544 atque
361 471 399 526 ab
414 471 497 526 omni
513 470 573 524 vita
587 469 688 538 gloriae
703 468 876 541 temporalis
889 466 1085 536 exstinguere,
1143 483 1212 522 vero
1224 467 1297 523 duur
1313 469 1419 523 mentis
1433 485 1493 523 suas
1509 466 1587 523 oculi
1610 467 1713 523 divina
1736 467 1850 537 judicia
1873 482 1974 539 oppo-

257 560 307 616 sed
324 560 448 616 uccultis
464 561 513 614 liei
527 575 605 632 sirpe
618 558 746 630 judiciis,
763 557 810 612 rol
827 573 956 628 preaesse
971 556 1001 611 in
1015 555 1088 624 regi·
1141 560 1227 626 nunt,
1249 555 1323 612 dum
1339 557 1375 612 tie
1390 557 1507 612 occrrlia
1529 571 1566 612 ue
1590 570 1621 610 se
1640 556 1787 611 sententia
1808 554 1973 628 trepidant,

256 647 407 714 minatici
421 646 562 720 occupari
574 646 715 718 injunctis
726 645 892 701 honoribus
906 643 1089 716 corupellun·
1141 644 1215 700 dum
1229 647 1582 718 prator·it01·umsuorum
1607 644 1743 700 recolunt
1755 659 1824 716 quae
1847 643 1971 710 delient,

257 743 314 794 tur.
332 735 551 794 Desideriorum
566 751 690 791 suorum
712 735 891 790 detrimenta
917 732 1030 801 tolerat,
1058 737 1090 787 ui
1142 733 1276 806 dumque
1291 736 1346 791 sibi
1362 735 1461 790 adhuc
1475 735 1575 790 lutura
1589 749 1656 806 quia
1677 733 1813 789 nesciunt
1834 733 1974 806 pertime-

258 828 375 898 majora
390 827 474 882 luera
488 825 639 882 conversis
655 824 720 880 aliis
743 827 903 896 reportent.
927 822 1064 894 Sequitur
1081 838 1087 875 :
1143 829 1238 893 scunt,
1252 825 1338 896 quasi
1358 825 1498 898 quiedam
1513 825 1544 879 ιιι
1564 825 1605 879 eis
1619 839 1769 896 aquarum
1788 837 1871 880 more
1885 823 1971 879 volu-

260 916 352 984 Quosi
374 915 542 984 effodientes
567 914 751 970 thesaurum.
778 945 812 951 —
834 911 888 977 Qui
916 911 1089 966 thesaurum
1142 912 1225 968 urina
1239 913 1427 984 colliguntur,
1443 929 1511 986 quae
1528 914 1558 968 in
1572 912 1709 968 mmroris
1733 911 1858 982 rugitus,
1883 911 1972 984 quasi

259 1002 415 1074 effodiunt,
452 1003 503 1072 illi,
542 1002 819 1076 appropinquantes
854 1000 885 1054 in
919 998 1088 1061 effossione,
1143 1000 1171 1056 in
1189 1002 1322 1072 subjectu
1337 1002 1434 1058 littora
1449 1002 1594 1057 defluunt.
1612 1000 1772 1074 Sequitur:

260 1092 377 1166 enixius
388 1091 544 1158 iaboraut;
562 1092 604 1146 sic
620 1091 732 1163 quippe
757 1089 808 1162 qui
830 1088 1089 1145 mortificationem
1178 1091 1261 1145 Vens.
1278 1095 1323 1146 ιιι.
1340 1093 1414 1160 (iaia
1431 1094 1520 1148 timer
1539 1106 1623 1162 qitem
1640 1091 1777 1147 timebam
1793 1092 1871 1147 vertit
1886 1091 1971 1146 miti.

259 1199 347 1238 suam
362 1182 449 1256 plene
460 1185 613 1254 appetunt,
627 1181 715 1253 quasi
727 1178 901 1234 eiiodienies
917 1179 1090 1234 thesaurum
1144 1211 1177 1217 -
1191 1180 1262 1234 iusti
1280 1181 1367 1248 igitur
1383 1180 1492 1236 delient
1507 1185 1534 1235 et
1549 1184 1669 1252 pavent,
1686 1185 1714 1234 et
1736 1179 1854 1250 magnis
1876 1193 1908 1234 se
1932 1179 1973 1234 ia-

1919 167 1976 222 tta
2068 161 2069 164 ¹

259 1274 502 1343 quaerunt,eteo
528 1271 558 1324 in
583 1285 673 1341 opere
702 1266 906 1324 delectabilius
931 1266 1089 1335 exsudant,
1145 1268 1408 1334 trientiscruciant,
1424 1269 1497 1340 quia
1510 1267 1607 1323 deseri
1622 1267 1794 1324 formidant.
1813 1271 1844 1324 lit
1866 1283 1972 1342 quam-
2068 1321 2069 1342 ,

260 1373 322 1429 quo
344 1359 407 1428 J'am
426 1356 506 1413 velut
530 1357 704 1413 thesaurum
727 1355 852 1428 praemia
874 1354 1090 1426 propinquiora
1145 1357 1188 1410 ris
1201 1357 1237 1411 ric
1254 1357 1434 1412 correctione
1446 1358 1720 1426 gaurleani,eorum
1733 1356 1880 1429 trepidam
1892 1373 1975 1413 meu·

257 1444 462 1501 considerant.
481 1444 562 1500 Unde
586 1443 695 1500 Paulus
719 1442 775 1498 ait:
807 1445 898 1497 «Non
921 1441 1091 1497 deserentes
1144 1445 1616 1519 tonrcorreetioipsaperturbai,
1635 1444 1801 1502 nemaium
1820 1446 1903 1518 quoti
1930 1451 1973 1502 to-

258 1531 466 1590 colieetionem
481 1536 618 1588 nostram
632 1531 707 1586 sicut
721 1533 765 1586 est
787 1529 1011 1586 consuetudinis
1025 1530 1091 1602 qui·
1145 1532 1248 1600 ierant,
1263 1549 1325 1588 non
1341 1534 1389 1605 pia
1405 1534 1558 1605 percussio
1574 1533 1737 1604 disciplima
1762 1535 1810 1592 sit.
1834 1533 1886 1589 sed
1910 1537 1973 1588 ani-

260 1620 402 1690 busdam,
414 1620 467 1676 sed
479 1619 669 1676 consolantes
685 1621 768 1674 tanto
788 1617 897 1688 magis,
911 1622 1025 1690 quanio
1047 1618 1127 1696 rip
1147 1622 1316 1678 madversio
1343 1623 1432 1691 tustra
1458 1623 1605 1678 uindiciis.
1630 1623 1665 1678 Ut
1691 1621 1762 1678 iilud
1791 1623 1973 1679 psalmistis:

261 1707 362 1764 derltis
374 1707 669 1781 appropinquantem
682 1706 763 1762 diem
778 1707 879 1778 (Hebr.
897 1723 926 1775 ιι,
941 1708 998 1776 25].
1012 1729 1025 1756 ιι
1037 1706 1093 1762 Ali-

263 1799 307 1852 ier
322 1813 328 1850 :
343 1796 452 1853 lluudo
465 1797 620 1864 morimur,
631 1797 654 1851 si
669 1794 777 1850 relictis
790 1793 968 1861 visibilibus,
978 1796 1009 1850 iu
1021 1795 1093 1850 invi-

267 1883 407 1940 sibilibus
422 1883 844 1940 abscondamuri'hesaurum
854 1883 1013 1940 effodimus
1023 1899 1092 1938 cum

264 1972 442 2045 sapientiam
469 1973 680 2045 perquirimus,
711 1971 749 2026 de
774 1987 835 2044 qua
864 1971 1005 2028 Salomon
1030 1972 1091 2028 aii:

264 2083 277 2110 ιι
295 2061 323 2118 Si
338 2061 489 2134 quaesieris
502 2061 585 2117 illam
599 2061 686 2134 quasi
699 2060 868 2132 pecuniam,
888 2065 916 2115 ei
930 2060 1006 2116 sicut
1029 2060 1093 2116 the·

262 2165 368 2206 sauros
381 2149 585 2206 eiiodieseaur
605 2151 706 2220 (Prae.
737 2165 765 2215 ιι,
794 2149 832 2220 t).
847 2172 861 2198 »
887 2149 984 2214 Quam
1008 2148 1093 2204 iacile

262 2237 382 2304 invenit,
398 2237 450 2311 qui
465 2238 576 2294 molem
592 2253 655 2294 ase
669 2241 793 2293 terrene
803 2236 991 2306 cogitationis
1001 2237 1093 2310 repel-

262 2325 305 2382 lit.
323 2326 483 2399 Sequitur:

299 2416 382 2470 Vsas.
394 2417 438 2470 ii.
448 2415 644 2486 duodenique
652 2413 838 2470 vehettienlei'
850 2429 916 2470 eam
925 2415 1093 2470 inverterint

264 2504 446 2572 sepulerum.
464 2533 497 2543 —
512 2503 592 2560 Sicut
606 2503 686 2557 enim
700 2502 731 2558 in
745 2501 882 2574 sepulcro
899 2503 1095 2558 absconditur

263 2591 440 2663 carpasius
454 2591 484 2646 in
499 2591 602 2646 divina
626 2590 876 2663 contemplatione
900 2591 1095 2648 absconditur

264 2679 378 2736 anima.
401 2679 510 2738 blundo
533 2679 631 2734 adhuc
650 2678 780 2734 vivimus
804 2695 874 2734 cum
896 2685 995 2735 menie
1024 2679 1094 2735 ioris

264 2783 429 2837 vagamur·;
445 2767 498 2822 sed
510 2767 619 2824 mortui
631 2767 660 2822 in
673 2765 809 2840 sepulcro
821 2766 1015 2822 absconditur
1025 2784 1094 2824 oum

264 2856 433 2914 mortificati
448 2856 585 2924 exterius,
599 2857 629 2912 in
644 2860 757 2912 secreto
770 2855 895 2912 interme
908 2857 1093 2930 contempla-

1147 1733 1160 1763 ιι
1178 1713 1249 1778 tirus
1264 1713 1344 1767 norit
1360 1717 1533 1783 potestatem
1552 1713 1601 1767 irre
1629 1713 1708 1768 tuse?
1723 1733 1736 1760 ιι
1763 1714 1853 1784 (Psoi.
1866 1729 1973 1776 ιιιιιιι,

1148 1803 1203 1871 it.)
1219 1800 1355 1872 Sequitur
1371 1819 1377 1856 :

1184 1894 1264 1945 trus.
1279 1894 1322 1944 itt.
1341 1891 1976 1947 rt'nanedissimulariincarrestiuttnonne

1147 1983 1264 2050 quieru'?
1280 1987 1305 2034 et
1327 1981 1404 2036 uern't
1421 1995 1570 2048 superine
1586 1981 1765 2051 indignatio.
1783 2011 1815 2022 ·-
1833 1981 1976 2044 Quaruris

1140 2069 1976 2142 quolibetinloropositi,cogitamiomrrrruio,loquendo

1146 2171 1316 2229 peccemus,
1334 2163 1403 2212 tunc
1418 2163 1517 2212 tauron
1534 2171 1587 2229 per
1603 2158 1656 2213 iria
1678 2159 1742 2213 irae
1757 2159 1876 2214 unimus
1891 2157 1974 2212 elire—

1147 2247 1246 2300 natius
1259 2247 1381 2318 rapitur,
1400 2261 1468 2300 cunr
1486 2247 1589 2302 ιιιιιιιιιι
1606 2245 1695 2318 liujus
1718 2247 1912 2319 prosperitate
1927 2261 1974 2300 su·

1149 2335 1291 2392 bieraiur.
1310 2339 1382 2391 iiam
1396 2351 1464 2392 curn
1481 2337 1654 2392 alimoniam
1674 2337 1755 2392 vocis
1772 2351 1789 2392 a
1815 2335 1898 2391 nulio
1921 2351 1976 2390 res-

1150 2427 1286 2494 tringitur
1300 2425 1412 2492 lingua,
1429 2427 1564 2482 licentius
1580 2441 1633 2500 per
1648 2427 1778 2500 abrupta
1790 2426 1975 2482 diffrenatur.

1151 2515 1204 2569 Seri
1222 2517 1317 2568 sancti
1332 2515 1385 2568 riri
1400 2529 1468 2570 eum
1483 2516 1587 2570 mundi
1600 2515 1690 2586 iurjus
1700 2521 1844 2588 potesate
1854 2514 1977 2570 iniciun-

1151 2611 1205 2672 tur,
1222 2603 1324 2658 carad
1349 2603 1599 2659 constituendam
1625 2619 1712 2660 suam
1738 2604 1864 2674 gloriam
1888 2603 1977 2676 repri-

1150 2699 1245 2756 munt,
1261 2691 1394 2758 linguam
1410 2693 1449 2747 ab
1472 2692 1669 2748 immoderata
1692 2693 1841 2748 locutione
1861 2693 1978 2747 restrin-

1149 2787 1233 2851 gunt,
1246 2797 1322 2852 opus
1337 2781 1376 2836 ab
1391 2781 1604 2854 inquietudinis
1621 2782 1779 2851 vagatione
1795 2781 1975 2836 custodiunt.

1149 2873 1280 2926 Potestas
1293 2870 1416 2942 quippe,
1430 2886 1498 2926 curn
1511 2871 1646 2936 turbetur,
1663 2877 1692 2926 et
1705 2869 1866 2936 cogitanda
1880 2875 1924 2925 est
1939 2871 1976 2924 ari
2068 2855 2069 2888 ³

265 2943 352 3000 iiOUiS
378 2944 520 3000 celamur·
541 2943 612 3000 Hinc
634 2943 743 3000 Paulus
764 2943 828 2999 ³5st
855 2965 869 2992 “
885 2943 987 3002 Mffl'il'i
1013 2944 1093 3002 essim
1109 2987 1130 3044 0
1148 2961 1304 3016 utilitatum
1319 2965 1347 3015 et
1360 2959 1579 3014 dissimulanda
1596 2965 1718 3032 propter
1744 2967 1902 3015 tumerem.
1920 2959 1976 3014 aii-

261 3033 345 3104 estis‚
358 3038 387 3090 et
401 3033 461 3090 vita
475 3037 574 3090 restra
588 3032 765 3090 abscondita
784 3037 910 3089 osteum
933 3032 1048 3090 Christo
1062 3035 1093 3090 in

264 3125 323 3180 lieo
337 3121 412 3195 (Cel.
439 3139 479 3194 ιιι,
504 3123 573 3195 bi.»
594 3121 682 3180 Aliter
708 3121 881 3178 thesaurum
902 3121 933 3178 in
956 3123 1094 3194 sepulcro

262 3209 428 3280 gaudentes
442 3211 614 3283 querimus,
631 3225 702 3266 cum
715 3224 809 3265 saeroe
828 3209 986 3281 Scripturas
1008 3210 1093 3282 pagi-

260 3312 318 3354 nas
331 3298 720 3371 sapientiamperquirentes
735 3297 896 3368 voluimus,
913 3313 981 3353 eum
996 3315 1094 3355 erem-

262 3385 313 3458 pia
327 3385 561 3459 precedentium
576 3390 808 3458 perscrutamur,
825 3385 912 3458 quasi
937 3401 973 3442 ex
996 3389 1093 3459 sepul·

262 3489 313 3531 cro
326 3475 472 3545 gaudium
487 3476 645 3542 sumimur,
662 3475 735 3547 quia
748 3474 856 3529 mentis
875 3473 995 3530 divitias
1011 3475 1093 3549 apud

261 3568 398 3620 mortuos
413 3564 594 3620 invenimus.
613 3563 752 3636 Sequitur
769 3580 775 3618 :

299 3655 381 3710 Vnus.
396 3657 439 3710 23.
459 3654 529 3710 Viro
543 3655 593 3709 cui
607 3653 782 3710 abscondita
797 3653 908 3724 esicio,
924 3659 950 3710 ei
967 3655 1092 3710 circum-

1150 3054 1213 3105 ter:
1232 3049 1321 3106 Silere
1344 3053 1388 3104 est
1413 3055 1542 3104 urentem
1566 3063 1584 3103 a
1606 3055 1790 3104 terrenorum
1816 3048 1979 3103 desiderio-

1148 3153 1215 3192 rum
1230 3153 1300 3192 voce
1321 3137 1506 3206 restringere.
1532 3138 1693 3202 Quiescunt
1714 3135 1766 3209 qui
1793 3143 1977 3193 terrenarum

1148 3227 1301 3282 actionum
1317 3227 1456 3298 strepitus
1472 3241 1524 3298 pro
1540 3226 1642 3282 divino
1665 3241 1768 3282 amore
1781 3231 1976 3298 postponunt.

1150 3316 1251 3372 Sciunt
1262 3315 1341 3371 enim
1352 3316 1424 3386 quia
1435 3329 1628 3388 nequaquam
1646 3329 1731 3370 mens
1743 3313 1783 3371 ad
1794 3327 1926 3387 superna
1938 3319 1979 3369 at·

1147 3405 1266 3471 tollitur,
1284 3404 1307 3460 si
1332 3419 1471 3460 curruum
1491 3403 1667 3460 tumultibus
1689 3404 1828 3460 continue
1856 3402 1885 3458 in
1910 3403 1977 3458 iuti-

1148 3493 1204 3547 mis
1219 3497 1393 3564 occupatur.
1409 3491 1484 3556 Quid
1499 3491 1577 3546 enim
1592 3493 1629 3547 de
1646 3491 1705 3547 lieo
1728 3495 1875 3564 occupata
1901 3491 1977 3546 obti-

1147 3584 1227 3649 neat,
1243 3595 1310 3652 qaae
1326 3579 1362 3634 de
1378 3580 1428 3635 iiio
1443 3579 1668 3653 apprehendere
1689 3581 1802 3653 aliquid
1822 3581 1911 3636 etiam
1929 3595 1977 3635 ra·

1147 3685 1219 3724 cans
1230 3669 1371 3724 laborati
1387 3672 1462 3724 Bene
1477 3675 1576 3724 autern
1594 3670 1622 3724 in
1638 3669 1760 3724 Psalmis
1777 3669 1906 3724 dicituro
1918 3668 1977 3724 i'a·

261 3743 420 3800 mileum
439 3745 518 3800 Deus
543 3743 742 3799 lidelmi·-
764 3741 815 3798 Via
840 3742 920 3797 0¹¹1OE
949 3757 1004 3798 ⁸1¹⁸
1029 3743 1092 3800 iim
1147 3763 1211 3814 cate
1227 3762 1255 3813 et
1268 3758 1373 3823 videte,
1388 3758 1533 3830 qnoniam
1548 3773 1603 3827 rago
1620 3773 1686 3813 sum
1700 3761 1775 3813 tiens
1798 3759 1893 3828 (i'eoi.
1910 3771 1977 3821 xcv,

261 3831 440 3889 &hfflffldiiss
454 3836 509 3900 0⁸1,
525 3833 595 3904 quia
610 3837 638 3888 ei
653 3831 753 3901 Silam
769 3829 798 3886 51¹
816 3847 877 3902 ‘lua
892 3831 929 3886 Sit
941 3831 1006 3887 Viiffi
1021 3847 1093 3903 qua·
1150 3851 1202 3910 ii).
1222 3869 1235 3894 ιι
1251 3846 1326 3911 Quia
1343 3862 1448 3900 vereare
1467 3849 1523 3901 tino
1540 3846 1671 3916 negligit,
1680 3861 1735 3901 suo
1751 3843 1977 3916 sibijurliciolu-

260 3926 340 3984 litate
353 3926 535 3995 considerat,
557 3926 656 3982 adhuc
683 3929 803 3996 tamen,
822 3925 861 3982 ad
885 3941 976 3998 quem
1000 3927 1092 3983 tinem
1147 3935 1292 4004 mencjus
1314 3935 1438 3988 visionis
1458 3934 1625 3990 abscondit.
1650 3935 1807 4006 Sequitur:
1835 3937 1873 3990 ιιι
1896 3937 1977 3990 verrit

179 4021 182 4036 ⁴
261 4016 372 4084 tendat,
399 4017 526 4088 ignorat.
544 4019 578 4072 Et
596 4016 620 4072 si
641 4015 706 4086 J'am
732 4030 863 4088 superna
887 4015 1009 4088 appetit,
1037 4017 1092 4072 etsi
1146 4023 1490 4094 supermebrdigaotia.
1520 4055 1551 4062 —-
1575 4025 1680 4094 ttagna
1703 4024 1815 4096 quippe
1838 4029 1899 4079 arta
1925 4025 1978 4078 do·

260 4105 356 4179 plenis
370 4106 435 4165 brec
448 4105 602 4162 desideriis
621 4105 737 4178 quierit.
752 4104 852 4161 adhuc
876 4103 901 4159 Si
923 4106 954 4160 in
978 4105 1092 4161 eisdem
1147 4111 1247 4168 ctrinie
1269 4111 1413 4178 dicturus,
1436 4113 1560 4168 verbera
1582 4112 1709 4184 praetulit
1734 4113 1809 4168 recte
1834 4114 1920 4180 i'aeta,
1948 4117 1979 4166 ut

260 4193 1092 4266 de-iderlispet·maneat‚nescil·Eslatllemelaliaviiffi
1149 4201 1355 4272 unusquisque
1383 4201 1451 4255 irinc
1480 4200 1657 4268 consideret,
1686 4219 1753 4274 quie
1782 4201 1977 4274 peccantibus

260 4274 1092 4355 nostrreabsconsio,quianonnunquametadipsaqua
1148 4289 1343 4363 postmodum
1371 4289 1516 4362 supplicia
1541 4295 1691 4351 maneant.
1720 4291 1744 4346 si
1768 4291 1858 4346 etiam
1879 4291 1978 4360 justos

260 4373 338 4425 reete
353 4385 409 4424 nos
424 4384 511 4439 agere
536 4369 698 4438 eredimus,
723 4385 763 4425 an
783 4369 813 4424 1'11
837 4369 960 4426 districti
981 4370 1091 4442 iudicis
1149 4385 1210 4434 tarn
1226 4378 1326 4434 valida
1341 4378 1388 4434 hic
1405 4379 1524 4447 liugeila
1539 4381 1695 4449 castigant.
1714 4381 1783 4435 ltine
1800 4383 1900 4435 Petrus
1913 4380 1975 4435 ait:

261 4457 401 4514 examine
415 4462 496 4514 recta
512 4457 743 4528 sitiguoramus,
757 4457 916 4513 Salomone
925 4461 1091 4534 attestante,
1148 4489 1160 4515 ιι
1177 4469 1207 4521 Et
1222 4467 1244 4520 si
1258 4465 1358 4537 justus
1384 4469 1430 4522 ιιιι
1453 4467 1627 4538 salvabitur,
1653 4469 1764 4540 impius
1789 4473 1817 4524 et
1838 4473 1978 4540 peccator

260 4547 312 4620 qui
326 4546 386 4604 ait:
407 4569 420 4596 ι(
439 4549 487 4604 Est
507 4547 556 4605 via
577 4563 644 4620 ques
663 4547 778 4602 videtur
804 4547 978 4603 hominibus
1001 4552 1091 4613 recto,
1147 4556 1198 4612 ubi
1213 4545 1386 4628 parebunt?
1401 4579 1414 4606 »
1428 4561 1456 4628 (i
1469 4560 1550 4614 Patr.
1568 4575 1606 4624 tv,
1625 4558 1677 4628 18.)
1694 4557 1855 4628 Sequitur:

259 4637 425 4694 norissima
440 4642 539 4694 autem
556 4637 621 4710 ejus
635 4637 789 4693 deducunt
799 4637 838 4694 ari
848 4641 976 4693 mortem
988 4639 1091 4710 (Pecu.
1474 4647 1585 4700 titti'UT
1604 4647 1647 4698 iii.

260 4742 320 4791 inv,
347 4727 401 4800 il).
419 4747 433 4778 ιι
459 4727 620 4801 Sequitur:
648 4727 688 4783 Ει
710 4725 905 4784 circumdedit
924 4741 989 4783 eam
1015 4729 1091 4786 Deus
1183 4735 1327 4803 tanaim.
1339 4733 1528 4802 Respondeas
1541 4732 1670 4800 Etipiiaz
1682 4729 1976 4788 remuneremur:

260 4819 398 4876 terebris.
421 4849 456 4861 -—
483 4817 623 4876 Tenebris
651 4833 783 4890 namque
807 4817 900 4874 homo
923 4817 1091 4876 circumda·
1145 4819 1972 4890 Siceperimustoqru'tibi,semitonmolesteaeeipies.-

259 4909 318 4977 tur,
333 4907 406 4980 quia
420 4908 559 4980 quamvis
574 4906 685 4964 coeiesii
701 4906 849 4964 desiderio
873 4906 994 4976 ferveat,
1017 4907 1090 4981 quid

259 4995 297 5052 de
311 4995 473 5070 semetipso
495 4997 532 5054 sit
554 4996 735 5070 dispositum
759 4996 938 5054 intrinsecus
962 4997 1089 5067 ignorat.

260 5084 400 5158 sequitur
414 5103 421 5141 :

295 5177 377 5232 Verre.
393 5177 438 5230 at.
453 5173 625 5247 Antequam
641 5173 790 5232 comedam
804 5176 932 5245 suspiro.
945 5177 1091 5233 -Come-

167 5297 171 5306 ·
257 5265 386 5322 decessi
398 5277 531 5336 namque
543 5263 663 5334 anime,
676 5263 896 5337 snpernaelucis
910 5263 1090 5337 contempla·

256 5353 389 5411 donibus
401 5354 496 5430 pasci.
514 5354 648 5427 Suspirat
661 5367 734 5425 ergo
755 5357 918 5426 antequam
940 5353 1088 5416 comedat,

256 5443 455 5515 quingentis
470 5443 668 5502 tribulationis
689 5441 826 5512 afficitur,
851 5447 880 5499 et
892 5441 1089 5514 postmodum

257 5531 518 5603 contemplationis
531 5533 691 5590 reiectione
706 5533 839 5588 satiatur.
866 5529 1023 5602 Sequitur:
1050 5531 1087 5586 Et

256 5621 344 5694 quasi
357 5621 536 5679 mandentes
547 5637 643 5696 oque,
655 5623 697 5678 sie
707 5623 826 5692 mplius
833 5633 924 5678 meus.
938 5649 972 5660 -
983 5623 1087 5692 Aqua,

1146 4911 1266 4983 Eiiphaz
1278 4923 1411 4980 namque
1426 4909 1526 4964 Latina
1540 4905 1643 4978 lingua
1655 4907 1763 4963 dicitur
1776 4909 1897 4964 Domini
1908 4923 1976 4966 eon-

1145 5003 1281 5067 temptas.
1306 5000 1339 5052 ut
1352 4996 1425 5068 quid
1441 4995 1523 5051 aliud
1538 4995 1666 5051 haeretici
1681 4995 1802 5062 iaciunt,
1819 4997 1876 5053 nisi
1890 5000 1972 5070 quod

1144 5087 1216 5143 dum
1232 5083 1307 5142 falsa
1322 5084 1359 5140 de
1372 5089 1430 5140 iieo
1446 5083 1585 5150 sentiunt,
1602 5099 1670 5139 euin
1685 5084 1886 5158 superbiendo
1901 5101 1973 5142 con·

1144 5173 1304 5231 temnunt?
1320 5173 1411 5246 Loqui
1429 5187 1560 5244 namque
1569 5172 1696 5230 molliter
1707 5173 1827 5247 Eiipbaz
1841 5173 1972 5241 inchoat,

1143 5262 1195 5335 qui
1210 5261 1415 5319 baereticorum
1432 5261 1563 5334 speciem
1575 5265 1662 5331 tenet,
1674 5263 1726 5336 qai
1740 5263 1890 5336 etprimus
1900 5261 1974 5318 ami·

1143 5365 1247 5407 eorurn
1263 5351 1695 5424 loquitur,qu1dumloquendi
1708 5351 1873 5408 custodiam
1883 5349 1974 5420 negli-

1144 5439 1194 5509 git,
1212 5455 1309 5512 usque
1324 5439 1363 5495 ed
1374 5437 1475 5495 afflicti
1489 5439 1687 5496 contumelias
1711 5439 1827 5495 excedit
1844 5438 1948 5494 dicens
1965 5455 1971 5493 :

1144 5551 1156 5577 ιι
1169 5529 1261 5598 Tigris
1275 5526 1371 5601 periit,
1387 5545 1423 5584 eo
1435 5527 1517 5602 quod
1529 5543 1590 5586 non
1604 5529 1728 5586 haireret
1742 5528 1875 5601 praedem
1892 5528 1971 5594 (deb.

1143 5633 1181 5688 ιι,
1191 5619 1243 5687 ιι).
1256 5639 1270 5668 ιι
1283 5620 1465 5697 Exasperare
1474 5617 1724 5698 quippelrreretici
1734 5617 1885 5674 auditores
1899 5629 1972 5672 suos
