4110 6138
102 180 150 235 ιιι
737 189 921 248 muscula
945 192 1005 250 ns·
1020 195 1158 255 ιιιιιιιι.
1757 213 1809 271 aa

102 304 190 405 quis:
205 304 314 406 iterum
329 306 367 364 de
376 311 502 366 centeno
516 314 711 383 transponere
722 314 843 387 poteris.
858 319 923 373 Duo
938 321 962 375 h
979 319 1066 392 pulos
1079 321 1119 379 ad
1142 323 1273 396 majores
1300 325 1443 386 minutias
1472 329 1600 390 reducis.
1612 331 1648 391 lit
1672 335 1809 409 quandiu

102 394 178 450 oboh
191 394 305 452 iaciunt
324 403 390 455 octo
417 399 514 456 calcos
538 405 566 456 et
579 407 692 460 cerates
715 403 803 473 duas,
819 405 872 480 qui
887 405 923 462 si·
977 409 1124 483 paulatim
1137 410 1302 472 minuendo
1318 416 1535 479 minutissimas
1558 423 1738 483 divisoribus
1752 443 1808 501 po·

102 483 161 540 mul
175 483 286 541 iaciunt
299 489 330 557 ll,
346 502 402 558 pro
415 488 526 562 quibus
541 489 659 548 calcum
672 489 705 550 in
724 497 848 552 canuno
871 511 925 568 po
978 502 1048 557 teris
1076 517 1243 576 coaequare,
1264 503 1368 562 tandiu
1393 505 1574 568 divisionem
1596 514 1751 586 protende.
1779 515 1808 573 Si

101 589 160 629 nes.
176 577 208 630 lu
224 579 349 632 centem
365 582 435 634 sunt
458 594 530 635 vero
544 577 653 637 obolus
668 586 697 639 et
716 587 839 653 cerates,
855 584 923 641 dua
977 603 1050 646 vero
1075 592 1228 664 portiones
1256 593 1438 654 divisoribus
1460 605 1615 674 nequeunt
1642 605 1805 678 coaequari,

101 666 209 740 siliquas
238 669 267 722 et
290 665 390 723 calcus
411 685 418 724 :
443 684 512 741 quae
539 671 612 744 quia
633 673 791 732 articulum
804 689 868 732 non
880 675 924 732 ia-
977 677 1126 752 quidquid
1149 680 1188 738 de
1211 682 1347 755 partibus
1372 689 1517 757 remanet,
1532 687 1612 747 ultra
1625 706 1687 748 non
1700 693 1809 766 poterit

101 757 186 822 cicini,
198 755 360 812 ascendere
383 764 546 829 nequeunt,
569 765 597 816 et
610 777 679 818 cum
694 763 805 820 divisor
819 764 876 821 sub
891 781 923 821 se
977 765 1081 823 dividi.
1100 772 1157 826 Nec
1170 770 1343 828 mirandum
1355 777 1402 831 est
1416 774 1531 849 aliquid
1545 776 1583 834 de
1595 778 1728 838 minutiis
1752 798 1807 840 su·

100 845 168 905 nihil
182 845 301 916 habeat,
317 861 415 919 neque
427 864 523 922 nsque
538 850 578 908 ad
591 851 694 912 ιιιιοιιι
708 852 845 912 divisoris
869 854 922 912 ali-
976 870 1110 928 potesse,
1126 875 1195 916 cum
1223 860 1297 918 alias
1311 867 1389 922 artes
1411 863 1443 920 in
1458 864 1559 922 multis
1575 867 1697 924 videam
1717 871 1808 928 vacil-

100 953 157 1012 qua
176 935 321 1010 particula
348 937 543 996 minutiarum
577 957 631 1013 per
657 943 796 998 articulos
832 943 923 1001 ducta
976 941 1048 1000 lare.
1078 947 1220 1012 Quamvis
1244 950 1325 1006 enim
1346 953 1545 1024 grammatica
1560 954 1757 1030 amplioribus
1770 959 1808 1016 sit

100 1027 192 1084 valeat
204 1025 366 1099 pervenire,
380 1027 432 1100 qui
447 1028 538 1100 hujus
561 1031 632 1088 artis
649 1031 758 1088 sciolus
777 1037 832 1102 est,
848 1033 922 1090 divi-
974 1030 1317 1110 discussaphilosophis,
1327 1044 1428 1098 umen
1441 1045 1474 1098 ιιι
1485 1046 1598 1102 oscuras
1606 1048 1685 1102 artes
1693 1045 1808 1120 aliquid

100 1117 210 1173 sionem
220 1114 331 1172 iactam
339 1115 484 1188 intelligat
493 1133 569 1175 esse.
975 1121 1068 1183 hebet
1094 1125 1336 1200 imperfectionis,
1365 1129 1475 1188 scilicet
1500 1135 1529 1189 et
1556 1132 1759 1204 ingenen'bns
1778 1139 1808 1194 et

134 1207 217 1264 Facta
227 1207 327 1261 autem
347 1203 494 1263 divisione
508 1207 709 1280 recolligendo
724 1209 919 1281 characteres,
972 1207 1006 1266 ln
1020 1227 1166 1286 personis.
1181 1215 1257 1272 Cum
1271 1215 1352 1274 enim
1362 1215 1472 1275 ooelum
1486 1219 1518 1276 in
1530 1217 1673 1293 singulari
1687 1223 1807 1296 generis

99 1299 233 1352 utrumne
256 1293 334 1350 bene
354 1293 500 1364 diviseris,
523 1296 644 1370 probes.
659 1296 780 1372 siliqua,
796 1303 922 1374 quaeest
976 1297 1013 1356 sit
1035 1301 1143 1368 neutri,
1159 1303 1190 1360 in
1213 1305 1321 1378 plurali
1347 1305 1382 1365 nt
1403 1309 1573 1368 masculini.
1600 1313 1634 1368 Et
1647 1315 1679 1372 ut
1698 1313 1806 1388 paucis

99 1387 178 1442 sexta
191 1400 261 1458 pars
277 1382 410 1458 scrupuli
433 1383 464 1440 in
479 1384 625 1470 singulari
637 1389 735 1460 posita
749 1387 826 1446 inter
840 1387 921 1446 mille
975 1391 1165 1462 concludam,
1182 1393 1235 1468 qui
1261 1394 1293 1452 in
1322 1401 1437 1470 septem
1463 1397 1577 1457 artibus
1592 1399 1657 1458 vult
1672 1399 1805 1476 studere,

98 1477 208 1549 partem
236 1473 398 1546 unicuique
424 1473 577 1546 contingit.
603 1477 637 1532 El
660 1475 685 1533 si
705 1477 802 1533 dicis:
825 1479 921 1536 Semel
974 1477 1105 1552 plurima
1115 1481 1294 1554 perfectione
1309 1485 1440 1544 carentia
1453 1487 1560 1562 poterit
1569 1487 1719 1561 invenire;
1732 1507 1806 1550 nam

97 1581 171 1621 unus
186 1579 264 1620 unus
279 1567 332 1633 est,
348 1561 473 1637 siliquas
488 1563 519 1620 in
534 1563 656 1622 milleno
666 1565 764 1640 ponis,
779 1565 920 1624 addendo
975 1567 1051 1626 sicut
1064 1573 1108 1626 est
1135 1571 1293 1646 anliquum
1321 1573 1518 1648 proverbium
1535 1577 1630 1635 :Nihil
1653 1581 1698 1638 est
1722 1579 1805 1638 omni

96 1653 228 1726 regulam
243 1670 250 1710 :
265 1651 405 1710 millenus
420 1669 634 1730 quemcunque
663 1655 862 1728 multiplicat;
889 1657 920 1714 in
939 1659 1058 1730 gparlc
1085 1656 1220 1718 beatum.
1250 1661 1360 1717 Rerum
1382 1663 1457 1719 Vero
1489 1665 1609 1738 Parcas,
1633 1667 1686 1741 qui
1724 1669 1805 1726 solus

96 1743 199 1812 quarto
219 1757 299 1814 pone
322 1740 461 1814 digitum,
488 1745 517 1799 et
540 1747 573 1800 ut
596 1739 798 1816 recolligendo
813 1761 920 1802 omnes
974 1749 1082 1802 cuncta
1094 1751 1192 1804 tuetur
1207 1765 1276 1806 cum
1288 1750 1704 1828 sitounctipolens,perieclus
1719 1757 1802 1815 solus

95 1829 275 1888 characteres
288 1830 320 1887 in
335 1831 429 1888 assim
446 1831 575 1904 redigas,
590 1849 644 1908 par
654 1833 812 1890 continuos
832 1849 920 1890 arcus
973 1831 1112 1892 habetur.

95 1915 240 1990 gradatim
254 1919 430 1977 descendas.
446 1919 569 1994 siliqua,
585 1935 652 1996 qua
672 1925 715 1980 est
729 1921 762 1978 in
783 1921 917 1994 milleno,

95 2007 133 2065 ad
146 2009 305 2066 centenum
333 2007 480 2082 significat
494 2011 533 2080 ll;
559 2009 597 2066 de
612 2009 716 2067 decem
733 2009 847 2086 siliquis
867 2028 919 2068 sex

94 2097 205 2154 iaciunt
214 2097 400 2172 scrupulum,
416 2103 476 2156 tres
501 2097 636 2168 obolum,
654 2105 683 2157 et
693 2115 755 2158 una
771 2105 917 2175 superest.

95 2185 203 2243 Eadem
217 2187 332 2244 ratione
344 2203 450 2244 omnes
464 2191 585 2245 centum
600 2189 787 2246 characteres
815 2189 856 2248 ad
870 2190 919 2247 de-

94 2291 198 2332 cenum
211 2276 350 2334 reducas.
367 2279 407 2334 lle
416 2277 521 2334 decem
534 2277 623 2334 caleis
636 2281 703 2335 octo
716 2277 830 2336 iaciunt
840 2296 919 2336 scru-

92 2364 205 2438 pulum,
218 2365 281 2422 duo
295 2369 434 2435 ceratem,
451 2371 509 2422 tres
524 2365 647 2439 slhquas
666 2383 721 2440 pro
736 2368 826 2426 obolo
843 2369 918 2426 acci-

92 2454 184 2528 piens,
198 2457 227 2512 et
240 2453 278 2511 de
291 2457 312 2512 il
326 2455 423 2512 obolis
438 2455 595 2530 scrupulos
611 2458 745 2532 quinque
760 2457 872 2516 iaciens
885 2460 917 2517 in

92 2543 236 2601 decenum
248 2548 357 2602 mutas.

128 2636 232 2690 liccem
245 2638 358 2691 cerates
378 2633 591 2694 hemisesclam
603 2639 632 2692 el
645 2635 771 2694 obolum
793 2635 915 2708 iaciunt,

91 2725 133 2780 llll
145 2722 223 2780 oboli
236 2726 265 2780 et
279 2727 300 2781 ll
314 2724 447 2799 scrupuli
460 2723 574 2782 iaciunt
588 2725 775 2784 semunciam
790 2731 819 2782 et
831 2727 916 2784 duel-

89 2811 151 2870 lam
165 2830 172 2869 :
186 2812 289 2870 itidem
302 2813 340 2870 de
354 2814 469 2872 deceno
482 2814 522 2871 ad
545 2814 727 2886 singularem
741 2815 844 2873 iacias.
861 2819 916 2873 lle·

90 2917 154 2958 cem
177 2906 290 2959 cerates
311 2902 424 2960 iaciunt
448 2903 661 2961 hemisesclam
688 2907 717 2960 et
738 2903 916 2975 obolum,ll

89 2991 168 3048 oboli
183 2991 295 3050 iaciunt
306 2993 441 3067 quinque
453 2992 623 3066 scrupulos.
644 2995 663 3050 ll
686 2993 872 3050 hemisesclas
887 2997 951 3074 etc

89 3081 191 3152 viginli
204 3082 399 3150 hemisesclas,
415 3099 484 3156 quae
511 3081 599 3140 simul
615 3081 728 3138 faciunt
741 3085 794 3152 xl,
808 3082 915 3139 uncias

88 3175 117 3228 et
131 3171 205 3228 duas
215 3169 331 3228 duellas
345 3171 485 3228 reddunt.
515 3173 623 3228 Decem
638 3170 745 3227 duellas
761 3174 790 3227 et
810 3171 914 3228 decem
947 3172 959 3196 '

87 3259 207 3318 sextvrlae
222 3277 292 3318 cum
306 3260 412 3318 decern
426 3260 587 3318 semunciis
599 3263 763 3318 sextantem
772 3259 912 3317 efficiunt.

87 3354 121 3408 lit
135 3351 205 3424 quia
219 3351 258 3409 ad
274 3351 459 3422 singularem
475 3367 580 3410 areum
591 3365 729 3410 reversus
743 3367 787 3418 es,
817 3350 914 3408 consi·

86 3439 206 3512 deratis,
232 3457 301 3514 quae
329 3440 481 3513 collegisti,
511 3440 605 3496 assim
630 3439 774 3496 invenies.
797 3439 914 3513 thuia

86 3545 175 3601 grave
185 3530 307 3598 cathos,
323 3529 500 3587 cordetenus
510 3528 663 3603 perpende
677 3530 751 3586 :hoc
763 3531 913 3602 procerte

67 3618 173 3680 scias,
190 3617 215 3674 si
231 3622 332 3675 autem
343 3633 406 3674 non
421 3617 508 3687 fallis,
523 3617 563 3674 ab
577 3621 638 3674 arte
655 3617 773 3674 lalleris.

122 3711 196 3766 Nota
210 3713 321 3778 antem,
336 3708 409 3784 quia
422 3708 498 3766 sicut
511 3709 544 3766 in
555 3707 677 3780 integris
690 3707 854 3766 unitatibus
869 3711 914 3764 est

84 3797 190 3872 triplex
199 3797 309 3855 modus
322 3797 514 3866 divisionum,
531 3797 573 3854 sic
592 3797 623 3853 in
638 3797 771 3854 minutiis
786 3797 911 3854 assium.

85 3886 172 3953 Quod
187 3885 212 3942 si
224 3885 361 3943 animum
374 3890 460 3943 tunm
472 3889 574 3943 movet
590 3886 620 3942 in
634 3885 747 3959 aliquo,
772 3899 867 3959 quara
881 3884 913 3944 in

82 3975 228 4033 divisione
237 3975 433 4033 minutiarum
448 3975 562 4050 aliquid
574 3978 739 4044 remaneat,
758 3973 808 4031 tali
821 3974 912 4031 ratio-

82 4081 123 4122 ne
137 4065 305 4122 ccnsidera.
324 4065 353 4124 Sl
363 4063 500 4122 notitiam
515 4063 667 4121 dividendi
686 4063 853 4120 secundum
869 4075 919 4120 ar:

85 4159 146 4212 tem
160 4153 247 4212 abaci
259 4159 345 4212 canta
359 4155 531 4228 perpendis,
554 4152 653 4210 omnis
676 4152 789 4209 divisor
812 4167 913 4226 sequa-

80 4242 144 4300 lem
160 4241 217 4300 sibl
230 4258 402 4313 nnmerum,
416 4241 464 4298 vel
477 4241 624 4314 majorem
651 4257 682 4298 se
708 4239 841 4298 dividere
862 4253 916 4314 po-

82 4335 150 4402 test,
162 4332 310 4390 minorem
321 4336 421 4389 autem
429 4347 588 4405 nunquam
597 4346 651 4405 par
657 4331 788 4401 integras
798 4329 913 4387 uncias.

84 4423 115 4482 Si
131 4423 212 4479 enim
225 4422 308 4479 dicis.
323 4422 396 4480 hille
410 4421 526 4496 quoties
540 4421 571 4478 in
597 4419 786 4494 quingenties
800 4420 814 4476 'l
843 4419 914 4476 satis

83 4511 139 4569 libi
153 4515 245 4586 patet,
258 4511 342 4588 quod
356 4511 441 4570 nullo
455 4510 548 4568 modo
562 4525 612 4569 ars
627 4509 739 4584 patitur
752 4509 834 4566 hunc
849 4523 915 4565 mo-

81 4601 161 4658 dum
176 4601 344 4659 divisionis.
362 4605 395 4659 lit
408 4601 481 4676 qnia
494 4601 552 4658 hoc
575 4615 630 4676 par
655 4599 788 4671 integras
816 4601 916 4672 partes

79 4705 282 4764 nequaquam
297 4689 394 4748 iacere
405 4690 563 4765 praevales,
575 4689 615 4748 ad
630 4687 793 4746 sectionem
815 4687 917 4743 uncia·

78 4796 154 4838 rum
169 4795 320 4838 recurrere
334 4779 438 4850 debes,
453 4783 482 4838 et
495 4777 632 4854 quandlu
646 4794 700 4853 per
714 4777 845 4850 majores
862 4775 917 4832 mi-

1043 1929 1082 1980 As
1096 1925 1189 1984 habet
1202 1927 1280 1985 duas
1295 1929 1445 1988 semisses.

1043 2015 1112 2071 Tres
1127 2016 1257 2086 trientes,

1045 2105 1178 2169 Quatuor
1190 2106 1387 2179 quadrantes,

1044 2193 1102 2255 Sex
1121 2197 1280 2266 sextantes,

1044 2284 1115 2340 Octo
1130 2285 1309 2347 sexcuntias.

1044 2371 1207 2430 Duodecim
1223 2373 1335 2433 uncias.

1041 2462 1120 2518 xxiv
1135 2463 1316 2536 semuncias,

1042 2551 1140 2607 xxxvl
1154 2549 1282 2618 duellas,

1041 2641 1144 2695 llLvlll
1159 2638 1287 2714 siliquas
1302 2638 1382 2713 [Leo.
1398 2638 1536 2714 sicilicos,
1551 2642 1599 2702 vel
1613 2641 1711 2716 siclos]

1042 2729 1131 2784 Lllllll
1144 2727 1293 2804 seruus,

1040 2817 1118 2873 XCVl
1134 2819 1278 2886 bragmas
1293 2817 1374 2890 [Lep.
1390 2817 1574 2894 drachmasl,

1038 2906 1141 2962 CXLlV
1155 2905 1362 2977 hemisesclas,

1041 2995 1208 3051 CCLXllVlll
1224 2994 1392 3068 scrupulos.

1038 3083 1167 3139 llhllllVl
1182 3082 1299 3153 obolos,

1040 3171 1134 3229 lldhll
1145 3175 1268 3239 cerates,

1039 3261 1236 3318 llllCCllllVlll
1250 3261 1386 3336 siliquas.

1039 3349 1195 3408 {dccclv
1212 3349 1356 3410 calculos.

1040 3439 1178 3508 semisse,
1193 3440 1326 3497 secunda
1339 3455 1410 3514 pars
1422 3439 1513 3510 assis,

1037 3528 1150 3598 Triens,
1166 3529 1343 3602 tertiapars,

1038 3617 1206 3687 Quadrans,
1221 3623 1342 3692 quarta,

1038 3709 1171 3778 sextans,
1185 3711 1280 3778 sextu,

1038 3795 1214 3867 sexcuncia,
1230 3799 1349 3868 octava,

1038 3884 1140 3951 Unela,
1155 3883 1346 3953 duodecima,

1039 3974 1208 4046 Semuncla,
1223 3974 1370 4044 vigesima
1383 3975 1500 4047 quarta.

1035 4062 1149 4130 lluella,
1166 4061 1315 4119 tricesima
1330 4065 1422 4120 sexta.

1037 4151 1179 4222 sicilicus,
1190 4149 1426 4224 quadragesima
1438 4155 1552 4211 octava.

1043 4239 1172 4311 Sextula,
1188 4239 1410 4314 septuagesima
1423 4242 1567 4301 secunda.

1038 4331 1259 4402 bragmalnep,
1273 4329 1457 4403 drachmas],
1479 4329 1679 4403 nonagesima
1701 4330 1797 4387 sexta.

1038 4419 1230 4486 hemisescla,
1246 4418 1409 4479 centesima
1423 4419 1659 4494 quadragesima
1677 4422 1797 4496 quarta

1039 4507 1610 4584 Scrupulos[lnprioribusGCLllllVlll]
1821 4567 1823 4572 ,

1040 4597 1152 4657 Obolus
1167 4597 1325 4656 llLllllll122.
1503 4595 1763 4676 [cel-lulum]

1041 4689 1158 4746 Ceratas
1172 4684 1304 4744 gemla,

1039 4773 1155 4849 snlqua
1167 4773 1406 4832 llbccxxvlllvn

78 4869 187 4928 nutias
200 4870 310 4944 partire
332 4873 455 4944 poteris,
483 4867 664 4926 divisoribus
676 4869 763 4942 juxta
790 4865 917 4924 modum
1005 4863 1142 4924 delemus
1157 4865 1202 4919 est
1212 4861 1262 4919 bia
1273 4861 1434 4920 millesima
1463 4862 1674 4922 trecentesima
1697 4861 1801 4938 [dupe-

78 4975 179 5018 suum
192 4963 293 5036 partes
307 4959 406 5018 dabis.
421 4963 488 5017 Post
501 4959 607 5016 uncias
621 4973 693 5015 vero
716 4957 756 5016 ad
775 4957 918 5015 concisio
969 4957 1034 5016 rius
1042 4951 1167 5012 cadam
1179 4949 1301 5025 qnarta]
1315 4965 1386 5025 pars
1401 4951 1488 5010 assis.

76 5065 139 5110 nes
154 5047 326 5120 unciarum,
339 5049 380 5108 ad
390 5047 548 5124 scrupulos
558 5045 654 5118 venis,
669 5049 698 5104 at
713 5045 817 5105 itidem
836 5059 917 5104 scru-
