4106 6148
209 173 257 226 ⁹5l
504 159 690 218 RORlGONlS
705 160 857 217 LAUDUN.
872 156 982 214 EPISC.
998 153 1153 212 consur.
1172 153 1217 210 uu
1231 153 1383 210 uoulsr.
1398 153 1427 210 S.
1442 150 1618 210 viucuurll
1866 154 1925 207 952

207 307 277 349 rum
290 303 369 358 reus,
383 285 501 358 gaudeo
516 287 545 342 et
567 283 688 356 indigeo
703 281 840 340 fraternis
853 280 1032 338 admonitio·
1047 283 1071 338 A
1092 281 1182 335 tatem
1197 277 1335 335 omnium
1348 281 1480 334 vestrum
1490 276 1654 332 charaxare
1669 273 1797 343 decrevi,
1814 277 1925 347 quate-

208 381 298 438 nibus
312 377 439 434 fideliter
460 373 664 431 corrroborari
681 391 687 429 :
705 376 806 429 tamen
821 375 943 446 propter
958 369 1035 427 6611-
1090 384 1147 425 nus
1154 367 1444 439 rexaugustissimus
1453 365 1574 436 egregio
1584 364 1732 422 vocabulo
1742 363 1926 420 Edmundus

208 485 302 544 quam
316 465 522 524 auctoritatem
534 463 790 538 predecessorum
805 477 953 530 meorum,
968 460 1038 517 bea·
1090 476 1159 516 cum
1175 459 1259 516 omni
1268 457 1382 532 populo
1393 473 1448 514 suo
1461 456 1570 514 imitari
1580 455 1720 528 gaudeat,
1734 455 1863 529 quodin
1874 471 1926 512 no

209 561 245 615 tre
261 556 370 613 sedicet
382 554 536 612 memorie
557 552 724 625 Augustini,
740 555 769 608 et
783 551 910 608 aliorum
922 555 1038 608 sancto·
1091 547 1139 605 bis
1167 553 1196 605 et
1209 564 1246 605 ex
1268 547 1355 606 nobis
1384 545 1496 614 audiat,
1521 561 1688 619 omnesque
1711 547 1828 615 gentes,
1855 559 1925 617 que

209 663 288 716 rum,
299 641 894 720 quorumstudiisregulachristianitatis,
905 640 1039 714 priorum
1093 638 1226 712 undique
1241 637 1336 710 regali
1349 636 1476 711 imperio
1490 635 1585 710 ipsius
1598 635 1740 707 subjectae
1753 637 1839 704 sunt,
1858 634 1926 689 titu-

210 735 248 791 de
260 735 318 792 hae
332 733 579 808 archiepiscopali
592 731 663 788 sede
679 733 793 788 eunctis
803 729 916 787 finibus
931 728 1040 801 Anglo·
1093 729 1139 786 los
1157 727 1278 802 liquide
1299 730 1410 784 nostrae
1433 724 1669 784 conversationis
1693 727 1822 781 ovanter
1838 723 1924 796 sequi

211 840 277 882 rum
293 823 434 881 innotuit:
451 821 561 879 idcirco
583 821 655 878 istos
665 820 783 877 divinos
796 819 896 894 apices
910 819 950 876 ad
964 819 1040 876 utili·
1098 822 1235 876 amentel
1249 816 1404 874 delectent.

215 992 1928 1032 mm—

891 1149 963 1190 6666
985 1148 1080 1189 66666
1100 1134 1229 1189 nccoauri

891 1319 1251 1464 Rubico

579 1576 1090 1700 LAUDUNENSIS
1151 1572 1551 1698 EPlSCOPUS.

976 1797 1168 1812 ῃ

739 1931 1016 2026 NOTITIA
1056 1927 1411 2026 HISTORICA

745 2141 799 2208 (Er
810 2137 902 2197 Gallie
916 2137 1093 2207 Christiana,
1109 2140 1182 2195 tour.
1199 2140 1241 2202 lli,
1258 2153 1329 2212 pag.
1341 2141 1416 2206 520.)
1434 2133 1437 2142 ⁴

1018 2269 1151 2287 —

257 2399 344 2454 Anno
368 2399 431 2468 969,
453 2419 467 2446 ι
483 2395 707 2478 Laudunenses,
732 2396 773 2454 ait
804 2395 989 2454 Flodoardus
1017 2396 1084 2453 166
1106 2394 1243 2454 odolrico
1257 2411 1275 2454 a
1289 2394 1413 2453 widone
1429 2393 1635 2453 suessionensi
1647 2397 1834 2451 consecrato.
1851 2397 1939 2449 Anno

223 2467 380 2540 Chronico,
410 2469 441 2525 ui
450 2467 583 2524 fidelitati
596 2467 735 2524 Ludorrci
748 2467 826 2538 regis
840 2467 1047 2536 attendebant,
1105 2471 1167 2536 969,
1189 2466 1350 2534 consensit,
1372 2483 1402 2524 ιιι
1420 2469 1494 2524 1166.
1517 2469 1597 2534 tun„
1622 2463 1779 2522 donationi
1801 2465 1938 2521 dimidie

223 2539 337 2620 eligunt
370 2538 393 2594 si
417 2539 426 2595 i
468 2538 628 2612 praesulem
661 2539 838 2595 Roriccnem
872 2537 1049 2606 diaconum,
1106 2537 1235 2596 abbatim
1255 2536 1800 2605 66661111116611666666616616,166166
1815 2553 1940 2592 mones-

223 2610 231 2665 i
256 2625 317 2664 sius
328 2609 408 2679 rogis
431 2608 553 2675 iratren,
571 2608 668 2665 lilium
682 2625 792 2682 nempe
813 2608 940 2666 nothum
954 2609 1051 2666 Caroli
1106 2610 1179 2667 terio
1195 2609 1290 2666 sancti
1308 2608 1461 2666 1116666611.
1478 2614 1563 2665 Anno
1590 2613 1641 2666 913
1657 2606 1740 2665 dedit
1760 2608 1826 2690 ipse
1840 2607 1939 2688 eidem

225 2625 391 2752 &mpliciu
423 2695 514 2761 quem
540 2683 695 2736 consecrat
717 2679 856 2736 artoldus
889 2679 1051 2753 archiepis·
1107 2681 1290 2738 monasterio
1320 2680 1480 2737 ecclesiam
1520 2679 1614 2736 sancti
1652 2677 1783 2736 lledardr
1810 2679 1844 2734 in
1868 2678 1940 2734 villa

223 2765 318 2823 oopus
336 2749 465 2820 Rhemrs,
480 2749 532 2824 qui
546 2754 648 2808 tamen
667 2766 728 2808 666
743 2754 879 2824 receptus
892 2750 1051 2819 Lauduno,
1107 2752 1306 2826 Caprimiaco.
1324 2755 1410 2808 Anno
1425 2755 1488 2818 916,
1503 2772 1517 2800 ι
1534 2751 1658 2821 langore
1673 2749 1805 2823 paralysi
1820 2765 1941 2822 correp

224 2819 307 2894 apud
321 2823 411 2877 Petrae
424 2827 549 2895 pontem
564 2821 761 2879 munitionem
773 2822 892 2880 resedit.
910 2845 924 2873 »
939 2822 1050 2892 Adfuit,
1107 2826 1164 2887 tus,
1180 2823 1278 2898 inquit
1299 2820 1484 2880 Flodoardus
1504 2821 1536 2878 in
1563 2821 1710 2879 Chronico
1778 2825 1807 2878 st
1829 2820 1942 2877 multas

223 2907 304 2974 6666
316 2896 379 2962 955,
400 2891 713 2950 6661666166111666111
730 2893 863 2976 66166661
878 2893 1053 2976 66616666
1107 2910 1143 2976 ac
1154 2894 1339 2976 (1661166666
1350 2893 1420 2966 proi
1435 2891 1658 2975 ,6616666616666
1669 2865 1721 2949 red
1743 2891 1801 2948 itas
1813 2893 1940 2964 gratias,

224 2979 274 3020 srs.
290 2964 380 3046 Anno
399 2963 461 3032 961,
477 2968 546 3091 plost
559 2967 687 3021 mortem
708 2964 821 3021 Artaldr
833 2965 1053 3038 archiepiscopi
1107 2969 1167 3022 vrta
1188 2965 1324 3036 decessit,
1352 2907 1489 3021 videficet
1517 2963 1617 3034 vrgdra
1647 2964 1675 3021 S.
1701 2963 1824 3021 Thomas
1852 2979 1941 3036 apos·

223 3033 407 3104 lihemcnsrs,
432 3050 482 3092 arc
505 3034 684 3093 icancellarii
712 3051 836 3093 munere
864 3035 983 3093 functus
997 3040 1051 3104 est,
1108 3036 1159 3093 toli
1173 3041 1242 3109 post
1263 3035 1369 3092 laudes
1393 3038 1452 3092 [leo
1474 3033 1705 3092 matutinales.»
1722 3038 1812 3092 11666
1836 3037 1942 3090 116666

222 3104 409 3178 usquedum
435 3105 589 3163 odalricus
602 3106 723 3163 artaldo
741 3107 922 3164 succederet.
941 3106 1053 3164 Eodem
1107 3107 1221 3178 logium
1246 3105 1474 3164 Vincentianum
1501 3105 1547 3162 his
1570 3105 1692 3162 verbis:
1709 3128 1724 3156 ε(
1740 3121 1791 3162 ιιιιι
1809 3105 1869 3162 Kal
1895 3106 1941 3161 la-

223 3191 303 3233 anno
337 3177 503 3234 monachos
539 3177 570 3233 16
598 3176 720 3234 abbatia
749 3178 942 3236 Vincentiana
969 3177 1054 3234 resti·
1109 3194 1194 3246 nuar,
1220 3177 1294 3234 obiit
1320 3177 1425 3234 Rorico
1456 3177 1617 3250 episcopus
1641 3177 1861 3242 laudunensis,
1887 3175 1941 3249 qui

223 3247 288 3316 tuit,
305 3247 454 3304 submotis
481 3248 642 3306 canonicis.
657 3253 743 3305 Anno
758 3254 811 3306 962
825 3248 920 3306 adluit
935 3249 1053 3321 syuodo
1108 3249 1178 3306 huic
1193 3247 1331 3306 ooenobio
1358 3249 1483 3305 alteram
1510 3247 1647 3320 regulam
1672 3247 1807 3314 instituit,
1821 3252 1853 3304 et
1866 3247 1941 3303 mul·

223 3317 365 3374 tredecim
397 3318 609 3391 episcoporum
649 3319 680 3375 in
720 3335 800 3392 pago
841 3319 991 3382 lleldensi,
1023 3319 1053 3376 in
1109 3325 1154 3377 tas
1181 3336 1229 3377 res
1254 3336 1324 3377 cum
1354 3319 1440 3376 terris
1470 3324 1499 3376 et
1524 3319 1667 3377 altaribus
1699 3319 1828 3376 dedit.»
1868 3322 1941 3374 Eum

223 3403 285 3460 qua
300 3389 462 3446 intercessit
482 3406 552 3446 cum
567 3390 694 3446 Gibuino
709 3391 917 3448 calalaunensi
932 3390 1053 3464 quomi-
1109 3391 1201 3448 luisse
1216 3391 1368 3448 eruditum
1393 3393 1516 3447 testatur
1538 3395 1608 3448 Atso
1634 3391 1805 3446 monachus
1817 3390 1850 3448 in
1865 3389 1941 3446 libro

223 3475 281 3514 nus
295 3460 1053 3532 restitueretmsedesehamensisrtugoni,lrtha1di
1109 3461 1146 3518 de
1172 3462 1361 3531 Audohristo,
1391 3477 1483 3535 quern
1515 3467 1621 3534 rogatu
1648 3461 1804 3532 Gerbergae
1828 3461 1942 3532 reginas

224 3529 429 3602 competitori;
446 3529 702 3603 eodemqueanno
717 3546 827 3588 manus
840 3532 983 3605 imposuit
997 3532 1055 3605 ipsi
1109 3533 1297 3607 conscripsit.

427 3747 439 3780 Ι

838 3855 1325 3980 nomcorus

926 4081 1225 4155 consultatio

503 4270 554 4335 lle
595 4267 811 4338 restituendis
852 4269 890 4338 in
923 4270 1126 4340 monasterio
1159 4273 1198 4343 S.
1252 4273 1416 4344 Vincentii
1464 4280 1637 4350 monastic

563 4427 703 4499 (Actesde
713 4429 743 4487 lc
755 4429 898 4501 province
907 4431 1129 4505 ecclesiasticae
1143 4433 1295 4508 dedeima,
1313 4436 1417 4507 tomi,
1430 4453 1500 4511 pag.
1515 4439 1591 4513 626.)

999 4617 1165 4640 m

259 4733 801 4838 Affiillffntisupemaepropifiadonis
813 4749 981 4827 clementia,
992 4755 1050 4814 lto-
1066 4761 1086 4820 6
1106 4755 1221 4817 honore
1232 4757 1422 4829 venerabilis,
1437 4770 1595 4832 supcrqaa
1605 4756 1687 4814 tama
1701 4755 1854 4814 terebatur
1864 4749 1944 4813 6611Ι

223 4834 296 4892 nico,
307 4826 361 4880 etsi
368 4823 967 4900 66663666666666666666661666616616
976 4859 1050 4918 prte-
1106 4851 1174 4922 quis
1188 4846 1374 4921 temporibus
1382 4847 1511 4918 insigem
1519 4847 1611 4904 fuisse
1624 4845 1800 4903 monasticae
1812 4859 1943 4902 convcra

224 4905 357 4968 sulatum
371 4913 508 5018 adeptus,
524 4923 719 4984 considerans
734 4928 846 4988 ultime
866 4934 1050 4992 evocationis
1106 4936 1242 5006 sationis,
1253 4953 1320 5011 quas
1332 4936 1457 5012 quidem
1471 4936 1619 4994 moderno
1627 4940 1762 5009 tempore
1773 4933 1940 4992 destitutio-

223 4999 345 5068 ‘mm‘
356 5003 519 5079 mmm,
527 5010 601 5069 mihi
610 5027 732 5090 quoque
741 5018 907 5092 imminere,
914 5027 1051 5098 peccato·
1104 5023 1941 5100 nissuccumbcbatpenurire,donecprardecessormeus

221 5101 569 5196 Qqu⁰qll0m00rum
580 5116 673 5175 quam
688 5121 801 5180 magno
813 5126 1050 5186 pressusgrava·
1105 5114 1487 5190 ndelelmusundecunquc
1497 5113 1669 5189 sumptibus
1680 5113 1842 5171 duodecim
1851 5129 1941 5170 cano

221 5191 404 5278 mlliwoepl
429 5186 515 5286 'apud
524 5203 573 5246 me
593 5191 682 5251 tacita
702 5195 914 5260 deliberatione
922 5206 1050 5262 tractare
1105 5205 1242 5262 nieorum
1262 5205 1293 5261 in
1320 5221 1357 5262 ea
1378 5206 1556 5262 serviturum
1579 5207 1763 5262 conventum
1785 5203 1943 5260 constitua

231 5266 454 5376 (llllddflmhulc
465 5277 539 5347 sedi,
550 5279 598 5338 cui
608 5288 729 5344 auctore
740 5290 800 5346 1166
812 5291 970 5366 praesideo,
980 5309 1050 5368 pro
1105 5293 1209 5352 ordine
1222 5294 1339 5352 vivendi
1353 5295 1537 5367 religiosum.
1563 5296 1628 5361 Quo
1643 5293 1684 5351 ila
1697 5293 1853 5364 defuncto,
1877 5309 1943 5350 cre-

219 5351 365 5430 mium,
380 5377 455 5466 mels
464 5382 536 5427 vero
547 5371 655 5446 opinor
668 5377 860 5437 consulendis
870 5381 1051 5440 criminibus
1105 5381 1312 5441 brascentibus
1324 5383 1514 5442 diversorum
1540 5383 1672 5440 cladium
1695 5381 1783 5439 melis
1802 5397 1882 5456 pene
1901 5381 1942 5438 ad

217 5453 485 5556 Ρθῗξῐθθθξῦβηῡῑξι.
493 5459 647 5534 Siquidem
654 5465 686 5523 in
693 5467 783 5528 latere
790 5471 913 5540 montis,
921 5471 969 5528 cui
977 5487 1051 5545 prce·
1105 5471 1265 5544 pristinum
1276 5473 1416 5548 prolapsa
1436 5478 1480 5531 est
1497 5472 1692 5531 desolati..·nis
1710 5471 1942 5530 detrimentum.

217 5535 447 5646 emmeramus!
456 5561 494 5647 ΠΙ,
501 5558 663 5626 Prospectu
685 5557 796 5621 scilicet
810 5561 886 5640 ejus,
902 5559 1050 5617 esteccle·
1105 5560 1192 5627 Quod
1212 5577 1269 5634 ego
1279 5579 1341 5621 666
1351 5563 1559 5640 aequanimiter
1577 5562 1686 5632 terens,
1718 5563 1850 5620 maxime
1865 5563 1941 5636 quia

217 5630 262 5677 ⁸¹⁸
282 5625 339 5681 ⁸¹¹³
353 5634 449 5689 ’Μὴ
463 5635 607 5700 vmoenffi
621 5647 733 5718 981θεῦ
746 5650 890 5734 martyris
911 5649 995 5734 cultu
1019 5651 1047 5732 61
1104 5663 1167 5728 1¹0¹?
1182 5653 1244 5725 ,1666
1259 5653 1339 5715 sedis
1349 5655 1441 5728 hujus
1454 5653 1678 5731 episcoporum,
1687 5652 1840 5712 sedetiam
1847 5652 1936 5710 nobi·
