4120 6154
233 135 286 193 ιιι
662 167 665 173 .
721 129 735 178 .·
760 123 789 179 e.
810 118 938 178 ononis
957 113 1103 174 lenens
1122 113 1369 172 ιιιιιιιιιιιιιιιι
1388 113 1420 170 ιι.
1508 117 1512 124 ’
1847 93 1852 100 ’
1891 115 1940 170 ιιι

231 259 318 318 lestis
334 256 476 314 rolorent.
489 253 561 318 Quis
575 257 634 306 ove
647 248 773 306 struthio
790 247 819 304 in
834 249 912 303 terre
933 243 1061 301 derelin·
1077 242 1100 296 h
1119 239 1208 297 deriis
1231 241 1366 298 mortuos
1390 257 1426 297 eo
1447 239 1571 312 frigidos
1593 239 1712 313 reperit,
1732 239 1831 296 calore
1846 243 1941 299 muron

232 349 307 424 quit,
321 345 393 420 quie
407 355 459 400 eos
470 351 548 415 quos
559 353 649 396 cerne
661 341 805 409 genuerat
817 338 979 408 synogoga
992 349 1064 406 epo·
1119 329 1166 386 sui
1181 330 1292 387 cruoris
1310 347 1328 387 e
1352 331 1478 388 mortuis
1497 329 1658 398 enimcum
1675 329 1729 386 sed
1746 330 1841 386 ritem
1854 315 1940 404 quim

234 436 326 494 siclos
342 431 447 492 eudlrc
462 433 669 496 contemnens,
685 425 831 484 vocandus
843 423 997 495 gentilitati
1011 421 1068 479 de-'
1117 419 1186 475 tiliis
1202 422 1365 492 synagoge
1378 425 1439 476 non
1452 419 1543 484 dedit,
1564 421 1644 476 beno
1654 419 1851 493 postmodum
1867 420 1941 478 inve·

234 522 335 582 seruit.
353 521 492 595 Sequitur
508 535 514 575 ι
533 521 576 575 Pu
589 518 721 588 forsitan
735 518 766 573 io
777 517 903 586 pulvere
921 513 1064 582 eolesam
1117 507 1169 580 dit,
1182 509 1256 565 dum
1271 508 1425 566 moliretur
1438 509 1649 582 persequendo
1661 508 1862 578 exstinguere,
1871 525 1940 582 quos

233 617 292 673 out
304 635 340 655 -u
353 613 395 668 ho
406 609 432 667 si
445 609 535 677 dicet,
551 611 584 664 ut
598 615 665 677 ego,
680 605 733 678 qui
746 603 798 661 iile
818 604 848 659 ιιι
870 602 993 676 pulvere
1014 615 1064 657 ce·
1119 598 1202 654 seed
1215 598 1298 655 hone
1311 597 1474 672 operenon
1487 598 1666 656 memineret
1680 597 1812 656 terendo
1831 599 1939 670 gennis

232 701 350 761 leinoio.
379 699 455 768 Quin
480 697 589 755 scilicet
612 695 809 770 parvulorum
836 693 964 759 enimes,
987 695 1016 747 et
1032 691 1063 747 in
1119 702 1160 742 sc.
1178 687 1351 760 Sequiturr'

234 791 336 850 medio
353 785 543 863 poscentium
562 783 687 858 positas,
701 781 813 839 umoris
828 780 886 838 mei
907 779 975 848 igne
996 795 1063 834 suc·
1155 777 1240 832 Vens.
1258 776 1298 832 16.
1315 777 1453 833 Durdtur
1467 776 1508 832 nd
1520 777 1608 846 iiiior,
1635 777 1723 848 quusi
1735 791 1796 832 nors
1816 775 1877 831 sint
1891 773 1941 829 ιιιι.
1981 783 1988 790 ·

234 879 342 938 nendo.
359 875 437 944 Quid
451 874 530 932 enim
545 872 655 947 pulvis,
677 871 734 927 nisi
747 874 886 943 peccator
899 866 1064 941 accipitur?
1119 893 1153 905 —-
1170 864 1336 937 Hypoerltee
1359 866 1471 938 quippe
1498 863 1654 922 obduratis
1679 864 1821 922 cordibus
1834 863 1942 928 vivunt,

235 967 310 1025 ilino
321 965 401 1024 enini
417 964 622 1037 scriptumest
643 978 649 1016 :
675 979 689 1010 ιι
706 959 839 1032 serpenti
863 956 962 1030 pulvis
977 955 1065 1029 p'enis
1118 953 1201 1025 ipsos
1215 955 1303 1010 etiem
1319 969 1396 1026 quos
1412 957 1554 1023 generent
1569 953 1647 1010 tilios
1661 953 1745 1010 nulle
1769 953 1878 1027 pietste
1899 951 1943 1008 de

236 1058 302 1130 eins
318 1057 386 1129 (ion.
403 1065 467 1122 lxv,
479 1057 535 1122 ιιι.
549 1070 563 1102 ιι
575 1050 645 1107 ilinc
656 1053 700 1105 est
714 1048 793 1104 enim
808 1047 892 1120 quod
906 1045 1065 1119 plerosque
1120 1042 1173 1098 biti
1188 1041 1301 1099 amoris
1316 1041 1495 1114 hgnoseunt,
1512 1045 1540 1099 et
1554 1044 1627 1115 quis
1641 1057 1696 1100 sue
1720 1051 1838 1117 semper
1860 1057 1944 1115 appe-

236 1143 396 1212 eernlmue,
410 1145 439 1198 et
452 1140 483 1196 in
498 1138 598 1195 medio
612 1136 796 1210 populorum
811 1135 954 1202 virescet
964 1138 1065 1189 temen
1119 1136 1195 1199 tunt,
1212 1137 1283 1202 er'ga
1298 1132 1438 1189 effectum
1454 1133 1583 1206 promixi
1598 1133 1680 1190 nulle
1699 1133 1851 1188 charitrtis
1870 1145 1944 1188 com·

113 1287 119 1296 ,
235 1234 329 1292 rium
343 1230 487 1304 torpentis
501 1227 606 1302 populi
621 1243 683 1284 non
698 1231 807 1296 tenere,
822 1227 860 1295 et,
882 1223 967 1279 utile
981 1222 1064 1278 dixe·
1119 1220 1261 1295 passione
1275 1221 1462 1277 mollescunt.
1479 1223 1607 1294 tiquam
1618 1220 1845 1278 mollieviscers
1855 1225 1945 1290 gesta·

234 1321 302 1389 rint,
315 1319 347 1378 in
361 1319 469 1391 frigore
484 1317 590 1385 celere,
616 1319 651 1372 ut
669 1327 864 1388 nequaquem
885 1311 1015 1384 iacentia
1033 1310 1065 1366 in
1119 1310 1172 1378 bet
1186 1311 1295 1367 Patrius
1309 1311 1412 1368 dicens
1429 1329 1435 1367 :
1454 1333 1467 1360 ιι
1484 1314 1569 1368 Nune
1588 1311 1727 1381 vivimus,
1750 1311 1776 1366 si
1799 1326 1854 1366 vos
1869 1309 1946 1366 stetis
2039 1370 2040 1378 ,

235 1405 337 1466 inlinit
347 1411 495 1482 torpeant,
509 1405 562 1462 sed
576 1406 607 1461 ιιι
621 1403 696 1460 viris
709 1402 880 1460 volutilibus
895 1414 1065 1468 verse‚sese
1120 1400 1150 1456 in
1167 1401 1293 1456 llomino
1307 1402 1334 1474 (i
1348 1401 1447 1457 Thess.
1462 1417 1502 1469 ιιι,
1519 1403 1565 1474 8);
1584 1423 1598 1452 ιι
1614 1403 1641 1458 et
1660 1417 1667 1458 ι
1684 1421 1698 1452 ιι
1715 1401 1806 1458 Testis
1820 1400 1895 1456 mihi
1909 1405 1948 1456 est
2039 1439 2040 1442 ,

236 1497 276 1555 ed
300 1495 433 1558 eetesne
460 1492 704 1566 contemplando,
732 1492 764 1547 id
789 1494 836 1547 est
857 1489 996 1556 volendo,
1017 1505 1065 1544 su·
1121 1492 1197 1544 licus
1226 1489 1381 1562 quomodo
1408 1489 1529 1562 cupium
1554 1505 1726 1547 omnesvos
1742 1489 1772 1545 in
1787 1489 1946 1546 visceribus

235 1586 406 1661 spondent:
421 1584 521 1640 Aliter.
548 1581 619 1638 itire
641 1581 743 1636 eutem
765 1577 897 1652 potentin
921 1576 1066 1634 Dominus
1086 1597 1106 1651 fl
1121 1575 1227 1633 Christi
1245 1580 1315 1634 iesu
1330 1578 1456 1650 (Philip.
1470 1593 1490 1650 r,
1506 1578 1543 1650 8).
1559 1600 1574 1628 ιι
1592 1577 1726 1651 Ephesiis
1741 1591 1865 1651 quoque
1880 1576 1920 1633 nit
1939 1593 1946 1631 r

235 1675 301 1732 brec
326 1674 432 1732 codem
456 1673 488 1728 in
513 1671 636 1745 pulvere
659 1677 717 1725 ova
736 1667 880 1738 calefecit,
895 1667 967 1739 quie
981 1665 1065 1722 viros
1121 1685 1135 1715 ιι
1164 1668 1234 1722 Peto
1256 1681 1293 1723 ne
1317 1665 1461 1722 deficietis
1485 1666 1516 1722 ιιι
1538 1665 1781 1723 tribulationibus
1803 1665 1879 1722 meis
1896 1681 1948 1738 pro

237 1761 443 1837 apostolorum
456 1760 546 1838 fretus
564 1759 595 1815 in
610 1757 660 1814 illo
673 1757 791 1829 objecto
809 1755 927 1812 dudum
951 1754 1066 1825 gentili·
1120 1754 1205 1811 vobis
1220 1759 1344 1828 qureest
1358 1753 1453 1826 glorie
1466 1759 1561 1812 vestre
1575 1753 1694 1842 (tipice.
1711 1771 1751 1822 ιιι,
1781 1755 1834 1826 ts).
1860 1777 1875 1805 ιι
1894 1754 1947 1810 hii·

237 1855 297 1910 tnte
316 1849 477 1918 susottovit,
493 1853 522 1906 et
534 1863 613 1922 quos
629 1849 791 1920 synagoge
804 1845 885 1902 velut
897 1844 1067 1901 insensatos
1121 1848 1165 1901 ter
1193 1860 1199 1898 ι
1226 1843 1317 1910 Quasi
1338 1859 1400 1900 non
1426 1859 1497 1900 suos
1514 1843 1642 1918 respicit,
1658 1859 1737 1918 quos
1752 1843 1836 1900 aliter
1856 1843 1948 1899 rivere

237 1937 496 2013 invivificatosque
511 1937 697 2010 despexerat,
717 1934 773 2008 ipsi
788 1949 869 1990 nuno
893 1933 924 1989 in
942 1948 1067 1989 venera·
1122 1949 1215 2006 quem
1230 1932 1331 1990 docuit
1345 1933 1411 2007 ipse
1427 1933 1629 2007 reprehendit,
1652 1937 1681 1990 et
1704 1932 1883 1990 durescente
1902 1949 1950 1988 sre-
2040 1957 2041 2006 ι

237 2026 317 2088 tione
332 2029 466 2101 gentium
480 2041 535 2101 per
547 2025 690 2083 doctrines
710 2024 915 2094 magisterium
934 2023 1067 2080 virentes
1120 2023 1190 2080 vitie
1211 2027 1337 2079 terrores
1349 2023 1500 2090 admovet,
1523 2039 1615 2096 seque
1637 2022 1792 2079 incorum
1817 2022 1950 2078 crucieti-

236 2118 350 2176 rolent.
366 2119 430 2176 ove
443 2115 570 2173 struthio
581 2115 612 2172 in
627 2113 750 2188 pulvere
764 2113 930 2186 dereliquit,
955 2111 1028 2185 quie
1039 2115 1068 2168 et
1121 2111 1179 2168 bus
1192 2115 1324 2178 exercct;
1338 2114 1428 2184 etque
1447 2110 1566 2166 invidiis
1582 2111 1698 2167 teribus
1710 2109 1909 2176 inilemmete,
1922 2111 1948 2165 in

237 2216 344 2265 omnes
357 2217 435 2280 quos
448 2203 658 2278 predicandus
675 2205 835 2276 synagoge
848 2202 959 2273 genuit,
976 2206 1066 2259 uter·
1122 2198 1234 2272 quibus
1249 2214 1310 2255 non
1320 2198 1468 2255 laboravit
1483 2203 1515 2254 ut
1530 2199 1649 2272 possint
1661 2199 1770 2263 vivere,
1787 2197 1907 2254 laboret
1922 2202 1949 2253 ιιι

236 2295 317 2354 renis
331 2289 485 2356 desiderils
498 2293 623 2352 minime
635 2291 800 2366 suspendit.
816 2291 953 2364 Sequitur
969 2307 976 2345 ι
1121 2288 1252 2344 debcent
1265 2287 1393 2344 interire.
1409 2289 1441 2343 lit
1456 2303 1525 2344 cum
1552 2287 1668 2344 homini
1689 2287 1827 2344 membre
1852 2301 1949 2360 perse

272 2389 357 2444 isse.
375 2389 420 2442 te.
436 2383 627 2441 Oblivitoitur
640 2382 721 2455 qnod
730 2395 782 2451 per
797 2381 1067 2452 conscissionem
1122 2376 1223 2450 quitur
1232 2376 1350 2448 placere
1363 2393 1394 2433 so
1405 2391 1459 2449 per
1473 2378 1532 2434 hoc
1545 2377 1672 2434 Domino
1683 2374 1949 2450 suspicetur.Unde

238 2478 330 2535 bettio
344 2471 414 2547 dori
429 2477 574 2531 conteret.
588 2500 624 2514 ·-
638 2469 715 2538 Quid
730 2471 761 2526 in
772 2470 919 2540 egromisi
933 2470 1067 2526 mundus
1121 2469 1150 2522 et
1164 2463 1278 2521 eisdem
1293 2465 1465 2522 struthionis
1480 2466 1546 2522 ovis
1562 2465 1671 2522 Veritas
1695 2465 1766 2522 dicit
1795 2481 1802 2520 ι
1827 2485 1841 2514 ι
1868 2465 1950 2521 Venit

238 2565 292 2623 iste
305 2561 463 2635 signetur?
478 2564 518 2618 lto
530 2573 592 2633 quo
604 2559 635 2615 in
648 2559 808 2628 nvengeho
824 2559 968 2614 Dominus
981 2557 1066 2616 dicit:
1122 2553 1197 2612 hore
1211 2555 1244 2610 ut
1256 2555 1356 2610 omnis
1382 2557 1434 2627 qui
1461 2553 1598 2611 interficit
1622 2571 1677 2610 ros
1695 2554 1855 2611 arbitretur
1870 2553 1950 2611 obse·

239 2669 254 2705 ιι
270 2655 348 2722 Ager
362 2651 463 2706 eutem
478 2652 522 2704 est
536 2647 669 2704 mundus
684 2647 807 2715 (Metti.
817 2659 878 2711 xrn,
891 2649 973 2708 38).»
991 2646 1068 2712 Quid
1123 2643 1230 2717 quium
1241 2659 1271 2700 se
1282 2647 1424 2716 pressiore
1436 2645 1497 2700 Deo
1516 2645 1616 2714 (John.
1632 2659 1694 2711 xvi,
1705 2647 1743 2715 t).
1762 2667 1776 2695 ιι
1790 2645 1948 2718 Sequitur:

238 2739 270 2798 ln
284 2739 390 2808 bestie,
403 2737 460 2794 nisi
474 2736 616 2810 uniquus
630 2735 723 2792 hostis
740 2733 925 2808 exprimitur,
941 2735 993 2809 qui
1012 2736 1068 2791 hu·
1122 2733 1252 2790 Frueho
1274 2733 1421 2790 loboravit
1436 2735 1522 2790 cretio
1538 2733 1644 2791 timore
1658 2739 1788 2806 repente.
1809 2765 1844 2774 —
1869 2737 1950 2790 hem·
2041 2797 2042 2802 1

237 2823 288 2902 lus
313 2825 420 2884 mundi
440 2824 555 2898 rapinis
578 2823 736 2895 insidians,
765 2823 902 2880 humens
934 2821 1067 2897 quotidie
1123 2837 1193 2896 que,
1214 2841 1229 2872 ιι
1249 2821 1472 2895 trepidaverunt
1485 2822 1602 2894 timor-r,
1631 2823 1683 2879 ubi
1705 2837 1767 2880 non
1789 2827 1853 2879 eret
1866 2823 1951 2880 timor

239 2921 335 2976 morte
350 2915 497 2973 settethri
513 2915 553 2971 De
567 2927 629 2988 que
641 2927 695 2987 per
706 2913 896 2987 prophetem,
911 2913 1069 2986 pollicente
1086 2949 1106 3006 C
1123 2913 1214 2985 (Psoi.
1230 2927 1291 2980 ιιιιι,
1309 2913 1346 2984 5).
1365 2929 1379 2963 ιι
1395 2915 1465 2969 ιιοιι
1478 2913 1558 2969 enim
1573 2912 1675 2969 divine
1682 2927 1756 2970 roeo
1764 2911 1950 2987 precipitur:

240 3005 377 3077 Domino,
404 3002 512 3061 dicitnr
535 3019 542 3059 ι
566 3023 581 3053 ιι
601 3005 635 3060 lit
649 3001 729 3060 mele
742 3001 839 3060 bestie
857 3015 920 3060 non
932 2999 1071 3060 transibit
1124 3021 1138 3052 ι
1156 2999 1184 3059 si
1206 2999 1275 3074 quis
1301 3001 1354 3058 tibi
1381 2999 1479 3058 tulerit
1503 3000 1647 3068 tunicum,
1668 3005 1696 3059 et
1714 2999 1841 3058 voluedt
1855 3007 1951 3058 tecum

238 3111 295 3171 per
306 3109 343 3153 ee
359 3095 520 3163 (leoxxxv,
537 3092 576 3165 9).
592 3090 761 3165 Hypooritae
774 3090 855 3148 enim
870 3107 921 3148 eos
940 3107 1017 3164 quos
1038 3091 1069 3148 in
1120 3087 1235 3162 iudicio
1250 3091 1439 3159 contendere,
1456 3089 1570 3148 dimitte
1585 3090 1625 3148 illi
1640 3095 1669 3149 et
1684 3090 1809 3165 pellium
1832 3091 1950 3152 tliotth.

239 3183 465 3242 conversatione
476 3177 555 3237 illios
569 3183 723 3251 generent,
738 3193 822 3236 more
847 3180 962 3237 struthii
986 3179 1069 3237 dere·
1123 3193 1152 3246 r,
1168 3179 1225 3248 40).
1241 3199 1255 3228 ι
1270 3179 1429 3250 Apostolus
1442 3179 1482 3235 eit
1496 3193 1502 3234 ι
1517 3201 1530 3229 ιι
1545 3181 1644 3245 Quare
1669 3191 1731 3242 non
1752 3177 1852 3251 megi<
1876 3179 1952 3249 inju-

238 3273 390 3346 linquunt,
401 3273 431 3327 et
442 3269 566 3326 omnino
580 3283 643 3325 non
661 3271 777 3340 curent,
802 3283 840 3325 ne
864 3273 916 3326 eut
934 3268 1069 3326 exhorte-
1123 3267 1200 3324 rium
1213 3267 1461 3342 occipitis.quere
1480 3280 1542 3324 non
1566 3269 1664 3339 magis
1686 3267 1824 3325 treudem
1838 3266 1954 3342 petimi-
2042 3317 2043 3328 ,

239 3358 328 3418 tionis
344 3356 555 3424 sollicitudine,
570 3360 623 3413 eut
635 3355 800 3429 discipline
820 3357 957 3414 custodie
980 3355 1070 3414 desti·
1123 3356 1459 3429 nir(ruor.v1,r).nt
1482 3361 1583 3414 temen
1612 3358 1770 3432 hypocrite
1798 3361 1953 3431 assumpto

199 3461 206 3472 ·
238 3451 320 3507 tutos
336 3455 499 3521 pravorum
519 3456 646 3518 operum
669 3444 807 3517 exemplo
830 3449 1021 3518 pervertent;
1047 3445 1071 3503 si
1124 3449 1235 3502 senotee
1249 3439 1485 3503 conversationis
1507 3447 1613 3504 hebitu
1627 3447 1758 3504 illiorum
1785 3445 1953 3504 custodiam

238 3536 320 3594 enim
334 3549 393 3592 ore
406 3545 475 3607 quae
490 3533 628 3604 gigrrnnt.
646 3531 811 3603 diligerent,
839 3534 983 3590 nimirum
1007 3551 1070 3592 me·
1124 3535 1243 3605 deserit,
1267 3537 1297 3592 et
1324 3535 1501 3609 temporehe
1526 3551 1656 3610 qumque
1683 3536 1843 3594 defendere
1865 3535 1953 3594 etiem

239 3627 356 3683 tuerent
368 3637 407 3680 ne
420 3621 488 3695 quis
508 3635 545 3678 ee
556 3633 698 3694 perverse
713 3633 813 3692 opere
834 3620 1070 3680 demonstrando
1121 3623 1229 3696 jurgiis
1243 3624 1357 3698 querit,
1378 3625 1517 3698 exemplo
1533 3641 1587 3682 suo
1602 3639 1708 3682 eorum
1723 3625 1849 3699 perdere
1863 3623 1954 3682 corde

240 3713 377 3771 odorret.
407 3709 481 3767 ilinc
509 3707 620 3767 Paulus
646 3708 808 3783 metuebat,
839 3725 909 3767 cum
935 3711 1068 3769 diceret:
1124 3727 1186 3769 non
1199 3711 1337 3785 trepidet,
1353 3715 1382 3769 et
1403 3699 1490 3786 qu'esi
1514 3729 1568 3786 per
1591 3709 1804 3786 negligentium
1820 3712 1953 3770 eminere

241 3801 373 3860 «Videte
386 3797 649 3874 melosopererios
665 3799 790 3870 (Philip.
804 3815 844 3866 ιιι,
859 3799 885 3872 2)
899 3815 906 3869 3
922 3819 936 3850 ιι
957 3805 987 3857 et
1007 3815 1070 3857 rur·
1123 3800 1306 3875 patrimonia
1327 3803 1443 3858 terrene
1457 3799 1606 3859 tormidet.
1624 3803 1657 3858 ln
1669 3815 1769 3860 errore
1789 3797 1954 3875 discipulus

239 3903 329 3950 sum:
346 3908 360 3942 ιι
376 3888 456 3950 ltulti
471 3887 639 3958 embrdent,
648 3901 726 3963 quos
739 3903 820 3963 saepe
833 3889 972 3947 dioebem
982 3891 1069 3948 vobis
1124 3889 1246 3956 labitur,
1259 3893 1288 3946 et
1300 3893 1401 3946 nmen
1416 3903 1467 3948 cor
1480 3891 1645 3966 hypocrite
1664 3890 1747 3948 nullo
1761 3889 1866 3948 dolore
1890 3903 1954 3946 sen·

238 3993 321 4040 nuno
333 3984 434 4038 subm
446 3983 475 4036 et
489 3977 565 4036 tiens
583 3977 662 4047 dieo,
684 3977 822 4035 inimicos
843 3978 940 4035 crucis
964 3977 1071 4038 christi
1125 3979 1229 4052 cietur,
1239 3979 1282 4036 ire
1298 3979 1329 4036 in
1339 3979 1503 4053 iniquitatis
1516 3979 1691 4052 voraginem
1705 3980 1888 4042 commissos
1899 3977 1954 4035 sthi

239 4071 341 4146 (idid,
359 4070 411 4143 rs).
429 4067 830 4140 Heneegribestiemetiem
846 4067 912 4125 oris
927 4085 995 4143 quee
1019 4083 1071 4144 po
1124 4068 1279 4142 conspicit,
1294 4069 1399 4126 etheeo
1414 4069 1650 4143 quasiincuditn
1668 4069 1844 4144 pertransit3
1875 4063 1954 4126 stet

162 4197 164 4203 ,
239 4161 340 4216 soeret
354 4155 650 4215 tormidehetdicens
665 4173 672 4213 ι
689 4177 704 4207 ιι
724 4155 826 4212 Timeo
849 4167 887 4213 ne
912 4155 988 4214 sieut
1011 4171 1070 4214 ser·
1124 4158 1207 4230 quod
1222 4157 1279 4214 sthi
1291 4158 1393 4216 leviter
1406 4159 1506 4216 inierrt
1518 4159 1683 4232 temporale
1695 4157 1955 4216 domnumsense-

184 4287 193 4308 .
239 4255 316 4322 pens
331 4249 424 4304 lirum
438 4245 557 4302 seduxit
570 4245 680 4302 estutie
692 4259 757 4312 sue,
772 4244 814 4301 ite
837 4248 1070 4318 corrumpentur
1088 4246 1171 4354 Drit,
1185 4245 1216 4302 in
1226 4245 1348 4303 ultionis
1360 4247 1403 4303 ire
1423 4251 1544 4321 repente
1569 4247 1609 4304 eh
1632 4247 1745 4305 intimis
1771 4246 1934 4304 inardescit
1948 4261 1955 4313 ς

241 4347 351 4392 sensus
364 4332 454 4390 vestrl
469 4348 487 4390 e
501 4331 644 4390 charitate
670 4345 740 4406 ques
761 4335 805 4388 est
826 4331 859 4388 in
872 4331 987 4389 christo
1001 4335 1070 4390 iesu
1123 4347 1196 4391 mox
1210 4336 1354 4408 patientie
1368 4337 1534 4408 rumpitur3
1560 4349 1631 4394 mox
1644 4337 1731 4394 dolor
1746 4335 1846 4394 cordis
1861 4335 1893 4394 in
1909 4349 1957 4392 ro

240 4423 287 4497 (11
299 4421 367 4479 Cor.
383 4435 424 4490 ιιι,
438 4425 485 4490 ei„
495 4439 509 4472 ιι
538 4421 611 4478 ilinc
636 4423 738 4478 Petrus
760 4421 823 4478 eit:
845 4441 860 4472 ιι
873 4421 1070 4480 Adversarius
1123 4424 1209 4482 cibus
1223 4423 1395 4483 effrenetur.
1410 4425 1500 4482 Aliter
1521 4441 1528 4482 ι
1554 4429 1587 4483 tn
1609 4427 1710 4484 lehore
1735 4426 1849 4500 quippe
1873 4423 1957 4482 illem

240 4513 340 4569 vester
353 4505 504 4578 diabolus,
517 4507 605 4583 quesi
618 4507 666 4566 leo
680 4508 801 4579 rugiens
814 4509 917 4567 circuit
932 4524 1071 4584 querens
1122 4513 1338 4588 persecutionis
1353 4513 1495 4572 enhelere
1510 4529 1572 4572 non
1597 4515 1697 4583 timor,
1722 4515 1777 4572 sed
1791 4515 1957 4572 crudentes

240 4611 333 4677 quem
347 4599 478 4669 devoret,
495 4599 543 4657 cui
554 4598 678 4656 resistite
693 4597 783 4655 tortos
806 4599 838 4655 in
858 4599 918 4656 tide
932 4601 976 4672 (II
986 4603 1069 4658 Petr.
1123 4603 1211 4674 cogit.
1222 4603 1280 4660 Sed
1293 4603 1366 4677 quie
1384 4604 1574 4678 plerumque,
1590 4603 1662 4662 ritis
1687 4603 1786 4662 colore
1809 4604 1957 4661 virtutum

239 4701 270 4762 r,
284 4691 323 4764 r).
340 4709 355 4742 ι
373 4687 463 4748 Aliter
478 4703 485 4747 ι
499 4689 584 4746 Tunc
598 4701 657 4746 ore
670 4701 726 4763 pes
739 4687 844 4761 oeloet,
856 4693 885 4746 et
897 4689 993 4748 bestie
1006 4691 1072 4762 egri
1122 4691 1224 4762 tinctu,
1250 4696 1333 4750 tento
1357 4695 1504 4767 nequiore
1525 4699 1597 4751 sunt
1620 4697 1736 4769 quento
1751 4696 1781 4751 et
1793 4704 1861 4750 esse
1887 4693 1958 4750 ritis

240 4780 375 4849 conterit,
399 4793 470 4836 oum
497 4778 528 4836 in
547 4781 625 4836 terre
648 4776 837 4850 deseruntur,
850 4778 922 4854 quie
937 4779 1072 4838 videlicet
1122 4781 1248 4838 minime
1262 4785 1494 4852 cognoscuntur,
1516 4797 1552 4839 eo
1572 4782 1602 4838 in
1630 4781 1838 4856 persecutione
1862 4783 1959 4856 Syne-

240 4865 377 4925 humeoe
401 4867 505 4935 corde,
533 4866 607 4924 dum
636 4878 755 4939 semper
782 4869 900 4924 terrene
927 4869 1069 4940 cogiture,
1123 4881 1202 4941 gogo
1216 4868 1319 4927 durior
1332 4869 1522 4946 exstititque
1536 4869 1873 4943 religiosioremsetieri
1884 4869 1959 4926 ilde

240 4965 441 5030 semperque
455 4955 517 5012 ime
532 4958 603 5012 sunt
621 4967 711 5026 egere
732 4959 887 5030 oppetunt,
912 4956 951 5014 nd
972 4961 1071 5015 roob·
1121 4957 1197 5014 lium
1222 4957 1370 5016 mortibus
1394 4959 1557 5030 estimavit,
1584 4959 1742 5017 etidcirco
1761 4969 1829 5032 ques
1853 4957 1959 5029 egeret

121 5065 127 5080 ι
239 5045 369 5104 rendum
384 5059 416 5103 se
430 5046 495 5118 egri
506 5044 620 5116 bestiis,
635 5043 724 5103 idest
737 5045 860 5104 diabolo
876 5049 1022 5116 sternunt,
1038 5051 1071 5104 ut
1122 5045 1293 5104 discernere
1318 5046 1444 5104 omnino
1471 5063 1533 5106 ιιοιι
1560 5049 1667 5122 potuit,
1692 5047 1764 5122 qnln
1778 5045 1885 5104 lumen
1900 5045 1959 5104 sibi

239 5143 310 5194 oum
323 5130 494 5193 dinintinre
508 5133 819 5208 coginuoneehjeotn
834 5139 914 5208 sunt,
934 5135 1071 5211 quondo
1121 5133 1323 5208 intelligentie
1351 5149 1405 5210 per
1431 5137 1579 5211 superbire
1606 5137 1806 5211 objectionem
1833 5133 1958 5193 clsustt.

238 5223 407 5301 quesitum
422 5224 573 5298 mulorum
587 5223 749 5282 eriminum
763 5223 983 5298 perpetratione
993 5223 1068 5282 iran-
1124 5221 1284 5300 Sequitur:
1328 5275 1331 5282 .

240 5317 358 5388 rentur.
390 5315 552 5390 synagoge
577 5325 649 5386 ergo
675 5325 735 5372 ore
753 5327 821 5388 qnee
843 5314 945 5384 genun
959 5327 978 5371 e
992 5315 1071 5370 terre
1158 5315 1244 5371 vsns.
1259 5313 1301 5370 lt.
1318 5315 1456 5372 Priraor‘t
1471 5327 1536 5372 eom
1549 5311 1957 5387 martaronensem

240 5405 426 5478 suspendens
437 5405 516 5464 bene
529 5403 657 5463 virendo
668 5401 808 5475 neglexit,
816 5402 868 5458 sed
880 5403 1070 5475 omnipotens
1121 5403 1172 5460 illi
1185 5403 1426 5476 inteltioorrtiom.
1455 5431 1490 5444 -
1515 5404 1658 5471 Quemvis
1682 5403 1763 5461 eliud
1778 5402 1815 5459 stt
1828 5399 1956 5476 privari,

241 5491 319 5551 oeus
339 5491 450 5551 multos
464 5493 531 5571 ejus
542 5491 620 5552 tilios
634 5491 775 5570 quumvis
786 5489 818 5548 in
825 5491 948 5548 terrenis
955 5489 1071 5548 deside-
1121 5491 1205 5550 eliud
1220 5503 1281 5551 non
1292 5493 1378 5564 dore,
1394 5493 1452 5550 hoc
1467 5497 1568 5552 temen
1582 5493 1708 5569 repetiit,
1723 5489 1885 5552 subdendo
1897 5505 1956 5548 nec
