<?xml version="1.0" encoding="UTF-8"?>
<!DOCTYPE html PUBLIC "-//W3C//DTD XHTML 1.0 Transitional//EN"
    "http://www.w3.org/TR/xhtml1/DTD/xhtml1-transitional.dtd">
<html xmlns="http://www.w3.org/1999/xhtml" xml:lang="en" lang="en">
 <head>
  <title>
</title>
<meta http-equiv="Content-Type" content="text/html;charset=utf-8" />
  <meta name='ocr-system' content='tesseract 3.04.00' />
  <meta name='ocr-capabilities' content='ocr_page ocr_carea ocr_par ocr_line ocrx_word'/>
</head>
<body>
  <div class='ocr_page' id='page_1' title='image "./patrologiaecurs107unkngoog/patrologiaecurs107unkngoog_0424.png"; bbox 0 0 4110 6138; ppageno 0'>
   <div class='ocr_carea' id='block_1_1' title="bbox 289 99 1934 180">
    <p class='ocr_par' dir='ltr' id='par_1_1' title="bbox 289 99 1934 180">
     <span class='ocr_line' id='line_1_1' title="bbox 289 99 1934 180; baseline -0.01 -7"><span class='ocrx_word' id='word_1_1' title='bbox 289 117 342 173; x_wconf 85' lang='lat' dir='ltr'>sss</span> <span class='ocrx_word' id='word_1_2' title='bbox 909 103 1081 164; x_wconf 74' lang='lat' dir='ltr'>masonis</span> <span class='ocrx_word' id='word_1_3' title='bbox 1099 99 1147 156; x_wconf 74' lang='lat' dir='ltr'>so</span> <span class='ocrx_word' id='word_1_4' title='bbox 1174 99 1203 158; x_wconf 91' lang='lat' dir='ltr'>s.</span> <span class='ocrx_word' id='word_1_5' title='bbox 1224 101 1377 162; x_wconf 73' lang='lat' dir='ltr'>cuonem.</span> <span class='ocrx_word' id='word_1_6' title='bbox 1898 123 1934 180; x_wconf 60' lang='lat' dir='ltr'>g,</span> 
     </span>
    </p>
   </div>
   <div class='ocr_carea' id='block_1_2' title="bbox 289 222 1933 402">
    <p class='ocr_par' dir='ltr' id='par_1_2' title="bbox 289 222 1933 402">
     <span class='ocr_line' id='line_1_2' title="bbox 289 222 1933 308; baseline 0.001 -15"><span class='ocrx_word' id='word_1_7' title='bbox 289 233 512 294; x_wconf 79' lang='lat' dir='ltr'>obedientiam?</span> <span class='ocrx_word' id='word_1_8' title='bbox 525 233 658 299; x_wconf 85' lang='lat' dir='ltr'>Quantos</span> <span class='ocrx_word' id='word_1_9' title='bbox 671 229 848 288; x_wconf 89' lang='lat' dir='ltr'>intrinsecus</span> <span class='ocrx_word' id='word_1_10' title='bbox 876 228 1049 286; x_wconf 82' lang='lat' dir='ltr'>vulneratos</span> <span class='ocrx_word' id='word_1_11' title='bbox 1063 240 1117 281; x_wconf 92' lang='lat' dir='ltr'>an·</span> <span class='ocrx_word' id='word_1_12' title='bbox 1134 224 1157 279; x_wconf 76' lang='lat' dir='ltr'>l</span> <span class='ocrx_word' id='word_1_13' title='bbox 1172 222 1289 282; x_wconf 90' lang='lat' dir='ltr'>flciente</span> <span class='ocrx_word' id='word_1_14' title='bbox 1300 225 1424 298; x_wconf 87' lang='lat' dir='ltr'>justitia,</span> <span class='ocrx_word' id='word_1_15' title='bbox 1441 226 1556 286; x_wconf 85' lang='lat' dir='ltr'>viribus</span> <span class='ocrx_word' id='word_1_16' title='bbox 1571 228 1749 288; x_wconf 73' lang='lat' dir='ltr'><strong>convalescit.</strong></span> <span class='ocrx_word' id='word_1_17' title='bbox 1759 234 1789 290; x_wconf 79' lang='lat' dir='ltr'>Et</span> <span class='ocrx_word' id='word_1_18' title='bbox 1799 235 1933 308; x_wconf 71' lang='lat' dir='ltr'>cudentis</span> 
     </span>
     <span class='ocr_line' id='line_1_3' title="bbox 289 312 1933 402; baseline 0.001 -21"><span class='ocrx_word' id='word_1_19' title='bbox 289 323 374 398; x_wconf 86' lang='lat' dir='ltr'>galici</span> <span class='ocrx_word' id='word_1_20' title='bbox 400 321 460 379; x_wconf 89' lang='lat' dir='ltr'>oris</span> <span class='ocrx_word' id='word_1_21' title='bbox 489 325 562 393; x_wconf 89' lang='lat' dir='ltr'>arte,</span> <span class='ocrx_word' id='word_1_22' title='bbox 575 323 604 378; x_wconf 91' lang='lat' dir='ltr'>et</span> <span class='ocrx_word' id='word_1_23' title='bbox 628 319 798 378; x_wconf 92' lang='lat' dir='ltr'>orationum</span> <span class='ocrx_word' id='word_1_24' title='bbox 823 317 962 376; x_wconf 79' lang='lat' dir='ltr'>firmitate</span> <span class='ocrx_word' id='word_1_25' title='bbox 985 312 1118 374; x_wconf 79' lang='lat' dir='ltr'>curavit?</span> <span class='ocrx_word' id='word_1_26' title='bbox 1172 312 1202 370; x_wconf 92' lang='lat' dir='ltr'>in</span> <span class='ocrx_word' id='word_1_27' title='bbox 1225 313 1283 371; x_wconf 90' lang='lat' dir='ltr'>hac</span> <span class='ocrx_word' id='word_1_28' title='bbox 1310 316 1548 389; x_wconf 87' lang='lat' dir='ltr'>peregrinatione</span> <span class='ocrx_word' id='word_1_29' title='bbox 1576 317 1638 376; x_wconf 89' lang='lat' dir='ltr'>solo</span> <span class='ocrx_word' id='word_1_30' title='bbox 1659 335 1773 394; x_wconf 85' lang='lat' dir='ltr'>corpore</span> <span class='ocrx_word' id='word_1_31' title='bbox 1794 327 1933 402; x_wconf 61' lang='lat' dir='ltr'>constitutur</span> 
     </span>
    </p>
   </div>
   <div class='ocr_carea' id='block_1_3' title="bbox 163 403 1935 486">
    <p class='ocr_par' dir='ltr' id='par_1_3' title="bbox 163 403 1935 486">
     <span class='ocr_line' id='line_1_4' title="bbox 163 403 1935 486; baseline 0.004 -18"><span class='ocrx_word' id='word_1_32' title='bbox 163 445 168 458; x_wconf 87' lang='lat'><strong>·</strong></span> <span class='ocrx_word' id='word_1_33' title='bbox 289 414 422 480; x_wconf 82' lang='lat' dir='ltr'>Quantos</span> <span class='ocrx_word' id='word_1_34' title='bbox 437 426 491 483; x_wconf 93' lang='lat' dir='ltr'>per</span> <span class='ocrx_word' id='word_1_35' title='bbox 503 409 628 480; x_wconf 90' lang='lat' dir='ltr'>longam</span> <span class='ocrx_word' id='word_1_36' title='bbox 650 407 808 479; x_wconf 86' lang='lat' dir='ltr'>incuriam,</span> <span class='ocrx_word' id='word_1_37' title='bbox 823 406 937 481; x_wconf 89' lang='lat' dir='ltr'>peccati</span> <span class='ocrx_word' id='word_1_38' title='bbox 950 405 1019 463; x_wconf 90' lang='lat' dir='ltr'>labe</span> <span class='ocrx_word' id='word_1_39' title='bbox 1034 419 1118 460; x_wconf 90' lang='lat' dir='ltr'>reso·</span> <span class='ocrx_word' id='word_1_40' title='bbox 1172 403 1351 474; x_wconf 72' lang='lat' dir='ltr'>cogitatione</span> <span class='ocrx_word' id='word_1_41' title='bbox 1366 409 1394 462; x_wconf 92' lang='lat' dir='ltr'>et</span> <span class='ocrx_word' id='word_1_42' title='bbox 1419 406 1560 466; x_wconf 84' lang='lat' dir='ltr'>aviditate</span> <span class='ocrx_word' id='word_1_43' title='bbox 1574 406 1605 464; x_wconf 94' lang='lat' dir='ltr'>in</span> <span class='ocrx_word' id='word_1_44' title='bbox 1626 407 1786 470; x_wconf 82' lang='lat' dir='ltr'>illaetema</span> <span class='ocrx_word' id='word_1_45' title='bbox 1801 415 1935 486; x_wconf 76' lang='lat' dir='ltr'>pentacon</span> 
     </span>
    </p>
   </div>
   <div class='ocr_carea' id='block_1_4' title="bbox 284 494 1992 2533">
    <p class='ocr_par' dir='ltr' id='par_1_4' title="bbox 284 494 1992 2533">
     <span class='ocr_line' id='line_1_5' title="bbox 287 494 1934 572; baseline 0.003 -14"><span class='ocrx_word' id='word_1_46' title='bbox 287 499 376 571; x_wconf 89' lang='lat' dir='ltr'>lutos,</span> <span class='ocrx_word' id='word_1_47' title='bbox 391 503 420 556; x_wconf 89' lang='lat' dir='ltr'>et</span> <span class='ocrx_word' id='word_1_48' title='bbox 432 497 567 572; x_wconf 88' lang='lat' dir='ltr'>quadam</span> <span class='ocrx_word' id='word_1_49' title='bbox 580 497 670 571; x_wconf 76' lang='lat' dir='ltr'>lepra</span> <span class='ocrx_word' id='word_1_50' title='bbox 692 495 869 568; x_wconf 75' lang='lat' dir='ltr'>contagione</span> <span class='ocrx_word' id='word_1_51' title='bbox 887 494 1035 569; x_wconf 83' lang='lat' dir='ltr'>pertusos,</span> <span class='ocrx_word' id='word_1_52' title='bbox 1052 508 1117 549; x_wconf 88' lang='lat' dir='ltr'>cas·</span> <span class='ocrx_word' id='word_1_53' title='bbox 1172 499 1305 553; x_wconf 89' lang='lat' dir='ltr'>versatus</span> <span class='ocrx_word' id='word_1_54' title='bbox 1324 498 1384 562; x_wconf 93' lang='lat' dir='ltr'>est;</span> <span class='ocrx_word' id='word_1_55' title='bbox 1400 496 1448 553; x_wconf 91' lang='lat' dir='ltr'>cui</span> <span class='ocrx_word' id='word_1_56' title='bbox 1462 497 1596 554; x_wconf 91' lang='lat' dir='ltr'>mundus</span> <span class='ocrx_word' id='word_1_57' title='bbox 1610 497 1759 556; x_wconf 82' lang='lat' dir='ltr'>crucifixus</span> <span class='ocrx_word' id='word_1_58' title='bbox 1772 500 1827 572; x_wconf 88' lang='lat' dir='ltr'>luit,</span> <span class='ocrx_word' id='word_1_59' title='bbox 1842 519 1871 560; x_wconf 89' lang='lat' dir='ltr'>ac</span> <span class='ocrx_word' id='word_1_60' title='bbox 1881 522 1934 563; x_wconf 78' lang='lat' dir='ltr'>nor</span> 
     </span>
     <span class='ocr_line' id='line_1_6' title="bbox 287 581 1935 660; baseline 0.004 -14"><span class='ocrx_word' id='word_1_61' title='bbox 287 587 480 660; x_wconf 88' lang='lat' dir='ltr'>tigationibus</span> <span class='ocrx_word' id='word_1_62' title='bbox 491 591 521 644; x_wconf 90' lang='lat' dir='ltr'>et</span> <span class='ocrx_word' id='word_1_63' title='bbox 535 585 791 644; x_wconf 88' lang='lat' dir='ltr'>exhortationibus</span> <span class='ocrx_word' id='word_1_64' title='bbox 801 583 962 659; x_wconf 85' lang='lat' dir='ltr'>expiando,</span> <span class='ocrx_word' id='word_1_65' title='bbox 974 586 1033 640; x_wconf 80' lang='lat' dir='ltr'>lieo</span> <span class='ocrx_word' id='word_1_66' title='bbox 1043 581 1074 638; x_wconf 93' lang='lat' dir='ltr'>in</span> <span class='ocrx_word' id='word_1_67' title='bbox 1086 597 1119 637; x_wconf 82' lang='lat' dir='ltr'>se</span> <span class='ocrx_word' id='word_1_68' title='bbox 1172 585 1255 653; x_wconf 88' lang='lat' dir='ltr'>tuus;</span> <span class='ocrx_word' id='word_1_69' title='bbox 1270 583 1420 659; x_wconf 87' lang='lat' dir='ltr'>quidquid</span> <span class='ocrx_word' id='word_1_70' title='bbox 1434 585 1582 644; x_wconf 87' lang='lat' dir='ltr'>laboravit</span> <span class='ocrx_word' id='word_1_71' title='bbox 1595 586 1632 644; x_wconf 92' lang='lat' dir='ltr'>de</span> <span class='ocrx_word' id='word_1_72' title='bbox 1646 588 1745 658; x_wconf 86' lang='lat' dir='ltr'>activa,</span> <span class='ocrx_word' id='word_1_73' title='bbox 1755 591 1864 650; x_wconf 88' lang='lat' dir='ltr'>adillam</span> <span class='ocrx_word' id='word_1_74' title='bbox 1874 594 1935 653; x_wconf 78' lang='lat' dir='ltr'>titan</span> 
     </span>
     <span class='ocr_line' id='line_1_7' title="bbox 287 671 1935 752; baseline 0.002 -17"><span class='ocrx_word' id='word_1_75' title='bbox 287 681 442 752; x_wconf 88' lang='lat' dir='ltr'>operante,</span> <span class='ocrx_word' id='word_1_76' title='bbox 457 675 617 734; x_wconf 91' lang='lat' dir='ltr'>mundavit</span> <span class='ocrx_word' id='word_1_77' title='bbox 633 676 846 742; x_wconf 82' lang='lat' dir='ltr'>‘lQusntorum</span> <span class='ocrx_word' id='word_1_78' title='bbox 859 676 977 733; x_wconf 87' lang='lat' dir='ltr'>animas</span> <span class='ocrx_word' id='word_1_79' title='bbox 990 673 1118 729; x_wconf 86' lang='lat' dir='ltr'>viventes</span> <span class='ocrx_word' id='word_1_80' title='bbox 1173 671 1330 742; x_wconf 82' lang='lat' dir='ltr'>transtulit,</span> <span class='ocrx_word' id='word_1_81' title='bbox 1344 679 1373 730; x_wconf 90' lang='lat' dir='ltr'>et</span> <span class='ocrx_word' id='word_1_82' title='bbox 1381 675 1469 748; x_wconf 89' lang='lat' dir='ltr'>quasi</span> <span class='ocrx_word' id='word_1_83' title='bbox 1478 674 1578 732; x_wconf 87' lang='lat' dir='ltr'>bonus</span> <span class='ocrx_word' id='word_1_84' title='bbox 1588 677 1770 736; x_wconf 87' lang='lat' dir='ltr'>ratiocinator</span> <span class='ocrx_word' id='word_1_85' title='bbox 1778 680 1847 737; x_wconf 83' lang='lat' dir='ltr'>velut</span> <span class='ocrx_word' id='word_1_86' title='bbox 1856 681 1935 741; x_wconf 75' lang='lat' dir='ltr'>adres</span> 
     </span>
     <span class='ocr_line' id='line_1_8' title="bbox 287 756 1936 840; baseline 0.002 -17"><span class='ocrx_word' id='word_1_87' title='bbox 287 766 318 823; x_wconf 91' lang='lat' dir='ltr'>in</span> <span class='ocrx_word' id='word_1_88' title='bbox 346 780 482 840; x_wconf 88' lang='lat' dir='ltr'>corpore,</span> <span class='ocrx_word' id='word_1_89' title='bbox 507 765 573 836; x_wconf 74' lang='lat' dir='ltr'>iam</span> <span class='ocrx_word' id='word_1_90' title='bbox 601 763 770 832; x_wconf 84' lang='lat' dir='ltr'>defunctas,</span> <span class='ocrx_word' id='word_1_91' title='bbox 796 768 826 820; x_wconf 92' lang='lat' dir='ltr'>et</span> <span class='ocrx_word' id='word_1_92' title='bbox 850 763 1027 820; x_wconf 83' lang='lat' dir='ltr'>delictorum</span> <span class='ocrx_word' id='word_1_93' title='bbox 1040 759 1119 817; x_wconf 90' lang='lat' dir='ltr'>mole</span> <span class='ocrx_word' id='word_1_94' title='bbox 1172 756 1292 831; x_wconf 90' lang='lat' dir='ltr'>tuplum</span> <span class='ocrx_word' id='word_1_95' title='bbox 1314 777 1440 818; x_wconf 88' lang='lat' dir='ltr'>manum</span> <span class='ocrx_word' id='word_1_96' title='bbox 1479 763 1642 836; x_wconf 77' lang='lat' dir='ltr'>porrigens,</span> <span class='ocrx_word' id='word_1_97' title='bbox 1671 781 1780 840; x_wconf 85' lang='lat' dir='ltr'>semper</span> <span class='ocrx_word' id='word_1_98' title='bbox 1803 767 1936 828; x_wconf 73' lang='lat' dir='ltr'>descisco</span> 
     </span>
     <span class='ocr_line' id='line_1_9' title="bbox 287 848 1936 928; baseline 0 -16"><span class='ocrx_word' id='word_1_99' title='bbox 287 854 413 912; x_wconf 89' lang='lat' dir='ltr'>obrutas</span> <span class='ocrx_word' id='word_1_100' title='bbox 428 870 463 912; x_wconf 89' lang='lat' dir='ltr'>ac</span> <span class='ocrx_word' id='word_1_101' title='bbox 485 853 628 927; x_wconf 86' lang='lat' dir='ltr'>sepultas,</span> <span class='ocrx_word' id='word_1_102' title='bbox 642 853 683 911; x_wconf 92' lang='lat' dir='ltr'>ad</span> <span class='ocrx_word' id='word_1_103' title='bbox 711 853 955 911; x_wconf 70' lang='lat' dir='ltr'>emendationem</span> <span class='ocrx_word' id='word_1_104' title='bbox 972 857 1119 924; x_wconf 90' lang='lat' dir='ltr'>tanquam</span> <span class='ocrx_word' id='word_1_105' title='bbox 1173 848 1336 905; x_wconf 82' lang='lat' dir='ltr'>transmisit</span> <span class='ocrx_word' id='word_1_106' title='bbox 1359 850 1398 907; x_wconf 88' lang='lat' dir='ltr'>ad</span> <span class='ocrx_word' id='word_1_107' title='bbox 1426 850 1587 922; x_wconf 83' lang='lat' dir='ltr'>dexteram,</span> <span class='ocrx_word' id='word_1_108' title='bbox 1602 857 1631 910; x_wconf 92' lang='lat' dir='ltr'>et</span> <span class='ocrx_word' id='word_1_109' title='bbox 1654 853 1685 910; x_wconf 89' lang='lat' dir='ltr'>in</span> <span class='ocrx_word' id='word_1_110' title='bbox 1697 853 1766 910; x_wconf 85' lang='lat' dir='ltr'>cmlo</span> <span class='ocrx_word' id='word_1_111' title='bbox 1786 857 1892 928; x_wconf 87' lang='lat' dir='ltr'>reposuit</span> <span class='ocrx_word' id='word_1_112' title='bbox 1904 874 1936 913; x_wconf 80' lang='lat' dir='ltr'>su</span> 
     </span>
     <span class='ocr_line' id='line_1_10' title="bbox 288 935 1936 1017; baseline 0 -16"><span class='ocrx_word' id='word_1_113' title='bbox 288 943 329 1002; x_wconf 84' lang='lat' dir='ltr'>ad</span> <span class='ocrx_word' id='word_1_114' title='bbox 356 943 455 1001; x_wconf 90' lang='lat' dir='ltr'>lucem</span> <span class='ocrx_word' id='word_1_115' title='bbox 480 943 628 1014; x_wconf 88' lang='lat' dir='ltr'>vocando,</span> <span class='ocrx_word' id='word_1_116' title='bbox 651 945 711 998; x_wconf 86' lang='lat' dir='ltr'>Deo</span> <span class='ocrx_word' id='word_1_117' title='bbox 739 941 939 1012; x_wconf 79' lang='lat' dir='ltr'>resuscitavit,</span> <span class='ocrx_word' id='word_1_118' title='bbox 954 946 987 998; x_wconf 92' lang='lat' dir='ltr'>ut</span> <span class='ocrx_word' id='word_1_119' title='bbox 1001 940 1119 1004; x_wconf 78' lang='lat' dir='ltr'>Domini</span> <span class='ocrx_word' id='word_1_120' title='bbox 1173 935 1261 993; x_wconf 87' lang='lat' dir='ltr'>dores</span> <span class='ocrx_word' id='word_1_121' title='bbox 1290 954 1372 996; x_wconf 89' lang='lat' dir='ltr'>suos.</span> <span class='ocrx_word' id='word_1_122' title='bbox 1388 943 1462 996; x_wconf 89' lang='lat' dir='ltr'>Nam</span> <span class='ocrx_word' id='word_1_123' title='bbox 1490 945 1519 999; x_wconf 92' lang='lat' dir='ltr'>et</span> <span class='ocrx_word' id='word_1_124' title='bbox 1533 941 1559 997; x_wconf 89' lang='lat' dir='ltr'>si</span> <span class='ocrx_word' id='word_1_125' title='bbox 1586 942 1643 1000; x_wconf 89' lang='lat' dir='ltr'>hoe</span> <span class='ocrx_word' id='word_1_126' title='bbox 1657 958 1745 1017; x_wconf 87' lang='lat' dir='ltr'>opera</span> <span class='ocrx_word' id='word_1_127' title='bbox 1763 944 1936 1017; x_wconf 84' lang='lat' dir='ltr'>ejosvidentu,</span> 
     </span>
     <span class='ocr_line' id='line_1_11' title="bbox 289 1025 1936 1106; baseline 0.001 -17"><span class='ocrx_word' id='word_1_128' title='bbox 289 1033 338 1090; x_wconf 91' lang='lat' dir='ltr'>sui</span> <span class='ocrx_word' id='word_1_129' title='bbox 350 1033 548 1092; x_wconf 88' lang='lat' dir='ltr'>admirandus</span> <span class='ocrx_word' id='word_1_130' title='bbox 562 1033 702 1101; x_wconf 83' lang='lat' dir='ltr'>imitator,</span> <span class='ocrx_word' id='word_1_131' title='bbox 717 1033 781 1106; x_wconf 87' lang='lat' dir='ltr'>jam</span> <span class='ocrx_word' id='word_1_132' title='bbox 796 1036 930 1090; x_wconf 89' lang='lat' dir='ltr'>mortuas</span> <span class='ocrx_word' id='word_1_133' title='bbox 945 1035 1005 1090; x_wconf 85' lang='lat' dir='ltr'>Deo</span> <span class='ocrx_word' id='word_1_134' title='bbox 1020 1045 1118 1088; x_wconf 89' lang='lat' dir='ltr'>econ·</span> <span class='ocrx_word' id='word_1_135' title='bbox 1172 1025 1242 1083; x_wconf 90' lang='lat' dir='ltr'>illuc</span> <span class='ocrx_word' id='word_1_136' title='bbox 1266 1043 1394 1101; x_wconf 89' lang='lat' dir='ltr'>operum</span> <span class='ocrx_word' id='word_1_137' title='bbox 1423 1031 1529 1088; x_wconf 91' lang='lat' dir='ltr'>merita</span> <span class='ocrx_word' id='word_1_138' title='bbox 1554 1031 1738 1090; x_wconf 86' lang='lat' dir='ltr'>transierunt.</span> <span class='ocrx_word' id='word_1_139' title='bbox 1765 1031 1833 1090; x_wconf 85' lang='lat' dir='ltr'>lilim</span> <span class='ocrx_word' id='word_1_140' title='bbox 1851 1036 1936 1104; x_wconf 82' lang='lat' dir='ltr'>ergon</span> 
     </span>
     <span class='ocr_line' id='line_1_12' title="bbox 289 1119 1936 1196; baseline -0.001 -16"><span class='ocrx_word' id='word_1_141' title='bbox 289 1122 379 1180; x_wconf 88' lang='lat' dir='ltr'>trario</span> <span class='ocrx_word' id='word_1_142' title='bbox 392 1121 584 1180; x_wconf 88' lang='lat' dir='ltr'>mortificaret</span> <span class='ocrx_word' id='word_1_143' title='bbox 597 1121 678 1179; x_wconf 89' lang='lat' dir='ltr'>vitali</span> <span class='ocrx_word' id='word_1_144' title='bbox 691 1125 787 1178; x_wconf 89' lang='lat' dir='ltr'>morte</span> <span class='ocrx_word' id='word_1_145' title='bbox 803 1123 952 1196; x_wconf 82' lang='lat' dir='ltr'>peccato?</span> <span class='ocrx_word' id='word_1_146' title='bbox 968 1124 1008 1178; x_wconf 78' lang='lat' dir='ltr'>lte</span> <span class='ocrx_word' id='word_1_147' title='bbox 1022 1135 1118 1194; x_wconf 89' lang='lat' dir='ltr'>quan·</span> <span class='ocrx_word' id='word_1_148' title='bbox 1172 1119 1320 1187; x_wconf 86' lang='lat' dir='ltr'>quantum</span> <span class='ocrx_word' id='word_1_149' title='bbox 1348 1133 1522 1194; x_wconf 87' lang='lat' dir='ltr'>possumus,</span> <span class='ocrx_word' id='word_1_150' title='bbox 1537 1120 1666 1194; x_wconf 88' lang='lat' dir='ltr'>vestigiis</span> <span class='ocrx_word' id='word_1_151' title='bbox 1686 1120 1849 1191; x_wconf 87' lang='lat' dir='ltr'>insistamus,</span> <span class='ocrx_word' id='word_1_152' title='bbox 1861 1123 1936 1196; x_wconf 85' lang='lat' dir='ltr'>quihus</span> 
     </span>
     <span class='ocr_line' id='line_1_13' title="bbox 288 1205 1936 1286; baseline 0 -18"><span class='ocrx_word' id='word_1_153' title='bbox 288 1215 387 1268; x_wconf 87' lang='lat' dir='ltr'>torum</span> <span class='ocrx_word' id='word_1_154' title='bbox 408 1210 457 1268; x_wconf 90' lang='lat' dir='ltr'>iile</span> <span class='ocrx_word' id='word_1_155' title='bbox 478 1211 630 1282; x_wconf 85' lang='lat' dir='ltr'>cordibus,</span> <span class='ocrx_word' id='word_1_156' title='bbox 647 1227 725 1286; x_wconf 90' lang='lat' dir='ltr'>quos</span> <span class='ocrx_word' id='word_1_157' title='bbox 750 1210 910 1268; x_wconf 88' lang='lat' dir='ltr'>inhonesta</span> <span class='ocrx_word' id='word_1_158' title='bbox 933 1210 1076 1283; x_wconf 88' lang='lat' dir='ltr'>iniquitas</span> <span class='ocrx_word' id='word_1_159' title='bbox 1090 1213 1118 1266; x_wconf 89' lang='lat' dir='ltr'>et</span> <span class='ocrx_word' id='word_1_160' title='bbox 1171 1219 1225 1278; x_wconf 90' lang='lat' dir='ltr'>per</span> <span class='ocrx_word' id='word_1_161' title='bbox 1248 1205 1329 1262; x_wconf 90' lang='lat' dir='ltr'>illam</span> <span class='ocrx_word' id='word_1_162' title='bbox 1343 1207 1432 1264; x_wconf 90' lang='lat' dir='ltr'>nimis</span> <span class='ocrx_word' id='word_1_163' title='bbox 1447 1212 1560 1267; x_wconf 89' lang='lat' dir='ltr'>arctam</span> <span class='ocrx_word' id='word_1_164' title='bbox 1574 1209 1656 1268; x_wconf 84' lang='lat' dir='ltr'>viam</span> <span class='ocrx_word' id='word_1_165' title='bbox 1670 1209 1708 1267; x_wconf 88' lang='lat' dir='ltr'>ad</span> <span class='ocrx_word' id='word_1_166' title='bbox 1721 1210 1782 1267; x_wconf 85' lang='lat' dir='ltr'>ooeli</span> <span class='ocrx_word' id='word_1_167' title='bbox 1792 1210 1874 1285; x_wconf 84' lang='lat' dir='ltr'>ampla</span> <span class='ocrx_word' id='word_1_168' title='bbox 1884 1211 1936 1268; x_wconf 86' lang='lat' dir='ltr'>iesti-</span> 
     </span>
     <span class='ocr_line' id='line_1_14' title="bbox 287 1289 1992 1375; baseline 0 -17"><span class='ocrx_word' id='word_1_169' title='bbox 287 1300 426 1374; x_wconf 88' lang='lat' dir='ltr'>impietas</span> <span class='ocrx_word' id='word_1_170' title='bbox 459 1299 643 1375; x_wconf 84' lang='lat' dir='ltr'>possidebat,</span> <span class='ocrx_word' id='word_1_171' title='bbox 675 1299 789 1371; x_wconf 80' lang='lat' dir='ltr'>fugavit</span> <span class='ocrx_word' id='word_1_172' title='bbox 823 1299 982 1368; x_wconf 81' lang='lat' dir='ltr'>luxuriam,</span> <span class='ocrx_word' id='word_1_173' title='bbox 1011 1299 1119 1370; x_wconf 78' lang='lat' dir='ltr'>dejecit</span> <span class='ocrx_word' id='word_1_174' title='bbox 1171 1309 1259 1363; x_wconf 89' lang='lat' dir='ltr'>nans,</span> <span class='ocrx_word' id='word_1_175' title='bbox 1279 1312 1342 1369; x_wconf 87' lang='lat' dir='ltr'>qua</span> <span class='ocrx_word' id='word_1_176' title='bbox 1369 1313 1440 1354; x_wconf 91' lang='lat' dir='ltr'>eum</span> <span class='ocrx_word' id='word_1_177' title='bbox 1455 1314 1659 1372; x_wconf 86' lang='lat' dir='ltr'>sequeremur,</span> <span class='ocrx_word' id='word_1_178' title='bbox 1674 1299 1801 1358; x_wconf 87' lang='lat' dir='ltr'>ostendit</span> <span class='ocrx_word' id='word_1_179' title='bbox 1811 1300 1893 1373; x_wconf 84' lang='lat' dir='ltr'>lispiat</span> <span class='ocrx_word' id='word_1_180' title='bbox 1902 1301 1937 1358; x_wconf 88' lang='lat' dir='ltr'>sili</span> <span class='ocrx_word' id='word_1_181' title='bbox 1991 1289 1992 1296; x_wconf 10' lang='grc' dir='ltr'><strong>ἶ</strong></span> 
     </span>
     <span class='ocr_line' id='line_1_15' title="bbox 286 1381 1992 1463; baseline -0.001 -17"><span class='ocrx_word' id='word_1_182' title='bbox 286 1389 374 1459; x_wconf 73' lang='lat' dir='ltr'>mam,</span> <span class='ocrx_word' id='word_1_183' title='bbox 390 1390 510 1446; x_wconf 84' lang='lat' dir='ltr'>extersit</span> <span class='ocrx_word' id='word_1_184' title='bbox 526 1389 683 1460; x_wconf 86' lang='lat' dir='ltr'>invidiam,</span> <span class='ocrx_word' id='word_1_185' title='bbox 700 1393 728 1446; x_wconf 91' lang='lat' dir='ltr'>et</span> <span class='ocrx_word' id='word_1_186' title='bbox 742 1389 871 1446; x_wconf 84' lang='lat' dir='ltr'>velutde</span> <span class='ocrx_word' id='word_1_187' title='bbox 887 1389 1011 1462; x_wconf 89' lang='lat' dir='ltr'>antiqua</span> <span class='ocrx_word' id='word_1_188' title='bbox 1024 1386 1117 1444; x_wconf 93' lang='lat' dir='ltr'>domo</span> <span class='ocrx_word' id='word_1_189' title='bbox 1171 1381 1209 1439; x_wconf 92' lang='lat' dir='ltr'>de</span> <span class='ocrx_word' id='word_1_190' title='bbox 1237 1401 1272 1441; x_wconf 94' lang='lat' dir='ltr'>ec</span> <span class='ocrx_word' id='word_1_191' title='bbox 1305 1383 1380 1442; x_wconf 90' lang='lat' dir='ltr'>alter</span> <span class='ocrx_word' id='word_1_192' title='bbox 1404 1386 1532 1457; x_wconf 88' lang='lat' dir='ltr'>gratiam</span> <span class='ocrx_word' id='word_1_193' title='bbox 1555 1391 1584 1446; x_wconf 93' lang='lat' dir='ltr'>et</span> <span class='ocrx_word' id='word_1_194' title='bbox 1605 1387 1731 1463; x_wconf 91' lang='lat' dir='ltr'>speciem</span> <span class='ocrx_word' id='word_1_195' title='bbox 1743 1389 1936 1462; x_wconf 88' lang='lat' dir='ltr'>compunctionis,</span> <span class='ocrx_word' id='word_1_196' title='bbox 1991 1391 1992 1410; x_wconf 67' lang='lat'>¹</span> 
     </span>
     <span class='ocr_line' id='line_1_16' title="bbox 286 1471 1936 1550; baseline -0.001 -16"><span class='ocrx_word' id='word_1_197' title='bbox 286 1476 425 1534; x_wconf 89' lang='lat' dir='ltr'>barbaris</span> <span class='ocrx_word' id='word_1_198' title='bbox 446 1477 617 1550; x_wconf 86' lang='lat' dir='ltr'>hospitibus</span> <span class='ocrx_word' id='word_1_199' title='bbox 642 1477 835 1550; x_wconf 87' lang='lat' dir='ltr'>perturbatis,</span> <span class='ocrx_word' id='word_1_200' title='bbox 855 1476 1024 1534; x_wconf 88' lang='lat' dir='ltr'>revocando</span> <span class='ocrx_word' id='word_1_201' title='bbox 1047 1475 1117 1532; x_wconf 90' lang='lat' dir='ltr'>illuc</span> <span class='ocrx_word' id='word_1_202' title='bbox 1171 1471 1245 1528; x_wconf 89' lang='lat' dir='ltr'>alter</span> <span class='ocrx_word' id='word_1_203' title='bbox 1254 1473 1443 1546; x_wconf 83' lang='lat' dir='ltr'>pigmentum</span> <span class='ocrx_word' id='word_1_204' title='bbox 1464 1475 1713 1534; x_wconf 88' lang='lat' dir='ltr'>candidissimum</span> <span class='ocrx_word' id='word_1_205' title='bbox 1726 1476 1817 1534; x_wconf 81' lang='lat' dir='ltr'>nitide</span> <span class='ocrx_word' id='word_1_206' title='bbox 1829 1477 1936 1541; x_wconf 75' lang='lat' dir='ltr'>oscen</span> 
     </span>
     <span class='ocr_line' id='line_1_17' title="bbox 286 1559 1992 1637; baseline -0.002 -15"><span class='ocrx_word' id='word_1_207' title='bbox 286 1564 390 1636; x_wconf 85' lang='lat' dir='ltr'>fldem,</span> <span class='ocrx_word' id='word_1_208' title='bbox 402 1565 578 1636; x_wconf 87' lang='lat' dir='ltr'>castitatem,</span> <span class='ocrx_word' id='word_1_209' title='bbox 587 1565 742 1637; x_wconf 87' lang='lat' dir='ltr'>justitiam,</span> <span class='ocrx_word' id='word_1_210' title='bbox 766 1565 1012 1631; x_wconf 89' lang='lat' dir='ltr'>misericordiam,</span> <span class='ocrx_word' id='word_1_211' title='bbox 1030 1564 1116 1622; x_wconf 87' lang='lat' dir='ltr'>habi·</span> <span class='ocrx_word' id='word_1_212' title='bbox 1135 1569 1155 1626; x_wconf 81' lang='lat' dir='ltr'>e</span> <span class='ocrx_word' id='word_1_213' title='bbox 1171 1559 1315 1634; x_wconf 87' lang='lat' dir='ltr'>pallorem</span> <span class='ocrx_word' id='word_1_214' title='bbox 1339 1562 1387 1619; x_wconf 95' lang='lat' dir='ltr'>ille</span> <span class='ocrx_word' id='word_1_215' title='bbox 1414 1563 1610 1635; x_wconf 83' lang='lat' dir='ltr'>abstinentiae,</span> <span class='ocrx_word' id='word_1_216' title='bbox 1627 1565 1762 1623; x_wconf 89' lang='lat' dir='ltr'>ruborem</span> <span class='ocrx_word' id='word_1_217' title='bbox 1783 1565 1937 1624; x_wconf 84' lang='lat' dir='ltr'>istererecm·</span> <span class='ocrx_word' id='word_1_218' title='bbox 1991 1579 1992 1582; x_wconf 45' lang='lat'>¹</span> 
     </span>
     <span class='ocr_line' id='line_1_18' title="bbox 287 1648 1938 1726; baseline -0.001 -16"><span class='ocrx_word' id='word_1_219' title='bbox 287 1656 396 1710; x_wconf 87' lang='lat' dir='ltr'>totores</span> <span class='ocrx_word' id='word_1_220' title='bbox 410 1654 552 1726; x_wconf 90' lang='lat' dir='ltr'>pacificos</span> <span class='ocrx_word' id='word_1_221' title='bbox 566 1653 734 1726; x_wconf 90' lang='lat' dir='ltr'>intromisit,</span> <span class='ocrx_word' id='word_1_222' title='bbox 750 1669 804 1726; x_wconf 87' lang='lat' dir='ltr'>per</span> <span class='ocrx_word' id='word_1_223' title='bbox 818 1670 870 1710; x_wconf 89' lang='lat' dir='ltr'>eos</span> <span class='ocrx_word' id='word_1_224' title='bbox 885 1654 915 1709; x_wconf 94' lang='lat' dir='ltr'>in</span> <span class='ocrx_word' id='word_1_225' title='bbox 930 1653 1116 1710; x_wconf 88' lang='lat' dir='ltr'>domicilium</span> <span class='ocrx_word' id='word_1_226' title='bbox 1170 1648 1238 1705; x_wconf 74' lang='lat' dir='ltr'>dim.</span> <span class='ocrx_word' id='word_1_227' title='bbox 1271 1649 1321 1707; x_wconf 91' lang='lat' dir='ltr'>llle</span> <span class='ocrx_word' id='word_1_228' title='bbox 1352 1651 1507 1709; x_wconf 86' lang='lat' dir='ltr'>ardentem</span> <span class='ocrx_word' id='word_1_229' title='bbox 1539 1653 1570 1710; x_wconf 94' lang='lat' dir='ltr'>in</span> <span class='ocrx_word' id='word_1_230' title='bbox 1600 1653 1653 1712; x_wconf 85' lang='lat' dir='ltr'>Dei</span> <span class='ocrx_word' id='word_1_231' title='bbox 1682 1653 1767 1712; x_wconf 85' lang='lat' dir='ltr'>rebus</span> <span class='ocrx_word' id='word_1_232' title='bbox 1792 1653 1869 1710; x_wconf 89' lang='lat' dir='ltr'>fidem</span> <span class='ocrx_word' id='word_1_233' title='bbox 1886 1652 1938 1708; x_wconf 76' lang='lat' dir='ltr'>rent</span> 
     </span>
     <span class='ocr_line' id='line_1_19' title="bbox 286 1739 1937 1818; baseline -0.001 -20"><span class='ocrx_word' id='word_1_234' title='bbox 286 1743 396 1800; x_wconf 91' lang='lat' dir='ltr'>mentis</span> <span class='ocrx_word' id='word_1_235' title='bbox 410 1743 620 1816; x_wconf 90' lang='lat' dir='ltr'>caputborum</span> <span class='ocrx_word' id='word_1_236' title='bbox 634 1743 787 1800; x_wconf 88' lang='lat' dir='ltr'>bonorum</span> <span class='ocrx_word' id='word_1_237' title='bbox 802 1743 935 1802; x_wconf 87' lang='lat' dir='ltr'>Christus</span> <span class='ocrx_word' id='word_1_238' title='bbox 949 1744 1117 1813; x_wconf 87' lang='lat' dir='ltr'>intraret,et</span> <span class='ocrx_word' id='word_1_239' title='bbox 1170 1739 1284 1796; x_wconf 86' lang='lat' dir='ltr'>aerium</span> <span class='ocrx_word' id='word_1_240' title='bbox 1309 1740 1503 1814; x_wconf 89' lang='lat' dir='ltr'>splendorem</span> <span class='ocrx_word' id='word_1_241' title='bbox 1529 1741 1707 1813; x_wconf 89' lang='lat' dir='ltr'>radiantem,</span> <span class='ocrx_word' id='word_1_242' title='bbox 1723 1748 1804 1818; x_wconf 80' lang='lat' dir='ltr'>atque</span> <span class='ocrx_word' id='word_1_243' title='bbox 1820 1744 1866 1800; x_wconf 88' lang='lat' dir='ltr'>boc</span> <span class='ocrx_word' id='word_1_244' title='bbox 1877 1741 1937 1798; x_wconf 91' lang='lat' dir='ltr'>nodo</span> 
     </span>
     <span class='ocr_line' id='line_1_20' title="bbox 287 1827 1937 1908; baseline 0.004 -19"><span class='ocrx_word' id='word_1_245' title='bbox 287 1831 432 1904; x_wconf 86' lang='lat' dir='ltr'>appositis</span> <span class='ocrx_word' id='word_1_246' title='bbox 455 1832 636 1905; x_wconf 87' lang='lat' dir='ltr'>poenitentice</span> <span class='ocrx_word' id='word_1_247' title='bbox 669 1833 907 1906; x_wconf 89' lang='lat' dir='ltr'>medicamentis,</span> <span class='ocrx_word' id='word_1_248' title='bbox 933 1833 1013 1891; x_wconf 87' lang='lat' dir='ltr'>velut</span> <span class='ocrx_word' id='word_1_249' title='bbox 1039 1850 1115 1908; x_wconf 86' lang='lat' dir='ltr'>qua-</span> <span class='ocrx_word' id='word_1_250' title='bbox 1170 1827 1334 1902; x_wconf 64' lang='lat' dir='ltr'>spiritualia</span> <span class='ocrx_word' id='word_1_251' title='bbox 1345 1830 1492 1889; x_wconf 74' lang='lat' dir='ltr'>interioris</span> <span class='ocrx_word' id='word_1_252' title='bbox 1506 1833 1639 1891; x_wconf 70' lang='lat' dir='ltr'>hominis</span> <span class='ocrx_word' id='word_1_253' title='bbox 1649 1831 1780 1891; x_wconf 65' lang='lat' dir='ltr'>membr&amp;</span> <span class='ocrx_word' id='word_1_254' title='bbox 1789 1847 1937 1906; x_wconf 68' lang='lat' dir='ltr'>wffllltsstlt</span> 
     </span>
     <span class='ocr_line' id='line_1_21' title="bbox 287 1917 1938 1996; baseline -0.001 -20"><span class='ocrx_word' id='word_1_255' title='bbox 287 1918 461 1976; x_wconf 85' lang='lat' dir='ltr'>triduanum</span> <span class='ocrx_word' id='word_1_256' title='bbox 485 1920 634 1991; x_wconf 84' lang='lat' dir='ltr'>fetentem,</span> <span class='ocrx_word' id='word_1_257' title='bbox 659 1921 899 1996; x_wconf 91' lang='lat' dir='ltr'>increpationum</span> <span class='ocrx_word' id='word_1_258' title='bbox 920 1922 1039 1980; x_wconf 86' lang='lat' dir='ltr'>fremitu</span> <span class='ocrx_word' id='word_1_259' title='bbox 1053 1939 1116 1979; x_wconf 91' lang='lat' dir='ltr'>sus·</span> <span class='ocrx_word' id='word_1_260' title='bbox 1169 1917 1200 1974; x_wconf 91' lang='lat' dir='ltr'>in</span> <span class='ocrx_word' id='word_1_261' title='bbox 1215 1933 1324 1992; x_wconf 88' lang='lat' dir='ltr'>eorpus</span> <span class='ocrx_word' id='word_1_262' title='bbox 1352 1919 1449 1994; x_wconf 87' lang='lat' dir='ltr'>plebis</span> <span class='ocrx_word' id='word_1_263' title='bbox 1473 1938 1535 1979; x_wconf 77' lang='lat' dir='ltr'>sum</span> <span class='ocrx_word' id='word_1_264' title='bbox 1558 1925 1690 1981; x_wconf 88' lang='lat' dir='ltr'>transeat</span> <span class='ocrx_word' id='word_1_265' title='bbox 1707 1923 1746 1981; x_wconf 91' lang='lat' dir='ltr'>ad</span> <span class='ocrx_word' id='word_1_266' title='bbox 1766 1919 1938 1980; x_wconf 80' lang='lat' dir='ltr'>coelumltsd</span> 
     </span>
     <span class='ocr_line' id='line_1_22' title="bbox 286 2007 1938 2085; baseline 0.001 -21"><span class='ocrx_word' id='word_1_267' title='bbox 286 2007 406 2076; x_wconf 88' lang='lat' dir='ltr'>citabat,</span> <span class='ocrx_word' id='word_1_268' title='bbox 419 2013 448 2067; x_wconf 91' lang='lat' dir='ltr'>et</span> <span class='ocrx_word' id='word_1_269' title='bbox 462 2009 671 2068; x_wconf 88' lang='lat' dir='ltr'>emendatione</span> <span class='ocrx_word' id='word_1_270' title='bbox 695 2015 844 2085; x_wconf 88' lang='lat' dir='ltr'>suscepta,</span> <span class='ocrx_word' id='word_1_271' title='bbox 861 2011 899 2068; x_wconf 90' lang='lat' dir='ltr'>do</span> <span class='ocrx_word' id='word_1_272' title='bbox 916 2011 1023 2068; x_wconf 91' lang='lat' dir='ltr'>mediis</span> <span class='ocrx_word' id='word_1_273' title='bbox 1037 2029 1116 2070; x_wconf 71' lang='lat' dir='ltr'>mor</span> <span class='ocrx_word' id='word_1_274' title='bbox 1170 2022 1263 2064; x_wconf 87' lang='lat' dir='ltr'>unam</span> <span class='ocrx_word' id='word_1_275' title='bbox 1277 2007 1354 2066; x_wconf 87' lang='lat' dir='ltr'>illius</span> <span class='ocrx_word' id='word_1_276' title='bbox 1378 2009 1486 2068; x_wconf 87' lang='lat' dir='ltr'>faciem</span> <span class='ocrx_word' id='word_1_277' title='bbox 1510 2025 1635 2070; x_wconf 90' lang='lat' dir='ltr'>omnem</span> <span class='ocrx_word' id='word_1_278' title='bbox 1659 2027 1825 2072; x_wconf 86' lang='lat' dir='ltr'>exornemus</span> <span class='ocrx_word' id='word_1_279' title='bbox 1843 2009 1938 2076; x_wconf 89' lang='lat' dir='ltr'>domun,</span> 
     </span>
     <span class='ocr_line' id='line_1_23' title="bbox 285 2095 1938 2174; baseline 0.003 -20"><span class='ocrx_word' id='word_1_280' title='bbox 285 2095 322 2154; x_wconf 90' lang='lat' dir='ltr'>tis</span> <span class='ocrx_word' id='word_1_281' title='bbox 348 2095 486 2156; x_wconf 87' lang='lat' dir='ltr'>faucibus</span> <span class='ocrx_word' id='word_1_282' title='bbox 501 2102 610 2169; x_wconf 90' lang='lat' dir='ltr'>erutos,</span> <span class='ocrx_word' id='word_1_283' title='bbox 633 2099 800 2174; x_wconf 86' lang='lat' dir='ltr'>temporiva</span> <span class='ocrx_word' id='word_1_284' title='bbox 818 2101 1033 2159; x_wconf 88' lang='lat' dir='ltr'>resurrectione</span> <span class='ocrx_word' id='word_1_285' title='bbox 1047 2101 1114 2159; x_wconf 78' lang='lat' dir='ltr'>vita</span> <span class='ocrx_word' id='word_1_286' title='bbox 1168 2095 1199 2154; x_wconf 84' lang='lat' dir='ltr'>id</span> <span class='ocrx_word' id='word_1_287' title='bbox 1225 2101 1280 2168; x_wconf 81' lang='lat' dir='ltr'>est,</span> <span class='ocrx_word' id='word_1_288' title='bbox 1302 2098 1476 2156; x_wconf 81' lang='lat' dir='ltr'>universam</span> <span class='ocrx_word' id='word_1_289' title='bbox 1503 2099 1668 2173; x_wconf 85' lang='lat' dir='ltr'>pingemus</span> <span class='ocrx_word' id='word_1_290' title='bbox 1694 2099 1840 2158; x_wconf 84' lang='lat' dir='ltr'>Ecclesiam</span> <span class='ocrx_word' id='word_1_291' title='bbox 1855 2097 1899 2154; x_wconf 85' lang='lat' dir='ltr'>oei.</span> <span class='ocrx_word' id='word_1_292' title='bbox 1918 2098 1938 2151; x_wconf 76' lang='lat' dir='ltr'>El</span> 
     </span>
     <span class='ocr_line' id='line_1_24' title="bbox 286 2184 1938 2263; baseline -0.002 -19"><span class='ocrx_word' id='word_1_293' title='bbox 286 2187 482 2245; x_wconf 80' lang='lat' dir='ltr'>restituebat?</span> <span class='ocrx_word' id='word_1_294' title='bbox 1167 2185 1274 2244; x_wconf 81' lang='lat' dir='ltr'>videns</span> <span class='ocrx_word' id='word_1_295' title='bbox 1301 2203 1367 2256; x_wconf 91' lang='lat' dir='ltr'>nos,</span> <span class='ocrx_word' id='word_1_296' title='bbox 1383 2187 1432 2246; x_wconf 89' lang='lat' dir='ltr'>vel</span> <span class='ocrx_word' id='word_1_297' title='bbox 1446 2188 1484 2247; x_wconf 92' lang='lat' dir='ltr'>de</span> <span class='ocrx_word' id='word_1_298' title='bbox 1500 2190 1603 2246; x_wconf 84' lang='lat' dir='ltr'>aeterni</span> <span class='ocrx_word' id='word_1_299' title='bbox 1617 2194 1740 2248; x_wconf 75' lang='lat' dir='ltr'>usmaro</span> <span class='ocrx_word' id='word_1_300' title='bbox 1760 2187 1858 2263; x_wconf 88' lang='lat' dir='ltr'>judieii,</span> <span class='ocrx_word' id='word_1_301' title='bbox 1869 2184 1938 2243; x_wconf 79' lang='lat' dir='ltr'>selis</span> 
     </span>
     <span class='ocr_line' id='line_1_25' title="bbox 321 2271 1938 2353; baseline -0.001 -21"><span class='ocrx_word' id='word_1_302' title='bbox 321 2275 389 2333; x_wconf 77' lang='lat' dir='ltr'>llaec</span> <span class='ocrx_word' id='word_1_303' title='bbox 414 2275 515 2350; x_wconf 86' lang='lat' dir='ltr'>itaque</span> <span class='ocrx_word' id='word_1_304' title='bbox 538 2281 628 2351; x_wconf 87' lang='lat' dir='ltr'>atque</span> <span class='ocrx_word' id='word_1_305' title='bbox 653 2277 830 2350; x_wconf 84' lang='lat' dir='ltr'>hujusmodi</span> <span class='ocrx_word' id='word_1_306' title='bbox 849 2279 981 2353; x_wconf 91' lang='lat' dir='ltr'>plurima</span> <span class='ocrx_word' id='word_1_307' title='bbox 995 2295 1112 2352; x_wconf 87' lang='lat' dir='ltr'>gerens,</span> <span class='ocrx_word' id='word_1_308' title='bbox 1169 2278 1235 2334; x_wconf 87' lang='lat' dir='ltr'>ture</span> <span class='ocrx_word' id='word_1_309' title='bbox 1249 2275 1432 2336; x_wconf 89' lang='lat' dir='ltr'>beatitudine</span> <span class='ocrx_word' id='word_1_310' title='bbox 1447 2280 1625 2352; x_wconf 85' lang='lat' dir='ltr'>cogitantes,</span> <span class='ocrx_word' id='word_1_311' title='bbox 1639 2279 1690 2338; x_wconf 84' lang='lat' dir='ltr'>illa</span> <span class='ocrx_word' id='word_1_312' title='bbox 1707 2271 1938 2352; x_wconf 80' lang='lat' dir='ltr'>evangelicatlirist&#39;</span> 
     </span>
     <span class='ocr_line' id='line_1_26' title="bbox 285 2364 1938 2442; baseline -0.001 -21"><span class='ocrx_word' id='word_1_313' title='bbox 285 2380 353 2438; x_wconf 82' lang='lat' dir='ltr'>quse</span> <span class='ocrx_word' id='word_1_314' title='bbox 368 2364 458 2423; x_wconf 90' lang='lat' dir='ltr'>etiam</span> <span class='ocrx_word' id='word_1_315' title='bbox 471 2365 531 2440; x_wconf 90' lang='lat' dir='ltr'>ipsi</span> <span class='ocrx_word' id='word_1_316' title='bbox 541 2365 661 2440; x_wconf 86' lang='lat' dir='ltr'>plenius</span> <span class='ocrx_word' id='word_1_317' title='bbox 676 2367 864 2437; x_wconf 85' lang='lat' dir='ltr'>meministis,</span> <span class='ocrx_word' id='word_1_318' title='bbox 880 2384 948 2442; x_wconf 82' lang='lat' dir='ltr'>quse</span> <span class='ocrx_word' id='word_1_319' title='bbox 967 2369 1114 2442; x_wconf 85' lang='lat' dir='ltr'>quoniam</span> <span class='ocrx_word' id='word_1_320' title='bbox 1167 2381 1227 2422; x_wconf 84' lang='lat' dir='ltr'>vox</span> <span class='ocrx_word' id='word_1_321' title='bbox 1252 2381 1309 2424; x_wconf 91' lang='lat' dir='ltr'>nos</span> <span class='ocrx_word' id='word_1_322' title='bbox 1328 2367 1423 2441; x_wconf 91' lang='lat' dir='ltr'>possit</span> <span class='ocrx_word' id='word_1_323' title='bbox 1446 2383 1614 2439; x_wconf 86' lang='lat' dir='ltr'>assumere,</span> <span class='ocrx_word' id='word_1_324' title='bbox 1629 2371 1722 2440; x_wconf 87' lang='lat' dir='ltr'>Pater,</span> <span class='ocrx_word' id='word_1_325' title='bbox 1736 2383 1804 2442; x_wconf 86' lang='lat' dir='ltr'>rogo</span> <span class='ocrx_word' id='word_1_326' title='bbox 1821 2364 1938 2434; x_wconf 81' lang='lat' dir='ltr'>utubiego</span> 
     </span>
     <span class='ocr_line' id='line_1_27' title="bbox 284 2445 1938 2533; baseline 0.001 -24"><span class='ocrx_word' id='word_1_327' title='bbox 284 2451 417 2526; x_wconf 81' lang='lat' dir='ltr'>prolerre</span> <span class='ocrx_word' id='word_1_328' title='bbox 445 2469 499 2526; x_wconf 87' lang='lat' dir='ltr'>per</span> <span class='ocrx_word' id='word_1_329' title='bbox 525 2469 582 2510; x_wconf 93' lang='lat' dir='ltr'>nos</span> <span class='ocrx_word' id='word_1_330' title='bbox 596 2458 686 2529; x_wconf 86' lang='lat' dir='ltr'>atqua</span> <span class='ocrx_word' id='word_1_331' title='bbox 706 2455 857 2529; x_wconf 84' lang='lat' dir='ltr'>expedire,</span> <span class='ocrx_word' id='word_1_332' title='bbox 871 2461 904 2514; x_wconf 92' lang='lat' dir='ltr'>ut</span> <span class='ocrx_word' id='word_1_333' title='bbox 916 2456 1042 2528; x_wconf 91' lang='lat' dir='ltr'>dignum</span> <span class='ocrx_word' id='word_1_334' title='bbox 1056 2462 1112 2528; x_wconf 91' lang='lat' dir='ltr'>est,</span> <span class='ocrx_word' id='word_1_335' title='bbox 1167 2445 1247 2526; x_wconf 73' lang='lat' dir='ltr'>sum,</span> <span class='ocrx_word' id='word_1_336' title='bbox 1258 2460 1287 2513; x_wconf 89' lang='lat' dir='ltr'>et</span> <span class='ocrx_word' id='word_1_337' title='bbox 1300 2455 1341 2512; x_wconf 93' lang='lat' dir='ltr'>illi</span> <span class='ocrx_word' id='word_1_338' title='bbox 1355 2455 1413 2514; x_wconf 92' lang='lat' dir='ltr'>sint</span> <span class='ocrx_word' id='word_1_339' title='bbox 1427 2473 1559 2531; x_wconf 88' lang='lat' dir='ltr'>meeum,</span> <span class='ocrx_word' id='word_1_340' title='bbox 1571 2462 1603 2516; x_wconf 91' lang='lat' dir='ltr'>et</span> <span class='ocrx_word' id='word_1_341' title='bbox 1617 2474 1673 2517; x_wconf 93' lang='lat' dir='ltr'>nos</span> <span class='ocrx_word' id='word_1_342' title='bbox 1686 2457 1854 2533; x_wconf 84' lang='lat' dir='ltr'>quaudoque</span> <span class='ocrx_word' id='word_1_343' title='bbox 1865 2470 1892 2511; x_wconf 81' lang='lat' dir='ltr'>ex</span> <span class='ocrx_word' id='word_1_344' title='bbox 1901 2453 1938 2508; x_wconf 82' lang='lat' dir='ltr'>hot</span> 
     </span>
    </p>
   </div>
   <div class='ocr_carea' id='block_1_5' title="bbox 284 2539 1938 2707">
    <p class='ocr_par' dir='ltr' id='par_1_5' title="bbox 284 2539 1938 2707">
     <span class='ocr_line' id='line_1_28' title="bbox 285 2539 1938 2620; baseline 0.003 -23"><span class='ocrx_word' id='word_1_345' title='bbox 285 2556 347 2598; x_wconf 91' lang='lat' dir='ltr'>non</span> <span class='ocrx_word' id='word_1_346' title='bbox 368 2545 467 2614; x_wconf 88' lang='lat' dir='ltr'>potest</span> <span class='ocrx_word' id='word_1_347' title='bbox 485 2558 583 2599; x_wconf 89' lang='lat' dir='ltr'>sermo</span> <span class='ocrx_word' id='word_1_348' title='bbox 605 2544 817 2617; x_wconf 88' lang='lat' dir='ltr'>pauperculus,</span> <span class='ocrx_word' id='word_1_349' title='bbox 842 2545 950 2602; x_wconf 92' lang='lat' dir='ltr'>melius</span> <span class='ocrx_word' id='word_1_350' title='bbox 973 2546 1059 2604; x_wconf 87' lang='lat' dir='ltr'>vobis</span> <span class='ocrx_word' id='word_1_351' title='bbox 1077 2563 1114 2605; x_wconf 92' lang='lat' dir='ltr'>ea</span> <span class='ocrx_word' id='word_1_352' title='bbox 1168 2543 1277 2602; x_wconf 74' lang='lat' dir='ltr'>seculo</span> <span class='ocrx_word' id='word_1_353' title='bbox 1287 2544 1478 2618; x_wconf 87' lang='lat' dir='ltr'>migraturos,</span> <span class='ocrx_word' id='word_1_354' title='bbox 1494 2549 1643 2620; x_wconf 86' lang='lat' dir='ltr'>patronus</span> <span class='ocrx_word' id='word_1_355' title='bbox 1657 2551 1755 2605; x_wconf 88' lang='lat' dir='ltr'>noster</span> <span class='ocrx_word' id='word_1_356' title='bbox 1767 2539 1938 2605; x_wconf 78' lang='lat' dir='ltr'>Odoinscdsm</span> 
     </span>
     <span class='ocr_line' id='line_1_29' title="bbox 284 2624 1938 2707; baseline 0.007 -25"><span class='ocrx_word' id='word_1_357' title='bbox 284 2627 381 2682; x_wconf 86' lang='lat' dir='ltr'>vester</span> <span class='ocrx_word' id='word_1_358' title='bbox 392 2624 482 2682; x_wconf 87' lang='lat' dir='ltr'>dictet</span> <span class='ocrx_word' id='word_1_359' title='bbox 496 2624 630 2683; x_wconf 84' lang='lat' dir='ltr'>affectus.</span> <span class='ocrx_word' id='word_1_360' title='bbox 648 2627 780 2684; x_wconf 82' lang='lat' dir='ltr'>Summe</span> <span class='ocrx_word' id='word_1_361' title='bbox 798 2627 958 2686; x_wconf 87' lang='lat' dir='ltr'>alacritatis</span> <span class='ocrx_word' id='word_1_362' title='bbox 972 2629 1114 2689; x_wconf 89' lang='lat' dir='ltr'>instantia</span> <span class='ocrx_word' id='word_1_363' title='bbox 1167 2649 1255 2690; x_wconf 89' lang='lat' dir='ltr'>suam</span> <span class='ocrx_word' id='word_1_364' title='bbox 1273 2637 1303 2691; x_wconf 89' lang='lat' dir='ltr'>st</span> <span class='ocrx_word' id='word_1_365' title='bbox 1327 2634 1427 2692; x_wconf 90' lang='lat' dir='ltr'>sinum</span> <span class='ocrx_word' id='word_1_366' title='bbox 1456 2651 1545 2692; x_wconf 91' lang='lat' dir='ltr'>suum</span> <span class='ocrx_word' id='word_1_367' title='bbox 1559 2636 1644 2695; x_wconf 84' lang='lat' dir='ltr'>velut</span> <span class='ocrx_word' id='word_1_368' title='bbox 1662 2636 1806 2695; x_wconf 76' lang='lat' dir='ltr'>Abraham</span> <span class='ocrx_word' id='word_1_369' title='bbox 1818 2631 1938 2707; x_wconf 72' lang='lat' dir='ltr'>pecuum</span> 
     </span>
    </p>
   </div>
   <div class='ocr_carea' id='block_1_6' title="bbox 283 2711 1939 3060">
    <p class='ocr_par' dir='ltr' id='par_1_6' title="bbox 284 2711 1939 2979">
     <span class='ocr_line' id='line_1_30' title="bbox 285 2711 1938 2796; baseline 0.005 -27"><span class='ocrx_word' id='word_1_370' title='bbox 285 2711 341 2770; x_wconf 87' lang='lat' dir='ltr'>tuit</span> <span class='ocrx_word' id='word_1_371' title='bbox 362 2712 459 2770; x_wconf 91' lang='lat' dir='ltr'>cultor</span> <span class='ocrx_word' id='word_1_372' title='bbox 475 2718 504 2771; x_wconf 92' lang='lat' dir='ltr'>et</span> <span class='ocrx_word' id='word_1_373' title='bbox 524 2718 628 2772; x_wconf 89' lang='lat' dir='ltr'>eustos</span> <span class='ocrx_word' id='word_1_374' title='bbox 652 2715 834 2786; x_wconf 89' lang='lat' dir='ltr'>animarum,</span> <span class='ocrx_word' id='word_1_375' title='bbox 846 2717 1022 2793; x_wconf 86' lang='lat' dir='ltr'>cupiditates</span> <span class='ocrx_word' id='word_1_376' title='bbox 1035 2736 1116 2794; x_wconf 81' lang='lat' dir='ltr'>rese·¹</span> <span class='ocrx_word' id='word_1_377' title='bbox 1166 2721 1303 2796; x_wconf 87' lang='lat' dir='ltr'>accipiat,</span> <span class='ocrx_word' id='word_1_378' title='bbox 1325 2726 1353 2780; x_wconf 89' lang='lat' dir='ltr'>et</span> <span class='ocrx_word' id='word_1_379' title='bbox 1366 2723 1398 2780; x_wconf 93' lang='lat' dir='ltr'>in</span> <span class='ocrx_word' id='word_1_380' title='bbox 1411 2722 1463 2782; x_wconf 93' lang='lat' dir='ltr'>ille</span> <span class='ocrx_word' id='word_1_381' title='bbox 1477 2723 1526 2782; x_wconf 91' lang='lat' dir='ltr'>die</span> <span class='ocrx_word' id='word_1_382' title='bbox 1539 2724 1707 2784; x_wconf 90' lang='lat' dir='ltr'>incolumes</span> <span class='ocrx_word' id='word_1_383' title='bbox 1719 2739 1786 2782; x_wconf 88' lang='lat' dir='ltr'>oves</span> <span class='ocrx_word' id='word_1_384' title='bbox 1798 2737 1865 2790; x_wconf 89' lang='lat' dir='ltr'>sues,</span> <span class='ocrx_word' id='word_1_385' title='bbox 1882 2717 1938 2776; x_wconf 84' lang='lat' dir='ltr'>lats</span> 
     </span>
     <span class='ocr_line' id='line_1_31' title="bbox 285 2801 1939 2889; baseline 0.005 -29"><span class='ocrx_word' id='word_1_386' title='bbox 285 2817 368 2873; x_wconf 87' lang='lat' dir='ltr'>cans,</span> <span class='ocrx_word' id='word_1_387' title='bbox 383 2801 460 2860; x_wconf 91' lang='lat' dir='ltr'>iram</span> <span class='ocrx_word' id='word_1_388' title='bbox 485 2802 700 2877; x_wconf 84' lang='lat' dir='ltr'>comprimens,</span> <span class='ocrx_word' id='word_1_389' title='bbox 715 2805 860 2864; x_wconf 89' lang='lat' dir='ltr'>malitiam</span> <span class='ocrx_word' id='word_1_390' title='bbox 879 2808 1041 2882; x_wconf 86' lang='lat' dir='ltr'>extirpans.</span> <span class='ocrx_word' id='word_1_391' title='bbox 1059 2809 1112 2866; x_wconf 83' lang='lat' dir='ltr'>llis</span> <span class='ocrx_word' id='word_1_392' title='bbox 1165 2816 1268 2886; x_wconf 87' lang='lat' dir='ltr'>pastor</span> <span class='ocrx_word' id='word_1_393' title='bbox 1281 2816 1435 2883; x_wconf 87' lang='lat' dir='ltr'>agnoscat.</span> <span class='ocrx_word' id='word_1_394' title='bbox 1450 2816 1520 2887; x_wconf 83' lang='lat' dir='ltr'>ipso</span> <span class='ocrx_word' id='word_1_395' title='bbox 1534 2813 1700 2887; x_wconf 73' lang='lat' dir='ltr'>adiuvante</span> <span class='ocrx_word' id='word_1_396' title='bbox 1709 2809 1939 2889; x_wconf 75' lang='lat' dir='ltr'>quiriritetrcgmt</span> 
     </span>
     <span class='ocr_line' id='line_1_32' title="bbox 284 2890 1640 2979; baseline 0.01 -30"><span class='ocrx_word' id='word_1_397' title='bbox 284 2890 382 2964; x_wconf 91' lang='lat' dir='ltr'>magis</span> <span class='ocrx_word' id='word_1_398' title='bbox 408 2891 599 2950; x_wconf 90' lang='lat' dir='ltr'>beatissimus</span> <span class='ocrx_word' id='word_1_399' title='bbox 629 2893 692 2952; x_wconf 94' lang='lat' dir='ltr'>0do</span> <span class='ocrx_word' id='word_1_400' title='bbox 715 2895 902 2969; x_wconf 87' lang='lat' dir='ltr'>temporibus</span> <span class='ocrx_word' id='word_1_401' title='bbox 923 2899 1111 2956; x_wconf 88' lang='lat' dir='ltr'>necessarius</span> <span class='ocrx_word' id='word_1_402' title='bbox 1129 2899 1196 2979; x_wconf 69' lang='lat' dir='ltr'>cin</span> <span class='ocrx_word' id='word_1_403' title='bbox 1209 2900 1320 2959; x_wconf 72' lang='lat' dir='ltr'>seacula</span> <span class='ocrx_word' id='word_1_404' title='bbox 1332 2901 1640 2963; x_wconf 80' lang='lat' dir='ltr'>seculorumsman.</span> 
     </span>
    </p>

    <p class='ocr_par' dir='ltr' id='par_1_7' title="bbox 283 2979 1111 3060">
     <span class='ocr_line' id='line_1_33' title="bbox 283 2979 1111 3060; baseline 0.011 -23"><span class='ocrx_word' id='word_1_405' title='bbox 283 2979 348 3053; x_wconf 77' lang='lat' dir='ltr'>brit,</span> <span class='ocrx_word' id='word_1_406' title='bbox 363 2979 475 3056; x_wconf 79' lang='lat' dir='ltr'>qrubus</span> <span class='ocrx_word' id='word_1_407' title='bbox 491 2984 574 3040; x_wconf 87' lang='lat' dir='ltr'>tanta</span> <span class='ocrx_word' id='word_1_408' title='bbox 588 2981 739 3058; x_wconf 87' lang='lat' dir='ltr'>iniquitas,</span> <span class='ocrx_word' id='word_1_409' title='bbox 764 2984 892 3060; x_wconf 89' lang='lat' dir='ltr'>sumptis</span> <span class='ocrx_word' id='word_1_410' title='bbox 901 2985 1046 3060; x_wconf 84' lang='lat' dir='ltr'>quotidie,</span> <span class='ocrx_word' id='word_1_411' title='bbox 1059 2988 1111 3046; x_wconf 91' lang='lat' dir='ltr'>de·</span> 
     </span>
    </p>
   </div>
   <div class='ocr_carea' id='block_1_7' title="bbox 1082 3349 1192 3490">
    <p class='ocr_par' dir='ltr' id='par_1_8' title="bbox 1082 3349 1192 3490">
     <span class='ocr_line' id='line_1_34' title="bbox 1082 3349 1192 3490; baseline 0.018 -2"><span class='ocrx_word' id='word_1_412' title='bbox 1082 3349 1192 3490; x_wconf 91' lang='lat'>111</span> 
     </span>
    </p>
   </div>
   <div class='ocr_carea' id='block_1_8' title="bbox 432 3610 1829 3746">
    <p class='ocr_par' dir='ltr' id='par_1_9' title="bbox 432 3610 1829 3746">
     <span class='ocr_line' id='line_1_35' title="bbox 432 3610 1829 3746; baseline 0.011 -16"><span class='ocrx_word' id='word_1_413' title='bbox 432 3610 779 3736; x_wconf 87' lang='lat' dir='ltr'>LUDOV&#39;lCl</span> <span class='ocrx_word' id='word_1_414' title='bbox 831 3617 911 3737; x_wconf 93' lang='lat' dir='ltr'>IV</span> <span class='ocrx_word' id='word_1_415' title='bbox 958 3620 1024 3742; x_wconf 87' lang='lat' dir='ltr'>R.</span> <span class='ocrx_word' id='word_1_416' title='bbox 1066 3621 1124 3741; x_wconf 90' lang='lat' dir='ltr'>F.</span> <span class='ocrx_word' id='word_1_417' title='bbox 1176 3621 1266 3746; x_wconf 84' lang='lat' dir='ltr'>ET</span> <span class='ocrx_word' id='word_1_418' title='bbox 1314 3621 1644 3746; x_wconf 86' lang='lat' dir='ltr'>CONRADI</span> <span class='ocrx_word' id='word_1_419' title='bbox 1692 3625 1829 3746; x_wconf 88' lang='lat' dir='ltr'>lMP.</span> 
     </span>
    </p>
   </div>
   <div class='ocr_carea' id='block_1_9' title="bbox 958 3830 1317 3898">
    <p class='ocr_par' dir='ltr' id='par_1_10' title="bbox 958 3830 1317 3898">
     <span class='ocr_line' id='line_1_36' title="bbox 958 3830 1317 3898; baseline 0.011 -4"><span class='ocrx_word' id='word_1_420' title='bbox 958 3830 1195 3896; x_wconf 76' lang='lat' dir='ltr'>PRAEGFlP&#39;l&#39;A</span> <span class='ocrx_word' id='word_1_421' title='bbox 1229 3833 1317 3898; x_wconf 88' lang='lat' dir='ltr'>DUO</span> 
     </span>
    </p>
   </div>
   <div class='ocr_carea' id='block_1_10' title="bbox 344 3992 1895 4164">
    <p class='ocr_par' dir='ltr' id='par_1_11' title="bbox 344 3992 1895 4164">
     <span class='ocr_line' id='line_1_37' title="bbox 344 3992 1895 4098; baseline 0.012 -40"><span class='ocrx_word' id='word_1_422' title='bbox 344 3993 394 4059; x_wconf 78' lang='lat' dir='ltr'>lle</span> <span class='ocrx_word' id='word_1_423' title='bbox 412 3992 614 4083; x_wconf 82' lang='lat' dir='ltr'>quibusdam</span> <span class='ocrx_word' id='word_1_424' title='bbox 632 3995 775 4067; x_wconf 83' lang='lat' dir='ltr'>ecclesiis</span> <span class='ocrx_word' id='word_1_425' title='bbox 793 4007 826 4066; x_wconf 86' lang='lat' dir='ltr'>et</span> <span class='ocrx_word' id='word_1_426' title='bbox 839 3997 918 4068; x_wconf 71' lang='lat' dir='ltr'>loce</span> <span class='ocrx_word' id='word_1_427' title='bbox 933 3999 1158 4072; x_wconf 75' lang='lat' dir='ltr'>cluniacensi</span> <span class='ocrx_word' id='word_1_428' title='bbox 1168 4001 1314 4072; x_wconf 72' lang='lat' dir='ltr'>coenobio</span> <span class='ocrx_word' id='word_1_429' title='bbox 1329 4003 1490 4075; x_wconf 77' lang='lat' dir='ltr'>concessis</span> <span class='ocrx_word' id='word_1_430' title='bbox 1505 4017 1652 4098; x_wconf 77' lang='lat' dir='ltr'>ternpore</span> <span class='ocrx_word' id='word_1_431' title='bbox 1664 4007 1773 4080; x_wconf 77' lang='lat' dir='ltr'>sancti</span> <span class='ocrx_word' id='word_1_432' title='bbox 1792 4003 1895 4076; x_wconf 75' lang='lat' dir='ltr'>Oderit</span> 
     </span>
     <span class='ocr_line' id='line_1_38' title="bbox 901 4089 1363 4164; baseline 0.013 -6"><span class='ocrx_word' id='word_1_433' title='bbox 901 4091 1133 4160; x_wconf 75' lang='lat' dir='ltr'>ciuntacense</span> <span class='ocrx_word' id='word_1_434' title='bbox 1163 4089 1298 4162; x_wconf 76' lang='lat' dir='ltr'>acbatis</span> <span class='ocrx_word' id='word_1_435' title='bbox 1317 4095 1363 4164; x_wconf 92' lang='lat' dir='ltr'>II.</span> 
     </span>
    </p>
   </div>
   <div class='ocr_carea' id='block_1_11' title="bbox 841 4246 1423 4328">
    <p class='ocr_par' dir='ltr' id='par_1_12' title="bbox 841 4246 1423 4328">
     <span class='ocr_line' id='line_1_39' title="bbox 841 4246 1423 4328; baseline 0.015 -27"><span class='ocrx_word' id='word_1_436' title='bbox 841 4246 1030 4316; x_wconf 79' lang='lat' dir='ltr'>(Bibliotheca</span> <span class='ocrx_word' id='word_1_437' title='bbox 1045 4248 1253 4322; x_wconf 80' lang='lat' dir='ltr'>Cluniacensis,</span> <span class='ocrx_word' id='word_1_438' title='bbox 1265 4269 1333 4326; x_wconf 88' lang='lat' dir='ltr'>pag.</span> <span class='ocrx_word' id='word_1_439' title='bbox 1349 4253 1423 4328; x_wconf 77' lang='lat'>265).</span> 
     </span>
    </p>
   </div>
   <div class='ocr_carea' id='block_1_12' title="bbox 679 4541 1938 4645">
    <p class='ocr_par' dir='ltr' id='par_1_13' title="bbox 679 4541 1938 4645">
     <span class='ocr_line' id='line_1_40' title="bbox 679 4541 1938 4645; baseline 0 -25"><span class='ocrx_word' id='word_1_440' title='bbox 679 4541 700 4596; x_wconf 79' lang='lat'>¹·</span> <span class='ocrx_word' id='word_1_441' title='bbox 1119 4543 1142 4604; x_wconf 74' lang='lat'>⁰</span> <span class='ocrx_word' id='word_1_442' title='bbox 1161 4565 1219 4624; x_wconf 87' lang='lat' dir='ltr'>sub</span> <span class='ocrx_word' id='word_1_443' title='bbox 1233 4567 1298 4640; x_wconf 90' lang='lat' dir='ltr'>ojus</span> <span class='ocrx_word' id='word_1_444' title='bbox 1310 4571 1385 4626; x_wconf 91' lang='lat' dir='ltr'>nutu</span> <span class='ocrx_word' id='word_1_445' title='bbox 1394 4568 1513 4643; x_wconf 85' lang='lat' dir='ltr'>penitus</span> <span class='ocrx_word' id='word_1_446' title='bbox 1522 4569 1705 4642; x_wconf 89' lang='lat' dir='ltr'>subigentes,</span> <span class='ocrx_word' id='word_1_447' title='bbox 1714 4559 1938 4645; x_wconf 76' lang='lat' dir='ltr'>quodhonorisn·</span> 
     </span>
    </p>
   </div>
   <div class='ocr_carea' id='block_1_13' title="bbox 162 4643 1939 4738">
    <p class='ocr_par' dir='ltr' id='par_1_14' title="bbox 162 4643 1939 4738">
     <span class='ocr_line' id='line_1_41' title="bbox 162 4643 1939 4738; baseline 0.006 -37"><span class='ocrx_word' id='word_1_448' title='bbox 162 4649 167 4656; x_wconf 87' lang='lat'>&#39;</span> <span class='ocrx_word' id='word_1_449' title='bbox 274 4643 462 4716; x_wconf 74' lang='lat' dir='ltr'>Preceptom</span> <span class='ocrx_word' id='word_1_450' title='bbox 480 4645 627 4703; x_wconf 79' lang='lat' dir='ltr'>Lodovict&#39;</span> <span class='ocrx_word' id='word_1_451' title='bbox 646 4647 834 4704; x_wconf 75' lang='lat' dir='ltr'>Francorum</span> <span class='ocrx_word' id='word_1_452' title='bbox 851 4649 931 4722; x_wconf 75' lang='lat' dir='ltr'>regis</span> <span class='ocrx_word' id='word_1_453' title='bbox 947 4649 983 4707; x_wconf 86' lang='lat' dir='ltr'>de</span> <span class='ocrx_word' id='word_1_454' title='bbox 996 4649 1103 4708; x_wconf 84' lang='lat' dir='ltr'>Setos·</span> <span class='ocrx_word' id='word_1_455' title='bbox 1157 4659 1211 4714; x_wconf 86' lang='lat' dir='ltr'>ctae</span> <span class='ocrx_word' id='word_1_456' title='bbox 1227 4657 1292 4729; x_wconf 89' lang='lat' dir='ltr'>ejus</span> <span class='ocrx_word' id='word_1_457' title='bbox 1302 4656 1440 4714; x_wconf 82' lang='lat' dir='ltr'>Ecclesiae</span> <span class='ocrx_word' id='word_1_458' title='bbox 1451 4658 1589 4732; x_wconf 89' lang='lat' dir='ltr'>proficiat</span> <span class='ocrx_word' id='word_1_459' title='bbox 1597 4661 1733 4718; x_wconf 88' lang='lat' dir='ltr'>certatim</span> <span class='ocrx_word' id='word_1_460' title='bbox 1744 4648 1939 4738; x_wconf 70' lang='lat' dir='ltr'>fasianorum-</span> 
     </span>
    </p>
   </div>
   <div class='ocr_carea' id='block_1_14' title="bbox 311 4717 1938 4824">
    <p class='ocr_par' dir='ltr' id='par_1_15' title="bbox 311 4717 1938 4824">
     <span class='ocr_line' id='line_1_42' title="bbox 311 4717 1938 4824; baseline 0.009 -52"><span class='ocrx_word' id='word_1_461' title='bbox 311 4717 417 4786; x_wconf 82' lang='lat' dir='ltr'>trioco,</span> <span class='ocrx_word' id='word_1_462' title='bbox 432 4717 593 4790; x_wconf 72' lang='lat' dir='ltr'>coacense,</span> <span class='ocrx_word' id='word_1_463' title='bbox 614 4719 771 4789; x_wconf 81' lang='lat' dir='ltr'>piscatura</span> <span class='ocrx_word' id='word_1_464' title='bbox 800 4718 875 4789; x_wconf 88' lang='lat' dir='ltr'>Osoe,</span> <span class='ocrx_word' id='word_1_465' title='bbox 897 4719 1101 4781; x_wconf 70' lang='lat' dir='ltr'>camberiaco.</span> <span class='ocrx_word' id='word_1_466' title='bbox 1156 4749 1279 4819; x_wconf 53' lang='lat' dir='ltr'>propte,</span> <span class='ocrx_word' id='word_1_467' title='bbox 1292 4746 1408 4804; x_wconf 57' lang='lat' dir='ltr'><strong>eunetis</strong></span> <span class='ocrx_word' id='word_1_468' title='bbox 1422 4751 1485 4806; x_wconf 61' lang='lat' dir='ltr'>tam</span> <span class='ocrx_word' id='word_1_469' title='bbox 1499 4729 1938 4824; x_wconf 55' lang='lat' dir='ltr'>,egphumuamrepqwumd-</span> 
     </span>
    </p>
   </div>
   <div class='ocr_carea' id='block_1_15' title="bbox 269 4787 1938 5540">
    <p class='ocr_par' dir='ltr' id='par_1_16' title="bbox 310 4787 1937 5002">
     <span class='ocr_line' id='line_1_43' title="bbox 310 4787 1937 4918; baseline 0.001 -37"><span class='ocrx_word' id='word_1_470' title='bbox 310 4787 490 4859; x_wconf 70' lang='lat' dir='ltr'><em>⁸⁰⁰⁸⁹m⁰⁶⁰</em></span> <span class='ocrx_word' id='word_1_471' title='bbox 503 4789 693 4847; x_wconf 56' lang='lat' dir='ltr'>‘mmmm&#39;</span> <span class='ocrx_word' id='word_1_472' title='bbox 1156 4833 1305 4905; x_wconf 87' lang='lat' dir='ltr'>gnitatum</span> <span class='ocrx_word' id='word_1_473' title='bbox 1312 4835 1450 4910; x_wconf 89' lang='lat' dir='ltr'>personis</span> <span class='ocrx_word' id='word_1_474' title='bbox 1457 4838 1653 4912; x_wconf 78' lang='lat' dir='ltr'>praesentibus</span> <span class='ocrx_word' id='word_1_475' title='bbox 1660 4837 1813 4896; x_wconf 79' lang='lat' dir='ltr'>relicturis</span> <span class='ocrx_word' id='word_1_476' title='bbox 1820 4819 1937 4918; x_wconf 68' lang='lat' dir='ltr'>notumsit</span> 
     </span>
     <span class='ocr_line' id='line_1_44' title="bbox 593 4897 1937 5002; baseline 0.008 -32"><span class='ocrx_word' id='word_1_477' title='bbox 593 4899 690 4966; x_wconf 77' lang='lat' dir='ltr'>(Anno</span> <span class='ocrx_word' id='word_1_478' title='bbox 708 4897 780 4972; x_wconf 76' lang='lat'>93⁹)·</span> <span class='ocrx_word' id='word_1_479' title='bbox 1155 4922 1240 4996; x_wconf 85' lang='lat' dir='ltr'>quod</span> <span class='ocrx_word' id='word_1_480' title='bbox 1254 4910 1937 5002; x_wconf 67' lang='lat' dir='ltr'>petiitanobisquidamtidelisnostsrllugofilius</span> 
     </span>
    </p>

    <p class='ocr_par' dir='ltr' id='par_1_17' title="bbox 269 5000 1938 5540">
     <span class='ocr_line' id='line_1_45' title="bbox 309 5000 1938 5086; baseline 0.011 -29"><span class='ocrx_word' id='word_1_481' title='bbox 309 5002 342 5058; x_wconf 92' lang='lat' dir='ltr'>ln</span> <span class='ocrx_word' id='word_1_482' title='bbox 356 5000 599 5061; x_wconf 78' lang='lat' dir='ltr'>nomincsanctae</span> <span class='ocrx_word' id='word_1_483' title='bbox 612 5007 642 5062; x_wconf 90' lang='lat' dir='ltr'>at</span> <span class='ocrx_word' id='word_1_484' title='bbox 658 5004 821 5064; x_wconf 76' lang='lat' dir='ltr'>individue</span> <span class='ocrx_word' id='word_1_485' title='bbox 834 5006 991 5082; x_wconf 86' lang='lat' dir='ltr'>Trinitatis,</span> <span class='ocrx_word' id='word_1_486' title='bbox 1008 5010 1103 5069; x_wconf 87' lang='lat' dir='ltr'>Ludo·</span> <span class='ocrx_word' id='word_1_487' title='bbox 1155 5011 1294 5070; x_wconf 85' lang='lat' dir='ltr'>Richardi</span> <span class='ocrx_word' id='word_1_488' title='bbox 1317 5013 1363 5070; x_wconf 84' lang='lat' dir='ltr'>vir</span> <span class='ocrx_word' id='word_1_489' title='bbox 1383 5013 1610 5086; x_wconf 90' lang='lat' dir='ltr'>illustrissimus,</span> <span class='ocrx_word' id='word_1_490' title='bbox 1626 5021 1656 5077; x_wconf 89' lang='lat' dir='ltr'>et</span> <span class='ocrx_word' id='word_1_491' title='bbox 1678 5014 1816 5086; x_wconf 84' lang='lat' dir='ltr'>marchio,</span> <span class='ocrx_word' id='word_1_492' title='bbox 1829 5007 1938 5083; x_wconf 59' lang='lat' dir='ltr'>pauset</span> 
     </span>
     <span class='ocr_line' id='line_1_46' title="bbox 272 5081 1938 5173; baseline 0.011 -25"><span class='ocrx_word' id='word_1_493' title='bbox 272 5090 356 5148; x_wconf 88' lang='lat' dir='ltr'>vicus</span> <span class='ocrx_word' id='word_1_494' title='bbox 369 5089 524 5166; x_wconf 85' lang='lat' dir='ltr'>pacificus,</span> <span class='ocrx_word' id='word_1_495' title='bbox 538 5096 690 5166; x_wconf 79' lang='lat' dir='ltr'>Augustus</span> <span class='ocrx_word' id='word_1_496' title='bbox 698 5099 727 5153; x_wconf 92' lang='lat' dir='ltr'>et</span> <span class='ocrx_word' id='word_1_497' title='bbox 733 5095 859 5155; x_wconf 89' lang='lat' dir='ltr'>invictus</span> <span class='ocrx_word' id='word_1_498' title='bbox 872 5099 967 5170; x_wconf 87' lang='lat' dir='ltr'>gratie</span> <span class='ocrx_word' id='word_1_499' title='bbox 976 5099 1026 5158; x_wconf 86' lang='lat' dir='ltr'>Dei</span> <span class='ocrx_word' id='word_1_500' title='bbox 1038 5115 1100 5158; x_wconf 87' lang='lat' dir='ltr'>rex.</span> <span class='ocrx_word' id='word_1_501' title='bbox 1154 5100 1311 5173; x_wconf 84' lang='lat' dir='ltr'>quoddam</span> <span class='ocrx_word' id='word_1_502' title='bbox 1324 5081 1542 5162; x_wconf 72' lang='lat' dir='ltr'>monasterium</span> <span class='ocrx_word' id='word_1_503' title='bbox 1550 5103 1851 5165; x_wconf 80' lang='lat' dir='ltr'>nominccluniaeum</span> <span class='ocrx_word' id='word_1_504' title='bbox 1860 5087 1938 5166; x_wconf 64' lang='lat' dir='ltr'>‘1¹¹⁰da</span> 
     </span>
     <span class='ocr_line' id='line_1_47' title="bbox 273 5179 1937 5268; baseline 0.008 -30"><span class='ocrx_word' id='word_1_505' title='bbox 273 5179 353 5238; x_wconf 90' lang='lat' dir='ltr'>Sicut</span> <span class='ocrx_word' id='word_1_506' title='bbox 365 5183 479 5239; x_wconf 87' lang='lat' dir='ltr'>certum</span> <span class='ocrx_word' id='word_1_507' title='bbox 502 5184 556 5255; x_wconf 89' lang='lat' dir='ltr'>est,</span> <span class='ocrx_word' id='word_1_508' title='bbox 571 5181 644 5256; x_wconf 80' lang='lat' dir='ltr'>qtria</span> <span class='ocrx_word' id='word_1_509' title='bbox 658 5187 735 5241; x_wconf 82' lang='lat' dir='ltr'>Deus</span> <span class='ocrx_word' id='word_1_510' title='bbox 759 5189 895 5259; x_wconf 86' lang='lat' dir='ltr'>potentes</span> <span class='ocrx_word' id='word_1_511' title='bbox 910 5203 973 5246; x_wconf 94' lang='lat' dir='ltr'>non</span> <span class='ocrx_word' id='word_1_512' title='bbox 988 5188 1100 5264; x_wconf 87' lang='lat' dir='ltr'>adjicit,</span> <span class='ocrx_word' id='word_1_513' title='bbox 1155 5189 1304 5250; x_wconf 89' lang='lat' dir='ltr'>Willermo</span> <span class='ocrx_word' id='word_1_514' title='bbox 1319 5192 1383 5250; x_wconf 85' lang='lat' dir='ltr'>viro</span> <span class='ocrx_word' id='word_1_515' title='bbox 1397 5195 1559 5268; x_wconf 85' lang='lat' dir='ltr'>magnifico</span> <span class='ocrx_word' id='word_1_516' title='bbox 1572 5195 1604 5254; x_wconf 93' lang='lat' dir='ltr'>in</span> <span class='ocrx_word' id='word_1_517' title='bbox 1614 5188 1937 5268; x_wconf 62' lang='lat' dir='ltr'>honoreprimommstt</span> 
     </span>
     <span class='ocr_line' id='line_1_48' title="bbox 272 5269 1937 5358; baseline 0.011 -32"><span class='ocrx_word' id='word_1_518' title='bbox 272 5269 335 5326; x_wconf 90' lang='lat' dir='ltr'>sine</span> <span class='ocrx_word' id='word_1_519' title='bbox 349 5287 411 5345; x_wconf 89' lang='lat' dir='ltr'>quo</span> <span class='ocrx_word' id='word_1_520' title='bbox 425 5275 557 5346; x_wconf 89' lang='lat' dir='ltr'>potestas</span> <span class='ocrx_word' id='word_1_521' title='bbox 571 5287 634 5330; x_wconf 93' lang='lat' dir='ltr'>non</span> <span class='ocrx_word' id='word_1_522' title='bbox 649 5277 712 5342; x_wconf 89' lang='lat' dir='ltr'>est;</span> <span class='ocrx_word' id='word_1_523' title='bbox 728 5273 769 5332; x_wconf 92' lang='lat' dir='ltr'>ita</span> <span class='ocrx_word' id='word_1_524' title='bbox 778 5275 1102 5352; x_wconf 85' lang='lat' dir='ltr'>quoquoliquet,quod</span> <span class='ocrx_word' id='word_1_525' title='bbox 1156 5279 1313 5354; x_wconf 90' lang='lat' dir='ltr'>stolorum,</span> <span class='ocrx_word' id='word_1_526' title='bbox 1329 5283 1405 5340; x_wconf 89' lang='lat' dir='ltr'>Petri</span> <span class='ocrx_word' id='word_1_527' title='bbox 1419 5283 1590 5344; x_wconf 92' lang='lat' dir='ltr'>videlicetet</span> <span class='ocrx_word' id='word_1_528' title='bbox 1598 5285 1689 5355; x_wconf 85' lang='lat' dir='ltr'>Pauli,</span> <span class='ocrx_word' id='word_1_529' title='bbox 1699 5300 1751 5358; x_wconf 88' lang='lat' dir='ltr'>per</span> <span class='ocrx_word' id='word_1_530' title='bbox 1760 5273 1937 5339; x_wconf 61' lang='lat' dir='ltr'>manusssW</span> 
     </span>
     <span class='ocr_line' id='line_1_49' title="bbox 269 5362 1937 5445; baseline 0.01 -31"><span class='ocrx_word' id='word_1_531' title='bbox 269 5363 425 5431; x_wconf 86' lang='lat' dir='ltr'>potentum</span> <span class='ocrx_word' id='word_1_532' title='bbox 441 5377 534 5432; x_wconf 88' lang='lat' dir='ltr'>opera</span> <span class='ocrx_word' id='word_1_533' title='bbox 547 5363 752 5434; x_wconf 88' lang='lat' dir='ltr'>interrogabit,</span> <span class='ocrx_word' id='word_1_534' title='bbox 761 5369 790 5421; x_wconf 89' lang='lat' dir='ltr'>et</span> <span class='ocrx_word' id='word_1_535' title='bbox 801 5364 841 5421; x_wconf 93' lang='lat' dir='ltr'>ob</span> <span class='ocrx_word' id='word_1_536' title='bbox 851 5365 909 5422; x_wconf 91' lang='lat' dir='ltr'>hoc</span> <span class='ocrx_word' id='word_1_537' title='bbox 921 5365 1010 5424; x_wconf 89' lang='lat' dir='ltr'>nohis</span> <span class='ocrx_word' id='word_1_538' title='bbox 1020 5384 1102 5426; x_wconf 93' lang='lat' dir='ltr'>sum·</span> <span class='ocrx_word' id='word_1_539' title='bbox 1155 5369 1201 5426; x_wconf 89' lang='lat' dir='ltr'>nis</span> <span class='ocrx_word' id='word_1_540' title='bbox 1210 5362 1937 5445; x_wconf 66' lang='lat' dir='ltr'>quusdamreverendimnatisconstruotumestlt‘</span> 
     </span>
     <span class='ocr_line' id='line_1_50' title="bbox 270 5447 1936 5540; baseline 0.006 -38"><span class='ocrx_word' id='word_1_541' title='bbox 270 5461 392 5520; x_wconf 88' lang='lat' dir='ltr'>mopere</span> <span class='ocrx_word' id='word_1_542' title='bbox 416 5451 586 5508; x_wconf 89' lang='lat' dir='ltr'>curandum</span> <span class='ocrx_word' id='word_1_543' title='bbox 614 5457 667 5522; x_wconf 88' lang='lat' dir='ltr'>ast,</span> <span class='ocrx_word' id='word_1_544' title='bbox 684 5455 717 5510; x_wconf 93' lang='lat' dir='ltr'>ut</span> <span class='ocrx_word' id='word_1_545' title='bbox 736 5467 806 5509; x_wconf 91' lang='lat' dir='ltr'>cum</span> <span class='ocrx_word' id='word_1_546' title='bbox 820 5453 869 5510; x_wconf 86' lang='lat' dir='ltr'>vel</span> <span class='ocrx_word' id='word_1_547' title='bbox 883 5454 1037 5528; x_wconf 91' lang='lat' dir='ltr'>prodesse,</span> <span class='ocrx_word' id='word_1_548' title='bbox 1053 5457 1101 5514; x_wconf 86' lang='lat' dir='ltr'>vel</span> <span class='ocrx_word' id='word_1_549' title='bbox 1154 5458 1212 5518; x_wconf 90' lang='lat' dir='ltr'>hoc</span> <span class='ocrx_word' id='word_1_550' title='bbox 1223 5463 1333 5520; x_wconf 81' lang='lat' dir='ltr'>nostra</span> <span class='ocrx_word' id='word_1_551' title='bbox 1351 5464 1535 5522; x_wconf 86' lang='lat' dir='ltr'>auctoritatis</span> <span class='ocrx_word' id='word_1_552' title='bbox 1548 5468 1738 5540; x_wconf 82' lang='lat' dir='ltr'>praeceptam,</span> <span class='ocrx_word' id='word_1_553' title='bbox 1752 5460 1821 5518; x_wconf 77' lang='lat' dir='ltr'>siem</span> <span class='ocrx_word' id='word_1_554' title='bbox 1833 5453 1866 5511; x_wconf 84' lang='lat' dir='ltr'>ab</span> <span class='ocrx_word' id='word_1_555' title='bbox 1876 5447 1936 5504; x_wconf 57' lang='lat' dir='ltr'>811¹t</span> 
     </span>
    </p>
   </div>
   <div class='ocr_carea' id='block_1_16' title="bbox 269 5530 1937 5628">
    <p class='ocr_par' dir='ltr' id='par_1_18' title="bbox 269 5530 1937 5628">
     <span class='ocr_line' id='line_1_51' title="bbox 269 5530 1937 5628; baseline -0.002 -35"><span class='ocrx_word' id='word_1_556' title='bbox 269 5534 389 5606; x_wconf 90' lang='lat' dir='ltr'>obesse,</span> <span class='ocrx_word' id='word_1_557' title='bbox 401 5535 467 5610; x_wconf 86' lang='lat' dir='ltr'>ipso</span> <span class='ocrx_word' id='word_1_558' title='bbox 480 5539 671 5614; x_wconf 88' lang='lat' dir='ltr'>disponente,</span> <span class='ocrx_word' id='word_1_559' title='bbox 686 5555 860 5615; x_wconf 88' lang='lat' dir='ltr'>possumus,</span> <span class='ocrx_word' id='word_1_560' title='bbox 868 5545 1005 5601; x_wconf 89' lang='lat' dir='ltr'>nostrum</span> <span class='ocrx_word' id='word_1_561' title='bbox 1012 5559 1102 5618; x_wconf 91' lang='lat' dir='ltr'>posse</span> <span class='ocrx_word' id='word_1_562' title='bbox 1154 5549 1324 5608; x_wconf 87' lang='lat' dir='ltr'>caesoribus</span> <span class='ocrx_word' id='word_1_563' title='bbox 1334 5555 1456 5610; x_wconf 90' lang='lat' dir='ltr'>auctum</span> <span class='ocrx_word' id='word_1_564' title='bbox 1471 5557 1526 5626; x_wconf 89' lang='lat' dir='ltr'>est,</span> <span class='ocrx_word' id='word_1_565' title='bbox 1543 5559 1571 5612; x_wconf 91' lang='lat' dir='ltr'>et</span> <span class='ocrx_word' id='word_1_566' title='bbox 1584 5567 1637 5628; x_wconf 91' lang='lat' dir='ltr'>per</span> <span class='ocrx_word' id='word_1_567' title='bbox 1650 5548 1800 5628; x_wconf 83' lang='lat' dir='ltr'>privilegis</span> <span class='ocrx_word' id='word_1_568' title='bbox 1812 5530 1937 5618; x_wconf 75' lang='lat' dir='ltr'>apostoles</span> 
     </span>
    </p>
   </div>
   <div class='ocr_carea' id='block_1_17' title="bbox 0 0 2060 6133">
    <p class='ocr_par' dir='ltr' id='par_1_19' title="bbox 0 0 2060 6133">
     <span class='ocr_line' id='line_1_52' title="bbox 0 0 2060 6133; baseline 0 0"><span class='ocrx_word' id='word_1_569' title='bbox 0 0 2060 6133; x_wconf 95' lang='lat' dir='ltr'> </span> 
     </span>
    </p>
   </div>
  </div>
 </body>
</html>
