4120 6154
110 169 152 224 tlt
494 163 644 224 EPITOUE
663 163 845 222 denotauit
865 162 892 220 8.
914 159 1015 222 GREG.
1036 159 1071 221 IN
1089 159 1161 222 JOB.
1181 191 1216 207 w
1236 163 1301 222 ΗΒ.
1323 159 1412 218 xvtu.
1751 162 1805 218 uls

106 302 162 360 qua
179 300 233 344 noe
260 285 402 354 condidit,
430 286 488 344 alia
508 303 569 360 quc
583 286 717 344 redemit.
747 291 787 344 tia
807 285 957 358 itaquel
975 281 1078 355 quoue
1098 287 1229 343 emanat.
1247 284 1283 338 Et
1307 285 1373 354 quet
1387 283 1496 353 poterit
1510 284 1675 342 tonitrunm
1689 284 1807 353 macci-

105 391 165 451 qun
191 373 228 429 de
252 375 371 432 Domini
398 377 514 435 eodone
532 381 645 444 narrat,
672 377 796 434 extremi
815 374 922 447 iudicii
977 372 1088 431 tudinis
1098 375 1162 442 das
1177 373 1314 431 actuari?
1329 379 1368 428 Ac
1388 372 1412 432 si
1426 376 1528 444 aperte
1542 372 1623 430 dicat
1638 389 1645 430 ι
1661 371 1690 429 Si
1704 371 1802 430 bumi-

104 464 321 538 comparatione
346 465 479 536 levigans
506 466 555 523 ait.
585 467 663 524 Erre
688 483 727 524 ec
738 474 827 540 parte
841 466 922 522 dicta
976 461 1065 522 litatis
1080 461 1144 532 ejus
1156 461 1337 523 admirande
1348 461 1396 520 vix
1408 459 1542 530 terimus,
1558 477 1702 522 sonorum
1714 465 1803 534 elque

103 560 168 612 aaut
182 555 297 612 uiarum
313 557 388 626 ejas,
403 555 487 628 quod
501 560 531 612 et
541 571 668 626 parvam
683 558 796 614 stillam
811 571 921 612 aermo-
977 552 1135 613 terribilem
1151 551 1318 622 maiestatis
1333 551 1399 622 ejus
1418 550 1594 620 adrentum,
1609 566 1671 624 qun
1694 550 1801 608 virtute

103 658 170 702 aum
195 643 257 711 ejus
284 641 425 714 appellat,
454 644 527 716 qula
554 643 703 718 quidquid
719 642 922 716 altumquid-
976 641 1197 702 tolerabimus?
1226 640 1311 700 Hunc
1349 639 1513 702 tonitruum
1541 639 1689 696 adventus
1723 639 1802 696 illius

103 730 171 805 quid
186 729 312 788 terribile
323 730 355 788 in
370 731 427 790 bac
441 732 502 792 vita
516 733 606 806 positi
620 733 658 798 de
673 734 737 805 ejus
753 733 921 793 considera·
977 731 1066 788 etiam
1082 729 1175 790 David
1200 727 1357 801 psalmista
1372 728 1491 788 insonat
1504 727 1652 798 [intonasti
1674 727 1777 784 dicent
1794 747 1800 784 :

103 819 175 876 bone
199 819 422 890 cognoscimus,
449 838 486 877 ex
514 821 715 878 immensitate
740 825 922 879 secretorum
977 843 992 870 ι
1006 817 1251 878 Deusmanilesto
1264 817 1371 885 veniet,
1386 819 1462 878 Deus
1476 817 1587 884 noema,
1614 815 1643 872 ot
1655 827 1717 872 non
1733 813 1802 872 eile-

103 903 266 968 eoleetium.
286 903 368 964 relat
390 905 488 964 tenuis
515 905 555 966 ad
570 922 627 966 nos
643 911 729 977 gutta
756 906 878 979 superni
891 907 926 963 li-
977 905 1272 978 bit(Pcol.1ux.ti).
1288 923 1304 970 ι

535 1217 745 1312 ‘taccu
787 1215 1029 1309 cernuus
1067 1215 1318 1332 aceruus,

391 1520 508 1582 CAPUT
527 1521 619 1586 txvu
939 1517 1140 1596 Bloquuntur
1154 1519 1345 1581 mandacium
1362 1519 1457 1588 (Psat.
1471 1534 1499 1586 v,
1516 1517 1544 1588 7)
1559 1534 1592 1586 ;u
1608 1515 1666 1580 boa
1679 1529 1802 1588 quoque

129 1605 212 1672 Vtut.
230 1607 253 1669 1.
271 1607 398 1674 Addidit
413 1626 529 1682 auoque
543 1613 601 1672 lob
617 1627 769 1678 assumens
789 1611 921 1682 carabo·
975 1611 1125 1674 mendacii
1139 1626 1234 1680 genus
1249 1607 1371 1683 perfecti
1385 1606 1441 1665 viri
1464 1619 1657 1677 summopere
1671 1602 1800 1674 lugiunt,

96 1696 151 1758 idm
165 1711 261 1768 tuum,
278 1699 366 1764 stou.
382 1731 415 1742 -
431 1701 495 1766 Ouo
511 1700 920 1774 proiectoucrsuostenditnr
974 1703 1006 1762 ut
1019 1715 1074 1764 nec
1090 1699 1151 1761 vita
1165 1697 1324 1774 cujuslibet
1348 1710 1401 1768 per
1414 1709 1520 1758 eorum
1535 1691 1685 1760 tudetiani
1700 1691 1800 1756 doion-
1896 1739 1908 1750 .

94 1782 180 1854 lituus
195 1785 376 1852 sanctissimi
389 1786 444 1853 viri
457 1788 642 1862 dictaquam
653 1789 920 1862 mystioesintpro-
973 1787 1071 1862 datur,
1101 1804 1155 1851 nec
1180 1802 1242 1844 suae
1272 1785 1381 1848 animae
1408 1785 1547 1854 noceant,
1567 1781 1642 1850 dum
1657 1783 1799 1854 prestare

92 1869 159 1942 lata,
184 1873 259 1930 dum
286 1875 433 1946 parabola
458 1875 490 1930 id
518 1882 562 1933 est
586 1877 747 1944 similitudo
762 1881 920 1950 assumpta
974 1871 1513 1949 carninituntu1·nlieprc.›Sequiiut
1533 1888 1540 1928 ἑ

91 1965 230 2026 cauetur
243 1961 283 2026 ab
308 1979 343 2024 eo
366 1964 419 2036 qui
431 1963 635 2030 nibilinlcrius
658 1982 710 2038 per
723 1965 920 2038 comparatio
1008 1969 1092 2030 teus.
1106 1972 1132 2030 ὅ.
1152 1967 1236 2028 Absit
1260 1979 1339 2027 amc
1355 1969 1387 2024 at
1405 1965 1504 2036 justos
1518 1976 1568 2022 vos
1585 1976 1644 2023 esre
1657 1959 1798 2032 jadicem,

88 2065 160 2114 nem
176 2050 223 2110 vet
253 2051 478 2118 similitudinem
493 2054 634 2127 loquitur.
664 2055 709 2120 td
734 2071 803 2116 eam
819 2054 920 2127 iocre
974 2057 1065 2114 donec
1092 2057 1227 2126 delictam
1254 2070 1314 2114 aaa
1336 2053 1471 2113 reccdam
1484 2051 1522 2116 alr
1537 2051 1708 2116 marcentia
1722 2063 1797 2112 maa.

88 2137 317 2206 similitudinem
332 2142 601 2208 concurreretur
616 2148 768 2216 cuct‚que
793 2139 920 2214 figurate
974 2144 1062 2207 -ab
1084 2143 1256 2210 innocentia
1279 2141 1393 2216 quippe
1420 2139 1581 2210 recederet,
1609 2138 1634 2194 si
1658 2137 1741 2202 hona
1761 2137 1799 2194 de

88 2225 219 2291 Ecclesia
235 2227 418 2300 designatur,
434 2230 507 2292 etin
529 2231 594 2304 ipso
612 2233 736 2304 quidem
760 2233 919 2296 locutionis
972 2233 1060 2298 malis
1094 2232 1264 2302 resumeret,
1292 2231 1451 2298 Salomone
1477 2231 1633 2290 attestante
1659 2225 1710 2299 qui
1738 2225 1797 2282 ait:

89 2313 211 2380 exordio
235 2315 315 2382 ditia
341 2321 442 2390 tuerit
456 2319 575 2391 prolatu
600 2327 680 2388 sunt,
711 2321 764 2381 sed
776 2321 917 2394 sumanus
972 2323 1058 2394 «Oui
1065 2321 1208 2394 justitient
1221 2319 1350 2393 impium
1370 2323 1399 2382 et
1411 2319 1464 2394 qui
1478 2317 1660 2384 condemnet
1671 2316 1798 2386 iustum,

91 2401 324 2472 obscuritatibus
338 2405 541 2478 implicantur.
559 2409 697 2481 Sequitur
713 2427 719 2466 :
970 2416 1094 2484 uterque
1107 2409 1321 2488 abominabilis
1335 2413 1379 2476 est
1406 2411 1585 2478 autolicum
1609 2407 1710 2477 (Pror-
1726 2419 1797 2472 xvu,

122 2490 429 2563 Vtut-dl't‘vt'llleut.
443 2497 785 2568 auiatstutujuatcmm
798 2512 915 2569 meacm
972 2501 1025 2573 15).
1040 2524 1053 2558 u
1068 2503 1141 2560 Sunt
1171 2515 1303 2572 namque
1325 2497 1450 2566 nollulli,
1479 2495 1620 2570 quidum
1640 2492 1799 2572 maluistis

89 2586 113 2634 rt
128 2580 329 2658 Omnipotens,
345 2585 398 2654 cri
411 2585 452 2650 ad
466 2587 699 2653 amaritudinem
710 2587 839 2651 adducet
851 2589 916 2650 aut·
968 2588 1127 2648 hominum
1142 2587 1284 2654 leudibus
1296 2586 1551 2656 atteruntaugcnt
1565 2598 1633 2656 quae
1643 2581 1797 2653 increpare

89 2684 163 2734 riam
176 2684 284 2738 meam.
300 2671 461 2742 -Quibus
475 2673 619 2742 nimirum
631 2674 728 2741 verbis
744 2675 849 2740 heatus
859 2675 915 2738 lob
969 2677 1146 2738 debuerunt.
1177 2677 1248 2741 ltine
1275 2692 1329 2749 per
1357 2675 1536 2752 prophetem
1557 2671 1688 2737 dicitur:
1711 2689 1722 2729 t
1749 2671 1797 2740 ΥΦ

88 2759 113 2817 et
126 2772 181 2812 sua
191 2762 307 2836 narret,
324 2763 352 2816 et
367 2759 504 2828 Ecclesiae
519 2764 657 2834 tempora
670 2761 779 2828 afflicta
801 2763 915 2832 signifi·
969 2767 1021 2840 qui
1036 2771 1185 2830 consuunt
1195 2765 1334 2842 pulvillos
1351 2765 1409 2825 sub
1421 2763 1505 2822 omni
1515 2761 1617 2830 cubito
1632 2775 1753 2826 munus,
1769 2761 1798 2814 θῑ

85 2847 137 2909 ιιι,
156 2844 188 2899 in
209 2845 327 2918 quibus
350 2853 455 2921 aperta
473 2849 640 2905 infidelium
658 2851 826 2922 pervicacia
846 2866 911 2924 pre·
934 2854 1082 2941 Ctaciunt
1120 2853 1276 2918 cervicalia
1303 2853 1360 2910 cub
1394 2851 1489 2926 capite
1517 2850 1665 2911 universo
1702 2847 1797 2907 atatis

82 2931 179 3006 citur,
200 2938 229 3004 et
256 2936 472 3014 persecutionis
496 2937 697 3006 amaritudine
712 2939 911 3012 perturbetur.
970 2943 1087 3016 (Erech.
1102 2959 1197 3010 ιιιιιι,
1215 2943 1269 3013 lb),
1285 2941 1423 3014 Sequitur
1441 2958 1447 2998 :

84 3022 202 3088 uacuus
223 3040 363 3099 namque
391 3026 491 3094 modis
517 3027 645 3094 Ecclesia
673 3028 713 3096 ab
735 3028 914 3094 adversariis
1005 3034 1087 3087 teus.
1101 3034 1127 3086 a.
1143 3031 1394 3100 testificationem
1406 3041 1502 3089 meam
1514 3027 1585 3098 quia
1598 3025 1673 3094 copi
1688 3029 1797 3092 tenera,

87 3113 187 3175 tentari
203 3113 293 3182 solet,
307 3117 340 3172 ut
354 3114 489 3184 videlicet
503 3117 740 3188 persecutionem
751 3123 803 3180 aut
815 3117 914 3184 verbis
970 3135 1029 3183 aaa
1044 3119 1189 3180 macram.
1203 3150 1237 3170 ῃ.
1252 3119 1387 3190 Coeptam
1407 3129 1541 3186 namque
1553 3109 1798 3184 jusufiearionem

85 3199 210 3268 patiatur
224 3205 280 3268 aut
295 3201 412 3275 gladiio.
430 3206 512 3272 Nunc
524 3219 595 3270 vero
610 3204 648 3260 de
663 3221 698 3262 ea
708 3205 914 3278 persecutione
969 3207 1128 3278 desereret,
1145 3207 1170 3267 si
1189 3207 1219 3270 in
1238 3205 1428 3282 precantum
1443 3203 1532 3272 laude
1552 3199 1722 3266 denudaret.
1752 3197 1799 3258 St·

84 3283 224 3360 loquitur,
241 3289 276 3346 in
290 3305 352 3363 qua
366 3306 428 3346 non
443 3291 560 3361 gladiis,
577 3293 630 3348 scd
648 3292 730 3349 falsis
745 3295 914 3363 assertioni·
968 3296 1069 3372 qtiitur
1084 3315 1090 3353 :
1106 3297 1210 3372 Neque
1224 3299 1302 3357 euim
1318 3293 1510 3368 reprehendit
1524 3307 1570 3354 ma
1585 3302 1748 3356 cormeum
1765 3287 1797 3346 ia

83 3373 137 3442 hus
149 3377 323 3449 lacessitur.
334 3380 382 3452 vir
393 3384 494 3454 itaque
510 3386 632 3450 sauctus
653 3388 763 3452 sanctae
780 3384 914 3444 Ecclesiae
968 3387 1050 3444 amai
1063 3387 1125 3460 ιιια
1155 3402 1229 3451 med.
1245 3417 1279 3428 ···
1305 3391 1346 3450 rto
1361 3385 1385 3442 si
1410 3387 1511 3456 aperte
1525 3381 1605 3448 dicat
1619 3397 1626 3446 t
1641 3379 1696 3440 Pt⁰
1710 3374 1797 3442 vohis

85 3468 185 3540 lypum
202 3473 340 3544 gestans,
363 3474 395 3540 qt
410 3473 503 3540 ileum
524 3487 589 3541 esse
603 3471 742 3544 famatus,
757 3474 817 3542 ait:
838 3476 913 3544 Vivit
965 3491 1028 3536 non
1053 3476 1150 3542 debeo
1175 3477 1213 3543 ed
1243 3475 1363 3550 culpam
1384 3474 1524 3548 pertrahi,
1548 3471 1600 3544 qui
1626 3466 1796 3543 ponamin

82 3556 166 3626 Deua,
187 3561 223 3618 Ut
242 3574 314 3619 vero
328 3576 375 3628 res
391 3559 541 3632 humanas
560 3578 630 3624 cum
647 3579 751 3622 curare
778 3564 913 3636 perbibe-
966 3565 1094 3640 propriis
1109 3565 1278 3632 formidavi.
1296 3565 1458 3629 Sciendum
1474 3579 1543 3630 vero
1556 3565 1602 3623 est
1615 3557 1700 3633 quod
1715 3556 1796 3630 quis-

83 3650 131 3712 tet,
145 3648 283 3716 subdidit
304 3667 310 3706 ι
327 3649 385 3718 out
398 3650 522 3718 adstulit
540 3653 692 3726 judicium
707 3668 814 3718 meum.
829 3661 855 3710 et
871 3657 912 3719 ad
966 3654 1033 3726 quis
1047 3655 1231 3730 aprceccptis
1261 3653 1421 3724 Dominicis
1435 3651 1587 3711 discordet
1601 3662 1703 3724 opere,
1718 3661 1794 3719 quoe

81 3739 316 3804 amaritudinem
327 3739 457 3804 adducit
470 3743 604 3807 animam
628 3757 732 3808 meam.
748 3741 807 3809 Ista
830 3743 911 3800 enim
965 3742 1019 3802 ties
1031 3759 1066 3800 ea
1081 3744 1174 3812 emili,
1191 3743 1280 3806 corde
1294 3758 1350 3804 suo
1365 3741 1592 3814 reprehenditur
1611 3743 1701 3808 atque
1726 3751 1795 3793 con-

81 3823 287 3897 quaproter,
303 3840 364 3894 non
380 3841 453 3896 casu
472 3843 503 3894 oe
516 3829 639 3902 perpeti,
657 3829 709 3892 sed
725 3831 785 3892 ileo
809 3831 911 3893 omnia
966 3830 1110 3904 funditur,
1139 3833 1211 3904 quia
1237 3832 1268 3898 id
1297 3831 1380 3906 quod
1408 3845 1470 3892 non
1486 3828 1586 3890 feccrit
1599 3828 1793 3891 memoratur·

79 3908 270 3984 disponente,
311 3918 458 3988 testatur;
487 3918 688 3986 detentatori
719 3935 775 3982 suo
802 3921 911 3988 amaru
966 3922 1041 3984 Nam
1057 3921 1086 3976 in
1103 3936 1164 3995 quo
1174 3936 1290 3984 errasse
1303 3919 1483 3986 consideret,
1513 3917 1627 3987 ipsese
1644 3913 1796 3975 conscios«

79 4001 190 4068 tudinis
222 4017 286 4071 supe
307 4007 486 4076 potestatem
506 4005 616 4074 tributi,
632 4007 685 4074 aed
708 4009 833 4071 auctori.
864 4011 912 4072 Se·
966 4008 1007 4076 tia
1024 4008 1149 4074 latenter
1163 4013 1293 4074 accusat.
1318 4008 1400 4064 Unde
1421 4005 1514 4070 llavid
1529 4003 1676 4076 oropum
1691 4015 1795 4072 pletu-

77 4090 178 4162 quitur
196 4107 203 4160 ς
967 4098 1014 4162 tur
1026 4094 1128 4153 dicens
1145 4115 1150 4152 :
1172 4098 1282 4160 aTunc
1298 4111 1359 4153 non
1385 4092 1564 4162 contundet,
1580 4090 1653 4156 dum
1668 4087 1795 4160 respicio

110 4179 200 4250 Vens
219 4183 248 4248 ³,
262 4183 288 4250 t.
304 4180 380 4253 Ouia
394 4183 488 4254 donec
500 4185 756 4256 suomeetqulitus
771 4188 801 4242 ic
813 4201 868 4255 me.
884 4191 912 4246 ct
967 4183 997 4238 in
1009 4183 1112 4248 omnia
1127 4184 1272 4254 mandate
1285 4187 1335 4242 tue
1348 4184 1443 4252 (Prot.
1459 4197 1559 4249 curru,
1576 4181 1613 4246 tl.
1631 4176 1796 4236 »Graviter

77 4269 201 4338 spiritus
217 4271 276 4342 Dei
298 4272 330 4328 ia
345 4272 469 4336 rudore
486 4275 567 4343 metir,
578 4289 639 4342 nou
656 4275 817 4348 loquentur
828 4276 910 4343 latria
966 4288 1098 4344 namque
1115 4272 1322 4347 unusquisque
1335 4270 1538 4340 confunditur,
1555 4267 1679 4342 quando
1705 4281 1793 4332 mem

79 4375 138 4429 roco
153 4362 359 4436 inunitatem,
384 4378 438 4432 rece
452 4365 559 4436 itaqua
583 4365 779 4433 meditabitur
790 4368 910 4434 menda·
964 4362 1035 4430 date
1056 4362 1105 4427 ilci
1119 4363 1317 4434 vellegendo,
1341 4362 1388 4420 vel
1403 4359 1554 4429 audiendo
1579 4358 1793 4432 rescissoque

78 4449 163 4522 tituta5
181 4482 217 4492 -
234 4450 322 4516 Quod
333 4450 417 4526 prius
429 4452 627 4526 iniquitatem,
642 4454 698 4511 hoc
714 4456 909 4527 postmodum
964 4451 1093 4518 vivendo
1118 4452 1305 4524 contempsit,
1332 4451 1404 4507 ilinc
1431 4448 1554 4516 ioannis
1570 4463 1644 4508 voco
1663 4445 1791 4510 diciturt

78 4543 213 4613 repetens
229 4539 426 4608 mendacium
449 4539 531 4598 dixit.
547 4544 622 4598 Nam
636 4547 665 4600 et
682 4558 772 4612 omne
787 4544 910 4614 menda·
965 4563 979 4589 «
992 4539 1018 4597 Si
1037 4556 1088 4598 cor
1102 4544 1240 4606 nostrum
1255 4557 1315 4598 non
1331 4538 1554 4614 reprehenderit
1568 4554 1634 4604 nos,
1648 4535 1792 4598 caedem

78 4624 154 4696 cium
167 4627 317 4705 iniquitas
330 4632 383 4700 est,
397 4634 426 4688 et
436 4628 534 4691 omnis
548 4629 690 4704 iniquitas
705 4631 908 4706 mendacium,
962 4628 1111 4684 habemus
1126 4628 1166 4698 ad
1181 4632 1275 4693 ileum
1290 4631 1319 4702 (I
1329 4632 1417 4691 daca.
1436 4644 1480 4696 ur,
1496 4627 1550 4698 tlt.
1568 4649 1582 4680 v
1599 4629 1633 4685 Et
1649 4642 1655 4680 t
1672 4646 1687 4680 v
1703 4622 1792 4690 Ouid·

77 4714 145 4786 quia
171 4715 310 4792 protecto
336 4717 376 4786 ab
391 4718 530 4793 equitate
555 4717 705 4792 discrepat
727 4719 909 4794 quidquido
963 4717 1036 4791 quid
1059 4717 1242 4790 petierimus,
1258 4717 1441 4790 accipiemus
1460 4716 1560 4786 (doda-
1576 4729 1633 4780 nn,
1651 4713 1705 4784 tt).
1721 4734 1735 4762 ι
1751 4715 1792 4766 Ac

78 4801 196 4863 veritate
226 4804 391 4870 discordat.
414 4805 470 4867 Sed
493 4805 570 4867 inter
583 4807 640 4870 hoc
653 4807 736 4880 quod
751 4807 791 4866 ait
814 4808 907 4884 loqu,
963 4807 988 4864 si
1002 4808 1134 4871 diceret:
1157 4809 1227 4870 Siiri
1248 4808 1331 4882 quod
1346 4806 1480 4881 praecipit
1500 4804 1639 4871 totoue.
1654 4803 1684 4864 id
1707 4802 1792 4877 quod

77 4893 278 4964 postmodum
300 4893 432 4966 subdidit
457 4894 607 4966 meditari,
632 4909 745 4966 magne
768 4895 909 4967 distentia
962 4896 1091 4969 petimus
1120 4897 1302 4959 obtinemus.
1338 4897 1430 4958 Valde
1458 4909 1592 4968 namquo
1620 4893 1684 4954 hoc
1707 4893 1791 4967 apud

77 4985 127 5040 est.
144 4983 375 5060 Nonnunquam
387 4981 467 5052 enirn
482 4984 569 5060 pejus
580 4987 626 5040 est
644 4985 837 5056 mendacium
848 5002 909 5042 me·
965 4987 1056 5043 ueum
1083 4989 1209 5060 utraque
1237 4985 1294 5050 sibi
1321 4984 1492 5051 necessario
1514 4987 1697 5056 concreant,
1712 4987 1745 5043 ut
1761 4985 1791 5042 et

77 5067 171 5143 ditari,
191 5087 291 5172 quem
304 5071 398 5146 loqui.
414 5076 489 5142 Nam
516 5072 599 5148 loqui
618 5073 796 5148 plerumque
810 5075 908 5148 praeci·
962 5073 1096 5146 oratione
1124 5075 1258 5150 operatio
1278 5081 1306 5134 ct
1319 5076 1491 5148 operatione
1520 5074 1661 5138 fulciatur
1680 5072 1785 5134 oratio.

77 5157 228 5232 pitationrs
251 5164 308 5232 est²
323 5161 459 5232 meditari
486 5178 558 5223 vero
585 5161 726 5234 studiosae
742 5163 906 5239 pravitatis,
963 5161 1008 5218 Sic
1021 5162 1114 5237 queri
1129 5167 1226 5238 potest
1241 5179 1302 5236 quo
1316 5168 1406 5236 pacto
1418 5163 1536 5230 acarde
1547 5179 1602 5222 suo
1611 5156 1789 5233 reprobandi

77 5250 216 5317 quamvis
229 5265 454 5322 nonnunquam
466 5251 502 5306 sit
516 5251 640 5324 aliquod
650 5251 799 5312 mendacii
813 5267 906 5322 genus
961 5267 992 5306 sc
1003 5255 1103 5326 negat,
1118 5251 1170 5326 qui
1181 5267 1212 5311 se
1225 5267 1365 5326 peccasse
1378 5245 1787 5326 sumetusoccusatm'rmns:

77 5336 169 5409 culpae
184 5338 318 5408 levioris,
331 5340 355 5396 si
369 5341 534 5413 quisquam
557 5340 771 5414 praecipitando
785 5341 908 5412 meptia-
960 5341 1097 5410 Perenni,
1124 5341 1197 5412 qui'd
1221 5343 1336 5412 sariam
1364 5345 1427 5412 titt,
1451 5359 1469 5404 a
1491 5346 1590 5402 castor
1606 5331 1788 5396 uomicam?
1812 5375 1818 5380 .

77 5427 130 5486 tur.
148 5427 208 5494 Sed
231 5427 305 5500 quic
320 5427 466 5499 scriptum
485 5431 529 5489 est
544 5445 551 5484 z
566 5451 579 5480 a
597 5432 635 5486 Os
660 5429 742 5502 quod
765 5429 907 5502 mendtur
966 5432 1018 5488 Vel
1031 5437 1109 5490 certe
1123 5431 1328 5504 sijustifieare
1353 5447 1399 5496 ma
1412 5433 1543 5492 vulnero.
1558 5440 1590 5482 ⁰³
1608 5437 1706 5482 mcum
1720 5437 1789 5482 Μ’

77 5517 329 5590 occiditanirnanr
342 5517 426 5591 (Sap.
443 5534 462 5588 ι,
477 5516 517 5590 ιι)
529 5535 535 5586 ;
549 5539 563 5569 »
579 5522 607 5574 et
623 5535 629 5572 :
643 5519 775 5590 «Perdes
790 5519 906 5594 eosqui
959 5521 1110 5592 mmnqtit
1125 5537 1181 5581 are.
1192 5554 1226 5564 -
1242 5523 1299 5586 Sed
1311 5519 1468 5582 sciendum
1482 5520 1527 5573 est
1540 5513 1705 5588 quodsunt
1718 5529 1787 5588 90⁰*
