4160 6162
132 151 182 206 iii
355 147 357 152 ’
548 147 696 206 arriana
714 143 899 204 nominat
918 143 946 202 S.
967 139 1070 202 GRK&
1091 145 1127 203 ΙΝ
1145 143 1220 206 JOB.
1240 177 1275 191 -
1295 147 1362 208 LIB.
1382 153 1426 208 lv.
1650 147 1654 154 ’
1794 157 1844 218 ist

129 289 183 348 per
197 275 289 347 caput
301 265 444 342 mentem,
464 285 517 345 per
529 271 639 328 eoelum
657 273 842 344 praecaptum
857 285 958 344 super·
975 264 1177 330 linnmiuti
1192 277 1304 331 sancta
1329 275 1465 334 Ecclesiae
1492 291 1525 334 se
1548 278 1844 355 condescenderen-

128 377 175 418 na
188 361 349 420 locutionis
364 362 536 435 accipimus.
550 359 705 416 Pulvenm
720 375 792 432 crgo
807 375 897 434 super
912 375 959 417 ca·
1014 361 1140 431 mulant,
1156 367 1184 419 et
1194 362 1251 420 sub
1265 362 1542 424 blandimentorum
1563 369 1661 443 specle
1689 369 1775 428 dolos
1790 369 1843 428 de·

128 453 183 524 put
205 451 237 506 in
253 451 332 507 caelo
344 467 483 528 spargere
498 453 551 520 est,
568 449 694 506 seculari
709 448 860 506 intellectu
877 465 959 506 meu·
1014 451 1157 526 captionis
1172 457 1289 527 parant.
1318 453 1351 510 ln
1366 457 1443 511 terra
1455 471 1527 527 ergo
1542 459 1704 517 consedere
1719 463 1773 532 est,
1789 460 1843 519 eii-

128 543 190 596 tem
205 555 408 614 corrumpere,
429 543 457 596 et
471 539 508 595 de
529 537 628 595 verbis
653 537 823 595 clelestibus
843 543 959 595 terrena
1013 541 1085 616 quid
1101 541 1138 597 de
1162 541 1293 614 imagine
1312 541 1489 602 humilitatis
1518 547 1686 618 ostendere,
1707 553 1749 619 ut,
1769 549 1844 609 dum

130 630 251 687 sentire.
270 631 363 704 Super
384 629 482 704 capita
503 628 593 700 igitur
619 627 775 704 pidverem
802 631 957 703 spargunt,
1013 630 1139 687 humilia
1158 631 1308 700 exhibent,
1338 633 1521 708 persuadent
1542 637 1675 708 superba
1699 655 1768 714 qua
1791 640 1844 699 dc·

129 721 203 795 quia
217 720 248 777 in
258 720 412 794 preceptis
427 719 478 776 llei
489 735 544 793 per
562 723 713 776 terrenam
732 717 959 790 intelligentiam
1015 724 1091 776 cent.
1107 719 1205 777 Potest
1216 721 1307 778 etiam
1320 735 1375 795 per
1399 727 1509 781 terram
1537 724 1603 797 ipsa
1617 723 1784 784 lledlatcris
1797 730 1844 786 in-

129 811 209 867 ultra
223 825 345 866 suarum
354 809 503 866 mentium
517 811 595 866 vires
608 809 753 866 nituntur.
781 811 958 867 Mensurae.
1014 811 1147 868 namatio
1157 809 1319 882 designari.
1336 812 1418 869 Unde
1427 813 1467 870 ad
1476 811 1702 872 lsraeldicitur:
1717 837 1732 866 a
1744 815 1844 876 Atura

126 897 258 956 afflictas
273 898 354 955 enim
370 913 426 955 nos
445 898 516 956 sitia
532 897 656 955 minime
671 903 867 969 cognoscunt,
887 897 960 972 quia
1014 899 1051 957 de
1076 904 1154 957 terra
1176 900 1289 957 facietis
1303 901 1376 958 mihi
1393 903 1503 970 (lineat.
1518 919 1565 974 xx,
1585 905 1631 972 il,
1646 905 1691 973 te,
1707 907 1763 978 20).
1781 929 1795 958 a
1810 911 1843 964 ln

126 987 210 1044 triste
225 1003 277 1044 cor
290 1003 362 1044 mox
378 992 410 1045 ut
436 987 624 1062 pulsaverint
637 988 800 1062 reprobata
814 986 958 1058 resiliunt,
1013 993 1091 1048 terra
1118 1006 1189 1061 ergo
1213 990 1315 1047 sedere
1331 995 1375 1049 est
1398 991 1446 1049 vel
1458 993 1489 1050 in
1504 993 1561 1050 hcc
1574 991 1658 1068 quod
1673 993 1786 1068 aliquid
1805 997 1843 1054 de

126 1082 155 1134 et
168 1090 237 1150 ques
247 1093 305 1134 nos
319 1077 404 1135 laetos
418 1079 505 1152 quasi
518 1081 675 1148 noverant,
686 1077 739 1151 qui
749 1077 957 1164 penetrabant,
1013 1079 1197 1156 plenitudine
1210 1080 1342 1138 veritatis
1366 1081 1543 1154 intelligunt,
1574 1083 1620 1141 rel
1633 1083 1665 1140 in
1678 1085 1736 1142 hcc
1760 1085 1844 1160 quad

126 1171 287 1224 maerentes
301 1181 484 1238 cognoscere
502 1171 666 1242 nequeunt,
686 1167 758 1240 quia
773 1167 840 1242 ipsc
856 1170 958 1222 nostro
1015 1185 1075 1226 suae
1091 1171 1221 1228 stultitiae
1237 1171 1366 1228 tenebris
1381 1177 1569 1231 excaecantur
1582 1171 1723 1247 heretici,
1745 1175 1844 1234 incar-

125 1255 224 1328 rigore
237 1255 426 1328 tranguntur.
445 1257 503 1326 Qui
522 1259 727 1315 exclamantes
746 1257 956 1326 ploraverunt.
1013 1259 1143 1316 nunonis
1158 1262 1338 1334 mysterium
1353 1277 1464 1334 negare
1475 1277 1536 1320 non
1551 1279 1652 1337 posse,
1681 1281 1844 1342 veramque

128 1346 268 1418 signatur
289 1347 370 1404 enim
387 1347 483 1420 pietas
499 1363 553 1421 per
564 1347 726 1420 ploratum,
743 1345 881 1402 discretio
905 1360 959 1418 per
1013 1349 1219 1422 Redemptoris
1244 1365 1367 1407 carnem
1395 1365 1465 1408 cum
1490 1356 1593 1409 sancta
1625 1353 1757 1411 Ecclesia
1783 1371 1844 1412 cre-

127 1434 302 1492 scissionem
314 1435 451 1504 vestium,
463 1435 587 1493 allectus
598 1449 724 1509 operum
736 1449 789 1508 per
799 1433 958 1508 pulverum
1013 1437 1092 1494 dere.
1110 1439 1370 1496 marrimandum
1398 1439 1515 1498 afflictis
1536 1439 1625 1497 uobis
1652 1439 1724 1498 vitia
1742 1441 1846 1502 sedent

128 1525 272 1599 capitum.
285 1527 423 1602 Sequitur
439 1543 446 1582 ι
1013 1526 1044 1582 in
1058 1531 1146 1598 terra,
1160 1539 1230 1583 cum
1244 1527 1408 1599 imaginem
1434 1527 1610 1586 humilitatis
1633 1533 1796 1602 ostentant,
1813 1535 1846 1591 ut

163 1615 250 1672 Vens.
267 1613 310 1673 13.
327 1616 478 1672 Sederunt
493 1631 559 1672 cum
576 1629 608 1672 ea
622 1617 654 1671 ln
668 1619 750 1672 lerna
768 1621 879 1688 septem
896 1615 957 1671 die·
977 1615 1154 1682 aeffectum
1182 1615 1315 1674 utilitatis
1342 1616 1530 1685 subtrahant,
1554 1619 1587 1673 ut
1614 1617 1690 1674 dum
1708 1633 1739 1674 se
1753 1633 1845 1675 unus-

129 1704 182 1760 bus
195 1709 222 1761 et
236 1709 345 1775 septem
356 1705 502 1774 noctibus,
518 1703 686 1778 etreliqua.
702 1737 736 1745 -
748 1705 853 1761 illrum
868 1705 959 1760 conti·
1014 1705 1142 1780 quisque
1154 1703 1313 1776 indiguum
1329 1705 1508 1774 considerat,
1522 1721 1570 1763 res
1586 1707 1618 1763 in
1638 1705 1751 1780 qmbus
1778 1723 1847 1782 pro·

126 1794 195 1850 nuis
208 1799 323 1868 septem
337 1795 443 1852 diebus
458 1799 487 1852 et
497 1799 611 1868 septem
628 1795 768 1851 noctibus
781 1811 850 1851 cum
869 1793 959 1852 afflic-
1013 1795 1101 1852 desse
1128 1793 1273 1868 proximis
1301 1799 1427 1868 poterat,
1449 1795 1617 1852 ministrare
1642 1795 1842 1869 pertimescat.

128 1893 158 1947 to
172 1882 227 1940 lob
243 1881 384 1954 sederint,
409 1899 449 1940 an
464 1888 541 1940 certe
567 1883 675 1940 diebus
695 1888 723 1940 et
737 1884 877 1940 noctibus
891 1883 958 1940 icti·
1015 1883 1154 1958 Sequitur
1169 1899 1176 1938 ι
1192 1883 1232 1939 Et
1251 1899 1336 1941 nnnc
1360 1883 1580 1956 loquebaturne·
1596 1884 1728 1942 verbum.
1745 1917 1780 1927 -
1793 1885 1845 1942 Ta-

128 1971 198 2029 dem
220 1973 367 2030 melantia
390 1973 417 2028 ei
437 1973 549 2028 crebrae
568 1972 747 2030 visitationis
769 1973 958 2044 adhaeserint,
1015 1977 1114 2030 centes
1140 1973 1220 2030 enim
1242 1973 1433 2030 adversarios
1458 1973 1616 2042 habemus,
1634 1974 1659 2030 si
1686 1987 1753 2032 rere
1766 1973 1845 2034 illics

126 2060 316 2132 ignoramus.
334 2063 416 2134 Saepe
434 2063 537 2117 tamen
551 2061 704 2134 Scriptura
716 2065 812 2118 totum
827 2075 883 2133 pro
894 2075 961 2134 par·
1016 2061 1085 2118 [idei
1109 2062 1304 2136 praedicando
1329 2077 1472 2133 generare
1486 2063 1678 2136 negligimus.
1698 2065 1727 2123 Si
1743 2067 1845 2122 autem

126 2148 768 2223 te,etprototopartempcnereconsuevit.
781 2149 962 2205 intuendum
1015 2149 1099 2226 loqui
1113 2155 1191 2208 reete
1217 2151 1389 2226 incipimus,
1418 2168 1524 2223 graves
1548 2166 1621 2211 mcx
1648 2154 1845 2212 contumelias

127 2237 266 2296 videlicet
284 2244 339 2308 est,
355 2240 427 2314 quia
447 2244 516 2296 sunt
530 2239 666 2296 nonnulli
681 2239 733 2312 qui
749 2237 872 2311 alloqui
886 2255 961 2312 pre·
1017 2255 1054 2297 ex
1080 2255 1184 2298 eorum
1216 2242 1411 2314 responsione
1438 2244 1592 2300 sentimus.
1621 2247 1846 2322 Nonnunquam

127 2328 285 2402 cipitanter
298 2327 455 2402 incipiunt,
480 2331 508 2385 et
520 2327 662 2385 effrenate
678 2331 774 2402 crepta
788 2325 961 2384 effrenatius
1016 2327 1117 2383 tamen
1132 2325 1261 2383 haeretici
1274 2338 1343 2382 cum
1355 2330 1475 2399 torpore
1488 2328 1600 2384 inertiae
1610 2327 1744 2386 ildelium
1755 2327 1847 2386 corda

127 2421 343 2492 exsequuntur.
360 2419 396 2475 llt
411 2421 481 2475 sunt
501 2417 639 2475 nonnulli
662 2419 715 2492 qui
730 2415 814 2476 taide
836 2417 961 2494 quidem
1017 2415 1217 2486 considerant,
1245 2415 1353 2472 erroris
1380 2431 1484 2473 semen
1506 2432 1667 2492 aspergere
1693 2417 1847 2489 loquendo

126 2507 212 2582 loqui
225 2505 379 2577 inchoant,
395 2507 447 2564 sed
460 2508 553 2565 semel
567 2507 744 2564 inchoantes
759 2507 871 2564 habere
895 2523 960 2564 mo·
1014 2521 1077 2562 non
1092 2509 1221 2564 cessant.
1254 2507 1328 2562 Cum
1354 2521 1427 2562 vero
1449 2509 1564 2563 mentes
1579 2507 1730 2566 bonorum
1744 2507 1848 2566 vident

128 2595 205 2652 dnm
219 2595 377 2654 locutionis
387 2596 535 2668 ignorant.
550 2595 833 2668 Amiciigiturbeati
843 2595 897 2652 lob
908 2595 960 2652 do·
1015 2595 1075 2654 alta
1086 2611 1201 2670 sapere,
1217 2595 1255 2652 de
1270 2611 1406 2654 erumna
1418 2595 1510 2670 hujus
1540 2596 1633 2654 exsilii
1649 2601 1767 2658 suenus
1795 2597 1847 2656 do-

127 2683 225 2743 lorem
239 2685 385 2756 sidentes,
401 2681 455 2743 diu
468 2689 637 2758 tacuerunt,
653 2685 705 2743 sed
719 2683 801 2742 tarde
815 2685 959 2742 inchoan·
1014 2685 1085 2756 lere,
1111 2684 1379 2762 circumspectione
1408 2685 1532 2744 sollicita
1558 2685 1694 2761 linguam
1716 2686 1844 2745 frenant.

128 2781 174 2833 tes
187 2775 346 2834 indiscrete
360 2776 452 2833 locuti
466 2776 630 2850 suntquis
644 2791 768 2850 parcere
783 2775 894 2834 dolenti
907 2791 960 2832 no·
1016 2774 1092 2842 Quia
1105 2773 1205 2832 vident
1219 2774 1302 2848 quod
1315 2779 1420 2832 cantra
1441 2775 1533 2834 corda
1547 2775 1713 2835 dolentium
1737 2777 1769 2834 in
1783 2791 1846 2834 cas

127 2865 257 2926 luerunt.
274 2865 548 2924 Undenecesseesl
561 2865 961 2923 utnonsclumintueamuc
1016 2879 1085 2918 sum
1110 2861 1267 2936 loquentes
1293 2861 1379 2918 citius
1412 2859 1634 2921 obmutescunt.
1665 2863 1748 2922 Unde
1773 2881 1846 2922 mox

128 2955 205 3030 quid
223 2955 353 3030 agimus,
372 2955 530 3014 sedetiam
550 2971 620 3012 cum
643 2959 759 3030 quanta
782 2953 960 3012 discretione
980 2985 1001 3040 ο
1017 2949 1175 3008 subditur:
1199 2949 1343 3008 vellebant
1361 2965 1440 3006 enam
1465 2951 1596 3008 dolorem
1619 2965 1680 3010 esse
1694 2953 1846 3010 vehenm-

127 3059 321 3118 peragamus.
338 3045 470 3103 llrsrraa.
486 3047 519 3101 ln
532 3043 580 3101 die
595 3059 663 3118 que
675 3043 812 3100 videmus
827 3043 962 3116 agnosci·
1018 3045 1084 3098 tern.
1101 3071 1134 3079 —
1148 3041 1326 3095 llcnrnrsa.
1343 3039 1372 3096 Si
1384 3038 1466 3094 enim
1476 3053 1527 3096 cor
1543 3039 1687 3098 veraciter
1696 3039 1777 3098 dolet
1789 3041 1846 3098 llu-

129 3149 211 3203 mus,
237 3135 269 3190 in
292 3137 380 3190 nocte
396 3137 497 3192 aulem
522 3137 574 3190 aut
596 3132 727 3190 caecitate
742 3132 784 3190 nil
798 3133 960 3202 cernimus,
1017 3145 1110 3202 guam
1141 3131 1246 3186 contra
1271 3143 1327 3184 nos
1350 3127 1423 3185 vitia
1448 3143 1510 3186 non
1530 3127 1654 3188 habent.
1682 3131 1758 3186 Nam
1777 3145 1848 3187 cum

130 3227 183 3281 aut
197 3222 347 3280 dubietate
362 3221 538 3294 caligamus.
554 3221 698 3278 Perdiem
727 3222 830 3298 itaque
854 3221 961 3278 intelli·
1016 3219 1104 3294 plene
1119 3219 1178 3276 vita
1192 3217 1377 3276 rectitudinis
1396 3217 1549 3292 quaritur,
1567 3233 1757 3294 supervacua
1780 3233 1848 3290 sug-

129 3312 240 3386 gentia,
265 3327 318 3388 per
343 3317 462 3372 noctem
483 3309 564 3369 vero‘
577 3312 748 3383 ignorantie
775 3311 959 3384 designatur.
1017 3309 1110 3380 gestio
1137 3306 1291 3384 pravitatis
1318 3305 1494 3365 obduratur.
1526 3309 1610 3384 Saepe
1635 3311 1737 3365 autem
1752 3307 1776 3364 si
1791 3323 1847 3366 nos

130 3403 305 3476 Septenaria
327 3407 427 3460 autem
455 3418 583 3460 numero
613 3419 735 3459 summa
760 3400 961 3460 universitatis
1016 3397 1128 3456 feriter
1142 3397 1326 3470 stringimus,
1343 3397 1414 3454 uitia
1439 3396 1479 3454 ad
1493 3413 1584 3454 usum
1605 3397 1719 3456 virtutis
1733 3399 1844 3456 immu-

128 3492 314 3566 axprimitur.
332 3495 451 3568 Septem
464 3492 544 3552 enim
555 3493 662 3550 diebus
674 3507 764 3549 omne
774 3493 832 3548 boc
840 3495 960 3567 tempus
1016 3491 1125 3546 tamus.
1139 3485 1197 3546 Sed
1207 3487 1282 3544 dum
1295 3485 1372 3544 iram
1386 3487 1492 3545 rationi
1507 3487 1695 3560 subiicimus,
1709 3487 1741 3544 in
1752 3487 1847 3546 sancti

128 3581 327 3639 consumitur.
355 3582 432 3650 Quid
457 3586 595 3654 asterga
624 3581 655 3638 in
671 3586 748 3640 terra
763 3584 878 3658 septem
897 3580 959 3636 die-
1015 3577 1068 3635 aeli
1083 3577 1284 3636 ministerium
1312 3576 1466 3648 verfimus,
1497 3576 1606 3634 sicum
1626 3577 1768 3652 superbia
1794 3578 1848 3635 eri-

128 3669 189 3728 bus
214 3675 242 3729 et
263 3671 403 3732 noctibus
427 3672 540 3740 sedere,
564 3671 622 3730 nisi
647 3671 731 3746 quod
751 3669 891 3740 haeretici,
914 3669 960 3727 vel
1016 3668 1067 3739 git,
1083 3667 1163 3725 hanc
1192 3666 1232 3725 ad
1261 3665 1467 3726 defensionem
1489 3665 1610 3740 justitie
1624 3666 1845 3727 immutamus:

127 3759 178 3818 his
196 3761 227 3817 in
240 3759 351 3836 quibus
369 3777 474 3818 verum
487 3760 591 3820 lumen
613 3761 791 3833 intelligunt,
806 3759 855 3817 vel
867 3759 900 3815 in
911 3759 959 3815 bis
1016 3757 1040 3813 si
1055 3775 1124 3815 aum
1138 3757 1282 3816 fortitudo
1311 3757 1410 3816 carnis
1435 3755 1597 3828 illecebrat,
1620 3756 1738 3831 pietatis
1763 3757 1848 3816 lucra

128 3849 162 3906 in
189 3851 300 3928 quibus
323 3851 499 3922 ignorantiae
525 3851 665 3909 tenebras
689 3851 852 3926 patiuntur,
872 3847 960 3924 quasi
1015 3861 1194 3904 mercemur.

748 4087 921 4176 LIBER
963 4083 1234 4191 QUARTUS.

457 4301 569 4362 carni
589 4303 635 4362 lll.
976 4269 1008 4358 ll·
1054 4297 1271 4356 lassantes
1290 4297 1539 4356 illevertaturia
1560 4295 1707 4370 tenebras,
1730 4317 1791 4361 non
1803 4317 1848 4362 re

1017 4391 1120 4465 quirat
1135 4405 1201 4448 curn
1217 4389 1296 4448 Deus
1312 4388 1441 4461 desuper
1451 4395 1479 4447 et
1491 4407 1552 4448 non
1567 4390 1714 4449 lustretur
1725 4391 1846 4452 luminae.

1017 4479 1133 4536 -Dies
1148 4478 1201 4554 qui
1212 4477 1317 4556 lapsus
1333 4495 1424 4536 cursu
1435 4479 1578 4556 temporis
1593 4481 1694 4554 ecilin,
1708 4499 1762 4542 cur
1774 4481 1849 4541 verti

133 4608 329 4681 mmmm
339 4607 506 4666 mandit
519 4611 593 4665 Em
607 4608 689 4665 enim
702 4607 809 4666 hom
823 4607 881 4665 Job
896 4623 961 4665 m„
1016 4572 1048 4630 in
1057 4569 1196 4628 tenebras
1208 4569 1326 4641 dicitur,
1342 4573 1371 4628 et
1385 4569 1438 4646 qui
1452 4586 1515 4628 non
1530 4569 1673 4642 subsistit,
1693 4573 1849 4647 quormdc

168 4429 224 4498 oiri
238 4431 352 4488 textam
365 4427 546 4501 considerat,
569 4433 599 4487 et
614 4443 739 4487 sensnm
753 4444 847 4488 sacre
861 4428 961 4486 lectio·

131 4519 180 4578 nis
194 4519 323 4590 ignorat,
337 4533 400 4578 non
412 4522 474 4576 tam
494 4534 527 4575 sa
540 4517 707 4576 eruditione
722 4517 851 4584 instruit,
866 4533 962 4590 quam

1016 4659 1127 4720 umbra
1136 4643 1228 4718 volait
1239 4659 1254 4715 t
1267 4661 1326 4717 Aut
1340 4665 1559 4734 quamacctem
1570 4659 1747 4718 tenebrosus
1760 4661 1849 4722 turbo

917 4786 962 4843 uis
1017 4749 1161 4826 possidet,
1176 4764 1271 4824 quem
1285 4745 1386 4804 nullus
1399 4749 1494 4804 status
1505 4751 1584 4806 tenet
1597 4748 1679 4806 taut
1694 4745 1851 4822 quomodo

1018 4844 1138 4916 optatur
1154 4837 1285 4895 solitaria
1305 4835 1380 4912 fieri,
1401 4853 1469 4912 quse
1485 4835 1668 4896 transeundo
1679 4837 1851 4910 jamluerat

1017 4927 1121 4986 nulla?
1138 4927 1306 4986 nutlucem
1319 4926 1475 5002 quomodo
1490 4931 1735 5004 exspectatque
1759 4945 1850 4990 sensu

1019 5019 1126 5078 caret?
1142 5015 1282 5090 Sequitur
1297 5034 1305 5072 s

131 4697 270 4756 indixisse
284 4697 344 4755 diei
353 4713 410 4754 suo
419 4697 607 4768 describitur,
620 4697 724 4754 dicens
740 4715 746 4753 :

170 4790 252 4846 Vsus.
269 4793 294 4847 l.
311 4789 421 4846 Parem
448 4789 509 4846 alies
524 4789 556 4845 in
580 4793 875 4861 nannetensem-
889 4789 912 4854 Q

132 4881 235 4936 autem
248 4877 364 4937 nmcial
372 4877 436 4936 dies
447 4895 510 4953 qua
523 4880 614 4935 natas
626 4883 671 4935 est
680 4893 877 4952 nequaqnam
890 4879 962 4933 nino

134 4971 215 5026 stare
225 4969 382 5042 pobrissei
396 4968 455 5025 Gur
468 4983 541 5040 ergo
554 4967 600 5025 sir
614 4971 714 5026 nnius
723 4966 915 5026 malediceret
921 4965 963 5024 roi

132 5073 228 5131 quam
254 5073 449 5132 nequaquam
469 5055 631 5116 subsistere
651 5073 715 5115 nou
736 5056 912 5128 ignorarett
934 5055 964 5114 Si

133 5148 215 5205 enim
230 5147 404 5206 subsistenti
420 5147 462 5205 rei
478 5146 643 5214 maledixit,
657 5145 825 5221 perniciose
839 5145 909 5218 egil.
935 5144 964 5203 Si
1042 5145 1849 5218 oneremmantnamartuursmegressuseaatem

133 5252 197 5294 non
210 5237 384 5296 subsistenti
398 5237 441 5295 rei
462 5237 626 5310 maledixit,
650 5237 754 5295 otiose
778 5235 909 5309 Ideoque
922 5234 963 5292 sic
1019 5233 1743 5306 mstcnmpmiroaaeeaceprasaeaiaaaw
1754 5233 1849 5286 lacta·

132 5329 231 5385 otiosa
257 5327 339 5385 velut
362 5327 452 5384 etiam
476 5328 647 5401 perniciosa
674 5325 870 5385 formidanda
884 5329 962 5382 sunt.
1020 5321 1849 5382 nsaaentscrltancentmacmteassiurenntm

133 5417 207 5476 ilinc
219 5417 301 5476 enim
315 5417 516 5492 scriptumest
530 5434 561 5473 2«
574 5419 668 5474 Omne
678 5415 807 5474 verbum
819 5413 962 5486 otiosum,
1019 5415 1389 5488 meoreqniesceremltans.
1402 5407 1849 5481 11-1e.-nunquidsicgrassus

132 5505 218 5580 quod
229 5504 321 5565 locuti
335 5507 445 5564 inerint
456 5505 604 5578 homines,
619 5505 744 5565 reddent
759 5506 797 5564 de
816 5521 853 5562 sn
873 5503 964 5562 ratio-
1019 5521 1057 5574 οι
1071 5508 1156 5562 utero
1168 5504 1266 5563 statim
1281 5505 1429 5578 periisset,
1440 5495 1643 5560 ren-ibaticnis
1658 5496 1800 5556 muitum
1813 5509 1849 5554 οι

133 5597 479 5670 sententiantes).
497 5595 652 5669 &quitum
1021 5595 1080 5654 bac
1094 5597 1164 5671 ipsa
1184 5595 1350 5671 perditione
1368 5587 1557 5668 perciperet?
1576 5587 1717 5663 quuid
1738 5591 1851 5646 uterus
