4110 6138
201 111 295 200 ¹aar

863 123 1043 190 APPENUIX
1055 123 1102 186 AD
1123 122 1152 180 S.
1174 121 1329 184 oberant.

1910 125 1968 182 &28

243 259 410 322 ecclesiam
426 261 459 320 la
480 257 625 318 omnibus
642 271 714 318 vero
728 271 780 316 eos
803 254 1009 332 procurantes,
1023 247 1073 306 de·
1089 251 1110 304 Α
1126 244 1247 304 cuilibet
1274 245 1415 306 exercitui
1430 245 1596 304 assimilata
1608 245 1766 304 videretur.
1787 209 1823 306 bt
1836 245 1916 320 quia
1930 247 1968 306 ci·

240 349 378 424 legerunt
389 347 463 426 ipsis
475 347 602 408 domum
616 345 746 406 ecclosim
761 342 856 402 valvis
867 341 1069 400 inhaerentem.

242 453 334 512 aqua
346 437 378 498 iu
390 437 547 496 ecclesiam
559 450 732 509 reciprocus
749 432 902 504 ingressus
918 433 946 488 et
958 441 1072 500 regres-

243 544 294 587 sus
308 527 447 584 secretior
459 525 629 584 haberetur.
645 526 701 582 Sex
716 539 787 580 vero
802 519 958 580 mensibus
973 532 1072 603 emen-

243 616 295 686 sis,
320 620 475 692 comperto
496 613 632 674 canonici
653 613 737 690 quod
758 611 855 682 Rollo,
870 605 1071 668 Cenomannis

243 709 342 780 capta,
357 691 514 764 Turonum
524 701 686 777 [furonim]
698 703 822 775 captum
835 697 877 754 ire
888 695 1069 770 disponeret,

244 791 466 852 communicato
490 806 560 850 cum
584 789 698 848 civibus
712 785 909 862 [concivibus]
925 783 986 840 suis
999 797 1071 840 eon·

244 883 320 954 silio,
331 881 493 960 pretiosam
503 878 710 952 margaritam,
721 882 750 938 et
761 875 945 950 singrdarem
955 873 1073 932 thesau.

243 988 322 1044 rum,
338 968 518 1030 sanctissimi
543 967 681 1028 videlieet
704 982 813 1042 corpus
839 963 954 1024 Martini
980 964 1072 1018 Aure·

243 1059 331 1122 iana
354 1075 452 1137 usque
473 1057 676 1118 transmittunt
703 1057 786 1128 (200).
799 1055 892 1128 liujus
912 1053 1022 1110 latores
1043 1055 1072 1106 et

244 1149 383 1210 custodes
410 1147 595 1212 exstiterunt,
611 1146 767 1204 liebernus
787 1143 904 1216 Maioris
930 1144 1072 1200 Uonaste-

243 1238 278 1294 rii
292 1237 389 1294 abbas
404 1236 582 1312 sepedictus
604 1251 673 1294 cum
693 1233 797 1308 viginti
820 1237 950 1306 quatuor
964 1245 1071 1288 mona-

244 1327 358 1396 ciriaci
372 1325 534 1384 duodecim
548 1325 696 1393 canonici,
707 1323 759 1398 qui
774 1326 834 1382 er
847 1326 876 1380 et
888 1319 994 1382 Christi
1002 1335 1072 1378 con-

1126 334 1201 394 vitas
1217 337 1304 394 tantae
1328 334 1515 396 insufficiens
1536 334 1722 392 multitudini
1739 335 1901 392 universos
1918 352 1964 392 ca·

1125 438 1196 497 pere
1208 439 1270 480 non
1285 427 1412 497 poterat,
1429 441 1483 498 per
1504 423 1751 498 circumjacentes
1763 424 1849 482 vicos
1863 424 1965 498 hospi-

1125 511 1209 570 tandi
1223 513 1319 584 gratia
1332 511 1589 572 diffundebantur.
1608 512 1755 572 Omnibus
1770 513 1965 587 [autem]pro

1125 605 1195 660 voto
1206 618 1259 675 per
1272 603 1379 662 merita
1389 603 1470 664 beati
1485 603 1599 664 llartini
1614 603 1753 660 antistitis
1764 602 1849 660 salus
1860 609 1965 676 optata

1124 691 1317 750 reddebatur.
1326 697 1359 750 ln
1367 691 1487 751 familie
1499 709 1569 752 vero
1582 692 1719 764 ejusdem
1730 692 1867 767 episcopi
1880 693 1965 767 [pon-

1126 781 1223 853 tificis]
1235 798 1324 838 usum
1333 782 1475 840 universa
1484 782 1702 842 infirmantium
1719 781 1871 840 transibat
1882 782 1965 838 obia-

1125 868 1176 928 iio.
1192 873 1302 928 Tantus
1318 874 1423 930 autum
1435 870 1544 930 chates
1555 871 1691 946 pecuniae
1706 871 1840 928 excrevit
1854 887 1966 928 cumu-

1126 957 1183 1028 lus,
1201 963 1233 1015 ut
1246 975 1409 1018 numerum
1427 960 1613 1034 [munerum]
1627 959 1780 1034 quantitas
1809 959 1965 1018 excedens

1125 1047 1435 1108 antissiodorensibus
1448 1050 1561 1108 clericis
1575 1049 1694 1108 mvidiae
1708 1050 1848 1110 fomitem
1861 1050 1967 1106 minis

1125 1142 1224 1196 traret.
1241 1138 1324 1196 Unde
1339 1139 1511 1214 cupiditatis
1524 1141 1566 1210 fet
1578 1139 1699 1198 invidiae
1720 1139 1846 1196 stimulo
1861 1155 1965 1213 perur-

1125 1232 1223 1300 gente,
1247 1229 1362 1288 llartini
1387 1229 1541 1288 ministros
1556 1229 1652 1288 taliter
1667 1230 1876 1303 alloquuntur.
1891 1231 1967 1296 Ouo

1124 1315 1208 1374 niam
1222 1319 1284 1374 mm
1297 1321 1541 1392 anosuo.quam
1554 1321 1680 1376 avestro
1689 1317 1832 1392 pontifice
1842 1317 1966 1374 virtutes

243 1415 349 1476 fossori
363 1415 486 1474 Martino
503 1414 605 1488 [dicae
622 1415 719 1486 nocte]
734 1411 932 1470 deservirent:
949 1409 1071 1466 eomita-
1125 1408 1154 1462 et
1177 1403 1323 1462 miracula
1348 1405 1551 1464 indifferenter
1577 1403 1664 1478 fiunt,
1694 1422 1818 1480 requam
1846 1411 1894 1462 est
1925 1411 1964 1474 nt,

243 1505 287 1564 tui
310 1521 414 1562 ecrrrm
428 1503 630 1564 indeserenter
643 1501 866 1574 [indesinenter]
897 1498 1072 1558 adherenti-
1125 1494 1151 1552 si
1164 1493 1239 1568 quid
1249 1493 1379 1552 utilitatis
1392 1495 1500 1552 exinde
1512 1495 1693 1568 provenerit,
1705 1495 1865 1568 utriusque
1879 1495 1967 1552 mini·

241 1594 301 1654 bus
317 1593 478 1654 duodecim
493 1596 597 1652 Castra
614 1595 685 1652 novi
697 1591 899 1664 burgensibus
923 1589 1005 1662 (201),
1019 1587 1071 1662 qui
1085 1618 1107 1659 u
1124 1581 1177 1640 stri
1190 1583 1222 1640 in
1249 1599 1411 1642 commune
1426 1583 1594 1658 partiantur
1620 1583 1810 1656 [pervenerit
1826 1585 1965 1658 utrisque

242 1682 354 1742 sancis
367 1681 598 1741 deservitcribus
612 1680 661 1755 pie
684 1680 895 1752 deservientes,
910 1679 1071 1738 eisueees-
1123 1671 1156 1730 in
1177 1688 1338 1730 commune
1363 1673 1530 1748 partiatur]
1559 1672 1674 1740 Quibus
1699 1672 1832 1732 cadenti
1846 1674 1965 1732 ratione

244 1761 534 1844 misprenderem.
553 1773 652 1828 Fames
666 1785 735 1828 vero
749 1768 946 1844 postmodum
968 1768 1071 1826 decur-
1124 1762 1339 1822 satisfactiones
1354 1762 1406 1834 illi,
1421 1763 1608 1837 postulantes
1624 1762 1795 1838 [postulata
1814 1764 1867 1836 jus
1881 1780 1966 1820 com-

242 1857 334 1916 rentis
348 1858 571 1934 [percenseatis]
586 1857 681 1918 relatu
705 1857 812 1930 edocti,
827 1857 911 1933 quod
934 1857 1009 1914 Uaui
1031 1856 1071 1914 ad
1124 1852 1277 1910 munionis
1292 1851 1323 1910 in
1350 1853 1431 1910 huno
1455 1852 1583 1910 modum
1608 1852 1788 1922 dissolvunt,
1809 1852 1964 1910 dieentes:

244 1948 344 2008 Galliae
358 1949 513 2022 superiora
527 1949 751 2024 processissent,
767 1965 837 2006 oum
859 1948 1000 2008 thesauro
1013 1963 1070 2004 suo
1124 1945 1296 2014 Antequam
1321 1941 1463 2002 Martinus
1486 1945 1590 2000 noster
1604 1941 1664 1998 huo
1680 1941 1847 2014 adveniret,
1862 1951 1965 1999 vestro

241 2037 429 2098 maenarum
446 2041 631 2100 transmeant
658 2038 860 2096 benedictum.
874 2037 978 2096 Paucis
998 2052 1070 2094 vero
1123 2030 1172 2088 hio
1194 2031 1406 2104 perordinante
1419 2031 1664 2106 [perendinante]
1681 2031 1844 2098 Germano,
1870 2032 1966 2088 nullo

242 2126 567 2202 clapsisdiebusfama
580 2127 715 2201 pervigili
729 2143 851 2188 rursum
867 2126 1069 2199 proenuntian-
1123 2135 1192 2178 rum
1218 2121 1330 2178 mentio
1344 2120 1561 2180 miraculorum
1575 2125 1649 2178 crat.
1674 2121 1707 2178 ln
1733 2119 1868 2178 adventu
1893 2138 1964 2178 vero

242 2221 281 2288 te,
297 2216 458 2292 quodiam
476 2217 560 2276 ltollo
579 2217 745 2276 Aurelianis
759 2216 937 2284 advenisset,
953 2220 1068 2274 sancta-
1123 2207 1217 2268 nostri
1231 2207 1378 2278 antistitis,
1392 2207 1450 2284 piis
1470 2209 1535 2280 ejus
1562 2209 1593 2266 id
1608 2208 1812 2266 obtinentibus
1835 2209 1964 2266 meritis,

242 2321 311 2360 rum
321 2303 1068 2379 bsjulireliquiarumChableiam[oateoiilabeiam,
1124 2301 1152 2354 et
1176 2297 1332 2368 signorum
1355 2295 1524 2370 frequentia
1552 2297 1676 2354 evidens
1688 2297 1856 2361 exhibetur,
1880 2302 1911 2354 et
1926 2314 1962 2354 ex

242 2394 294 2454 scd
308 2393 461 2472 ecmupte]
474 2395 607 2452 veniunt.
1123 2383 1269 2460 impensos
1293 2401 1347 2459 per
1375 2401 1446 2442 eum
1468 2385 1573 2444 salutis
1595 2390 1748 2459 respectu,
1777 2385 1960 2458 hujusmodi

278 2485 309 2540 V.
325 2485 469 2558 Tempore
483 2485 585 2542 autam
605 2481 783 2558 permodico
798 2479 911 2540 ibidem
937 2495 1071 2540 commo
1122 2475 1212 2534 nobis
1235 2473 1385 2534 beneficia
1411 2475 1603 2550 proveniunt.
1627 2477 1661 2534 Ut
1683 2480 1787 2533 autem
1801 2491 1841 2534 ex
1858 2477 1964 2534 animo

241 2571 310 2637 rati,
321 2577 405 2630 matu
411 2572 637 2630 convalescente
646 2572 765 2638 iterum,
780 2587 851 2628 cum
864 2571 1005 2628 thesauro
1019 2569 1070 2628 illc
1123 2569 1223 2622 vestro
1234 2564 1333 2624 omnis
1349 2580 1441 2638 super
1454 2565 1511 2624 boc
1521 2565 1682 2624 dubietatis
1692 2565 1965 2640 serupulusescin-

241 2659 471 2732 incomparabili
493 2659 733 2718 Animiodorum
764 2659 838 2732 [202]
858 2675 954 2732 usque
968 2671 1071 2732 perse
1123 2654 1222 2724 datur,
1244 2653 1384 2728 leprosus
1398 2655 1459 2724 bic,
1475 2654 1528 2728 qui
1542 2669 1604 2728 pree
1617 2654 1712 2712 oculis
1732 2659 1786 2723 est,
1801 2655 1834 2712 in
1849 2655 1964 2724 medio,

242 2745 338 2806 aiunt.
363 2743 529 2822 Episcopus
543 2761 612 2806 vero
632 2745 716 2806 fama
729 2743 909 2824 perambula
932 2745 1070 2822 [praeam-
1124 2741 1149 2800 si
1162 2741 1269 2816 placet,
1280 2742 1445 2816 presulum
1466 2743 1621 2800 sanandus
1642 2741 1795 2800 inferatur.
1811 2743 1842 2802 Si
1855 2759 1964 2801 veroa
2042 2749 2043 2758 ’

241 2831 326 2910 buia]
339 2835 588 2910 premunitum
612 2841 674 2898 tota
698 2836 813 2906 civitas,
828 2835 1068 2906 chrismarent,
1123 2832 1238 2894 Umtini
1261 2831 1354 2894 latere
1379 2831 1490 2908 leprosi
1517 2831 1597 2890 latus
1611 2831 1744 2910 posimm
1759 2831 1962 2904 convaluerit,

242 2925 561 3000 attentumbcspitem
575 2926 847 2988 cumhonorencn
866 2925 1001 2984 indebito
1017 2926 1069 2982 de·
1085 2953 1106 3010 C
1123 2927 1154 2980 et
1176 2921 1348 2980 Germmani
1379 2921 1466 2980 lateri
1498 2922 1638 2994 ejusdem
1669 2920 1750 2980 latus
1780 2921 1964 2995 adiunctum

241 3011 366 3082 ducunt,
381 3014 450 3071 etin
468 3015 593 3074 eeclesia
615 3015 697 3073 beati
718 3015 867 3085 Germani,
884 3031 970 3072 secus
993 3015 1070 3087 ejus·
1123 3013 1155 3070 in
1176 3011 1262 3086 lepra
1285 3012 1453 3086 perstiterit,
1480 3011 1596 3069 virtutis
1610 3012 1726 3070 auctori
1750 3014 1877 3070 llartino
1908 3016 1961 3071 mi·

243 3101 312 3164 dem
347 3103 484 3182 presulis
519 3104 673 3177 teretrum,
709 3105 826 3168 Uartini
854 3120 917 3164 non
944 3103 1069 3180 imparis
1123 3101 1262 3162 raculum
1277 3101 1453 3160 ascribatur.
1470 3102 1500 3160 Si
1515 3105 1617 3160 auum
1638 3117 1655 3160 e
1678 3117 1838 3174 converso,
1855 3119 1874 3162 a
1892 3107 1963 3162 llar-

240 3208 353 3266 ccrpus
369 3199 528 3268 reponunt.
540 3197 594 3256 Per
607 3193 715 3255 merita
736 3193 827 3266 igitur
839 3193 920 3255 beati
945 3195 1068 3264 Uarini,
1125 3189 1178 3250 tini
1192 3193 1277 3264 parte
1291 3189 1406 3265 [latere]
1420 3189 1533 3266 leprosi
1556 3207 1628 3264 pars
1640 3191 1740 3266 posita
1751 3207 1814 3250 non
1827 3199 1962 3262 cursum,

239 3281 364 3340 virtutes
377 3281 491 3339 ibidem
508 3282 695 3340 etmiracrda
720 3283 881 3344 innumera
894 3283 981 3340 fiunt.
996 3284 1071 3341 Caeci
1124 3281 1312 3338 ettiermano
1329 3296 1401 3355 pers
1429 3280 1578 3338 inhaerens
1606 3285 1738 3352 sanetur,
1754 3280 1796 3338 ad
1818 3283 1962 3340 Germani

241 3368 365 3444 quidem
377 3369 486 3444 visum,
501 3369 600 3427 claudi
613 3383 762 3442 gressum,
776 3369 978 3427 febricitantes
994 3369 1071 3426 sani·
1124 3369 1265 3426 meritum
1291 3369 1422 3442 [merita]
1451 3368 1601 3443 patefacta
1624 3369 1718 3427 virtus
1731 3373 1760 3427 et
1779 3370 1962 3429 miraculum

241 3461 343 3532 utem,
371 3457 447 3516 aridi
475 3461 660 3532 sospitatem,
687 3459 799 3534 leprosi
828 3459 1069 3530 mundationem,
1124 3457 1329 3516 transferatur.
1343 3458 1840 3534 aequiescuntutiquc,ctprolata
1855 3461 1962 3535 judicii

241 3546 398 3621 paralytici
408 3548 615 3608 membrorum
629 3547 891 3620 reintegrationem
912 3547 1068 3622 recipiunt.
1124 3547 1271 3610 sententia
1286 3545 1326 3606 ab
1338 3547 1481 3606 omnibus
1495 3547 1695 3624 approbatur.

243 3636 334 3692 Fama
351 3651 422 3694 vero
441 3651 510 3710 quas
525 3635 604 3694 clem
629 3637 703 3694 nihil
731 3652 820 3707 agere
839 3637 1004 3709 consuevit,
1016 3653 1071 3711 per

241 3723 397 3782 universas
407 3725 545 3798 regiones
559 3727 721 3784 sanitatum
745 3726 873 3798 gratiam
885 3725 1069 3799 divulgante,
1160 3727 1204 3784 Vl.
1217 3731 1249 3785 ln
1262 3733 1474 3802 argumentum
1493 3729 1583 3802 igitur
1596 3729 1799 3802 agnoscenda
1810 3729 1959 3800 veritatis,

242 3819 325 3874 tanta
337 3815 395 3874 illic
404 3816 436 3876 in
450 3816 513 3876 dies
526 3816 745 3878 infirmantium
759 3815 922 3878 midlitudo
939 3815 1070 3878 conflue·
1123 3817 1155 3880 in
1166 3817 1267 3877 medio
1280 3817 1443 3892 presulum
1456 3817 1596 3894 leprosus
1607 3819 1739 3894 ponitur.
1749 3821 1889 3878 Decursis
1902 3821 1957 3893 {de

240 3901 305 3974 bat,
319 3907 352 3962 ut
373 3920 411 3964 aa
437 3905 556 3966 numeri
579 3905 739 3968 innumera
761 3906 968 3976 estimatione,
988 3907 1070 3978 regio
1125 3909 1226 3980 cursa]
1238 3905 1340 3981 itaque
1354 3911 1441 3966 nocte
1456 3907 1872 3981 illavigtlilset(orationibus
1881 3911 1960 3968 deest

276 4083 353 4158 [200]
364 4083 472 4142 Sancti
490 4099 598 4158 corpus
622 4085 753 4144 Martini
778 4085 953 4144 Aurelianis
979 4099 1071 4159 usque
1127 4083 1312 4144 llcnasterii:
1328 4107 1341 4136 α
1358 4087 1460 4160 ipsum
1482 4083 1578 4142 sancti
1597 4083 1711 4143 Martini
1730 4087 1959 4158 monasterium,

242 4157 462 4238 transmittant.
479 4157 591 4214 Eadem
604 4157 692 4215 refert
705 4162 734 4214 et
750 4155 815 4230 jam
829 4157 934 4216 citatus
954 4157 1070 4230 Majoris
1128 4155 1211 4284 quod
1219 4155 1425 4238 justalurbem
1440 4159 1513 4228 erat,
1530 4162 1748 4239 concrematur,
1763 4159 1912 4240 monaehi
1934 4165 1959 4214 et

241 4228 408 4286 lionasterir
422 4229 601 4286 monachus.
1129 4243 1226 4284 cerror
1240 4227 1436 4298 uuerdantur,
1452 4231 1481 4284 et
1494 4227 1664 4284 venerabde
1679 4243 1790 4302 eorpus
1800 4237 1900 4286 sancti
1911 4245 1960 4286 an·

277 4298 351 4380 [201]
367 4297 442 4356 Cum
456 4299 612 4382 duodecies
632 4299 828 4358 Cestii-Noci
851 4299 1067 4382 Bergeasilrus.
1086 4307 1108 4362 Ι)
1128 4299 1225 4356 tistitis
1241 4299 1481 4382 antissiodorum
1495 4297 1653 4380 defertur.»
1664 4329 1698 4340 -
1709 4299 1809 4380 Uelius
1824 4301 1959 4384 acrbio-

243 4367 556 4492 «·Plur1mum,rngu1t
582 4369 663 4428 rdcm
689 4371 867 4436 monachus,
893 4371 959 4442 [am
982 4369 1069 4427 diotre
1127 4370 1244 4427 dorum.
1263 4371 1400 4428 Srcemm
1413 4375 1590 4426 Ammianus
1613 4369 1797 4428 Marcellinus
1811 4371 1866 4428 lrb.
1889 4389 1958 4438 ιω

242 4437 353 4494 civitati
363 4438 477 4498 confert
512 4441 582 4497 astri
592 4441 663 4498 Novi
679 4441 820 4512 contigua
835 4441 1070 4514 affinitas,eujus
1126 4443 1275 4498 Percurre
1301 4442 1399 4500 codem
1423 4443 1530 4498 itinere
1556 4443 1784 4498 Antisiodoram
1806 4447 1958 4514 persenit

242 4508 295 4591 viri
325 4509 401 4567 adeo
428 4507 568 4580 illustres,
585 4517 617 4569 ut
639 4513 716 4578 aad,
730 4517 758 4569 et
782 4514 906 4583 argenti,
927 4513 1011 4584 varii,
1043 4518 1072 4570 et
1127 4513 1209 4569 Unde
1224 4515 1253 4570 et
1280 4511 1363 4586 apud
1390 4511 1595 4570 frodoardum
1609 4513 1868 4572 Antisiodorensrs
1881 4517 1959 4585 epis·

242 4581 549 4710 gldffldls‘liiiverslmm
573 4583 698 4666 insuper
721 4583 901 4711 speeiessrm,
927 4589 956 4640 et
981 4584 1071 4711 000υὲ
1125 4599 1227 4712 ὅρμιζε,
1243 4587 1274 4711 ett
1284 4583 1316 4640 in
1329 4583 1537 4712 NithatrXmltib.
1548 4583 1841 4713 ιὸἀΑυῑὶιίοάονωιὶιιε
1850 4601 1959 4714 fugas.

240 4669 422 4806 {faistai
435 4667 1071 4810 iilliuflivitlsillefallitis.
1124 4671 1852 4854 glflni‘adiilaia,scitalilitliivai
1865 4673 1960 4786 titii

241 4799 289 4852 tur
300 4811 331 4852 rn
356 4795 541 4856 Chavtularro
556 4813 657 4854 rerum
672 4798 946 4866 Vindocrnensrum,
967 4798 1070 4854 charta
1148 4813 1274 4862 ermanr,
1291 4796 1470 4854 hisverbrs:

240 4869 275 4922 28
289 4864 336 4922 his
349 4867 462 4924 verbis:
480 4869 590 4933 «Quod
607 4869 631 4924 si
652 4867 738 4935 forte,
759 4869 832 4943 quia
846 4875 879 4925 ut
900 4867 980 4938 dicit,
996 4869 1071 4926 litte·

240 4951 290 4992 ras
300 4937 361 4994 vult
375 4937 499 5007 discere,
515 4941 546 4995 in
571 4940 690 4998 civitate
703 4940 830 5008 Torone,
844 4939 888 4996 vel
904 4939 988 5022 apud
1007 4956 1070 4997 cas-

241 5005 344 5063 tellum
359 5023 473 5065 novum
488 5011 582 5067 sancti
597 5011 710 5070 Martini
733 5011 857 5068 volucrit
868 5011 1014 5083 habitare,
1028 5011 1070 5068 lbi

240 5093 363 5154 quoque
375 5079 577 5154 praebebimus
592 5082 628 5148 ei,
645 5087 673 5142 et
686 5097 741 5138 suo
755 5081 872 5140 homini
884 5088 942 5140 tres
954 5089 1069 5140 tentum

263 5165 380 5208 illies.»

241 5165 351 5296 Ρ(202)
367 5221 441 5280 Cum
467 5221 607 5280 tteseero
626 5223 859 5296 incomparabili
882 5225 1070 5282 Autissiodo-

240 5309 318 5352 ram.
334 5293 460 5352 Historia
470 5293 663 5352 dominorum
678 5296 1070 5354 ambaziensiummliortuo

241 5369 341 5422 autem
366 5365 472 5423 Carolo
488 5365 587 5430 flabo,
606 5369 689 5436 Uani,
710 5368 807 5446 quiin
829 5365 1002 5424 infidelitate
1026 5383 1070 5423 re-

240 5441 425 5506 manserant,
438 5453 508 5493 cum
532 5437 665 5496 Huasten
679 5437 755 5494 duce
779 5453 834 5494 suo
850 5437 958 5494 Galliae
974 5438 1069 5495 tribus

252 5503 290 5560 ai.
306 5506 458 5578 tringinta,
474 5507 527 5582 qui
542 5509 681 5592 quidam,
697 5509 864 5582 sexaginta]
881 5507 967 5565 annis
982 5508 1071 5564 intes-

254 5577 338 5630 antea
361 5577 442 5634 beati
457 5581 569 5636 Martini
598 5596 708 5652 eorpus
723 5579 931 5636 antissiodoro
946 5581 1070 5637 canoni-

241 5661 293 5704 cos
319 5648 478 5706 transferre
503 5651 751 5725 compulerunt.»
765 5653 799 5710 Et
816 5649 925 5710 labda
952 5651 1069 5726 iiajcris
1123 5651 1307 5714 Altiodcrum
1320 5667 1375 5726 pro
1389 5651 1631 5730 altissiodorum,
1643 5667 1749 5712 versus
1771 5667 1866 5714 censa
1881 5651 1957 5711 dixit

1195 4923 1302 4976 Celtice
1317 4939 1374 4994 qua
1383 4923 1492 4978 medios
1503 4923 1636 4995 exporgit
1650 4921 1744 4978 Gallis
1759 4929 1877 4980 metus

1196 4994 1301 5047 Urbem
1315 4994 1391 5049 haud
1413 4995 1584 5049 incelebrem
1597 4993 1674 5048 Galli
1690 5009 1816 5065 posuere
1829 4997 1956 5068 priores,

1196 5067 1332 5120 Antrious
1347 5083 1364 5120 a
1377 5066 1483 5137 priscis
1499 5065 1571 5134 clim
1581 5071 1682 5120 vocate
1697 5065 1833 5132 refertur,

1195 5137 1278 5191 AEtas
1291 5137 1436 5208 posterior
1450 5138 1562 5209 pinnas,
1578 5143 1608 5193 st
1626 5136 1756 5193 culmina
1769 5138 1861 5192 avitis

1196 5207 1341 5263 Moenibus
1351 5210 1500 5279 imposuit,
1515 5209 1576 5262 duri
1589 5209 1749 5262 munimina
1762 5209 1850 5263 bellis

1196 5281 1238 5334 Ex
1253 5281 1450 5349 augmentatis
1464 5295 1548 5335 verso
1561 5281 1731 5349 cognomine
1746 5283 1848 5346 maris,

1196 5351 1260 5406 Sive
1275 5367 1382 5424 sequax
1394 5365 1466 5405 usus
1479 5351 1558 5405 dieas
1573 5352 1820 5420 autissiodorum,

1195 5424 1250 5477 Seu
1266 5421 1400 5476 mutilare
1410 5421 1492 5491 velis,
1508 5427 1537 5477 et
1551 5423 1657 5477 dixeris
1673 5421 1867 5487 altiodorum,

1196 5495 1317 5550 Nomine
1332 5495 1445 5550 diverso
1460 5511 1506 5548 res
1522 5501 1568 5550 est
1581 5495 1756 5550 cumulatior
1769 5508 1837 5550 nna.
