4104 6162
109 119 155 173 tia
464 134 466 138 '
500 125 644 182 0110111
664 126 692 183 S.
713 127 758 183 GE
779 125 863 182 Abbi
882 125 1021 184 comis
1040 129 1216 192 cualliae.
1237 165 1272 178 —
1292 137 1358 195 bib.
1378 140 1412 196 ll.
1762 149 1814 206 871

106 241 146 294 cel
156 238 347 312 appenditiis,
359 255 427 315 que
449 245 617 313 monacbis,
632 261 711 320 qnos
729 246 842 304 ibidem
857 250 965 304 con-A
984 263 1063 319 care,
1083 265 1177 324 quam
1190 257 1276 328 pater
1296 257 1361 328 ejus
1384 258 1502 317 dudum
1525 259 1557 318 in
1581 260 1695 320 bonore
1718 270 1814 326 saneti

105 341 221 399 gregare
233 327 578 403 disposuerat,adomne
595 333 777 408 stipendium
791 332 927 390 sufficere
982 337 1141 398 Clementis
1163 347 1379 403 construxerat.
1403 351 1487 420 Nam,
1511 353 1544 408 ut
1565 351 1811 427 praedixeramus,

105 419 229 488 possent.
245 416 376 474 Ardebat
389 435 522 494 namque
537 436 623 478 mens
635 421 714 478 illius
728 420 927 480 coenobialem
981 425 1078 485 isdem
1092 434 1175 504 paler
1188 431 1253 504 ejus
1266 431 1423 506 religiosus
1433 437 1499 510 luit,
1514 443 1616 514 utpote
1630 443 1684 517 qui
1695 443 1733 502 de
1746 460 1813 518 pro

104 503 157 560 illic
167 503 384 566 habitationem
399 509 608 584 stabilitaque
623 511 781 570 coenobitm
796 527 866 569 cum
881 509 928 566 sui
983 515 1070 589 sapia
1085 517 1293 590 religiosorum
1307 521 1513 584 descenderat.

105 593 210 651 ordinis
231 594 341 654 abbate
365 613 560 657 communem
579 599 723 660 ducerent
733 602 826 659 vitam
841 600 926 674 (103).
1017 605 1062 660 VI.
1079 607 1154 663 Dum
1167 623 1239 666 vero
1253 607 1364 668 domus
1380 611 1525 670 labricam
1540 617 1737 690 continuaret,
1752 621 1814 679 ani·

26 705 32 714 ·
105 683 227 742 Censum
250 701 372 758 quoque
396 686 555 760 delegavit,
575 691 629 764 qui
654 691 694 748 ad
719 689 928 748 urnambeali
982 707 1032 748 mc
1049 709 1168 769 semper
1187 695 1327 756 volvebat
1340 699 1467 772 qualiter
1480 707 1582 774 posset
1603 706 1732 778 reperire
1747 725 1812 766 nic·

104 774 172 831 Petri
185 775 343 834 annuatim
363 777 546 838 redderetur.
561 781 673 856 ltaque,
689 785 722 838 ut
746 782 849 840 animo
869 780 927 838 ier·
981 781 1096 840 nacbos
1110 784 1163 858 qui
1176 783 1254 843 bene
1277 788 1384 846 morati
1408 795 1517 858 essent,
1533 794 1562 848 et
1575 789 1677 850 locum
1697 795 1753 853 sub
1768 813 1813 855 re-

103 863 175 922 venti
189 871 377 940 conceperat,
389 869 476 940 juxta
498 870 671 928 condictum
694 872 846 946 proiectus
872 876 926 943 est,
982 871 1079 944 gulari
1110 875 1264 948 proposito
1290 876 1418 935 incolere
1444 879 1622 952 potuissent.
1649 883 1706 939 Sed
1742 901 1813 942 cum

103 957 130 1010 et
139 953 220 1027 quod
239 953 422 1022 decreverat,
435 959 496 1015 Deo
511 966 717 1034 prosperante,
734 961 858 1036 peregit.
876 963 929 1019 Re-
982 959 1149 1032 reperiendi
1163 963 1269 1021 raritas
1283 964 1489 1042 difficultatem
1500 967 1661 1042 intulisset,
1671 971 1814 1030 anxiaba-

103 1059 199 1100 versus
213 1047 315 1101 autem
329 1043 507 1119 lapidicinos
523 1051 551 1106 et
562 1049 638 1123 (101)
651 1051 816 1109 mactiones
834 1050 927 1108 unde·
982 1051 1030 1104 tur
1044 1048 1102 1118 ille,
1116 1053 1145 1107 et
1165 1051 1313 1125 quidnam
1334 1053 1443 1113 laceret
1467 1057 1540 1129 (1011
1560 1057 1722 1116 nesciebat.
1738 1061 1813 1118 Tum

103 1147 216 1206 cunque
237 1133 328 1206 jussit
352 1137 519 1208 aggregari,
534 1142 564 1196 et
578 1139 618 1196 ad
639 1141 872 1199 construendam
895 1140 926 1198 iu
981 1153 1051 1195 vero
1066 1139 1182 1196 nobiles
1194 1141 1344 1215 quosdam
1358 1159 1470 1216 pueros
1489 1145 1529 1202 ad
1541 1146 1692 1205 vabrense
1710 1165 1812 1206 coeno·

102 1219 210 1278 bonore
225 1219 306 1278 beati
320 1223 927 1304 Petriecclesiamfundamentumprace-
981 1224 1067 1283 bium
1094 1227 1210 1287 direxit·
1237 1234 1312 1288 Nam
1341 1235 1411 1289 tunc
1440 1233 1585 1306 regularis
1614 1236 1812 1294 observantie

101 1309 142 1384 pit
164 1309 281 1384 aperiri.
299 1311 357 1370 Sed
382 1314 519 1386 0010000,
544 1317 682 1376 0111010111
706 1319 858 1377 bonorum
882 1319 927 1376 in·
981 1313 1080 1371 iervor
1093 1315 1301 1390 incalescebat,
1318 1323 1351 1376 ut
1366 1319 1477 1378 scilicet
1499 1323 1582 1396 apud
1597 1323 1810 1382 fraternitatem

101 1397 193 1468 vidus,
209 1399 387 1474 nesciaque
413 1406 476 1460 arte
500 1404 721 1477 providentiam
744 1406 846 1464 leiellit
864 1423 926 1464 ma·
980 1401 1063 1460 illam
1078 1404 1135 1460 sub
1149 1420 1256 1464 norma
1272 1407 1402 1478 regulari
1427 1409 1518 1467 iidem
1533 1411 1618 1484 pueri
1642 1412 1813 1470 imbueren-

101 1485 266 1557 gistrorum.
289 1489 530 1548 Fundamentum
554 1509 688 1568 namque
710 1495 868 1553 infirmiter
885 1496 928 1554 lo-
981 1496 1038 1548 tur.
1054 1493 1200 1567 liquibus
1215 1511 1406 1571 nuncusque
1428 1505 1565 1572 superest
1580 1517 1669 1574 uuus,
1689 1503 1742 1577 qui
1762 1519 1812 1560 eo-

101 1579 285 1646 caverunt,et
295 1593 365 1635 cuin
377 1579 443 1651 jain
455 1579 487 1637 in
502 1597 635 1656 expensa
649 1583 773 1654 mandis
787 1599 926 1642 nummo
980 1579 1050 1638 dem
1064 1580 1154 1639 beato
1175 1584 1302 1642 Geraldo
1315 1601 1384 1660 quc
1397 1587 1606 1658 describimus,
1619 1591 1685 1648 visa
1699 1597 1811 1666 namet,

101 1679 163 1722 ium
187 1681 309 1725 sumina
329 1672 406 1734 esset
424 1669 594 1744 profligata,
608 1672 798 1746 parietesque
819 1673 926 1732 nibilo-
979 1675 1009 1728 et
1030 1687 1126 1728 manu
1152 1672 1263 1730 scribit.
1293 1675 1385 1732 Poma
1414 1691 1485 1733 cum
1525 1677 1616 1736 iidem
1653 1681 1738 1753 pueri
1766 1697 1811 1737 re-

99 1753 195 1812 minus
210 1755 241 1812 in
255 1755 351 1814 altum
364 1759 926 1836 porrecti,quadraminumcompages
979 1760 1053 1818 verti
1074 1761 1261 1834 juberentur,
1290 1763 1362 1838 quia
1384 1765 1522 1838 magistri
1545 1765 1715 1840 defuerunt,
1740 1785 1812 1825 mox

100 1842 195 1900 subito
218 1843 342 1902 dissuta
364 1851 549 1904 corruerunt.
565 1851 624 1906 Nec
638 1853 739 1907 tamen
752 1850 865 1908 viriste
879 1851 925 1908 ni·
979 1847 1105 1923 puellari
1143 1849 1269 1909 mollitia
1305 1853 1440 1925 resoluti,
1479 1854 1611 1928 rigorem
1645 1855 1811 1930 disciplinas

99 1931 154 1988 mis
174 1931 215 1988 ob
236 1931 294 1988 hec
318 1933 509 1992 contristatus
533 1939 587 1992 est.
602 1937 670 1994 Non
693 1939 782 2011 enim,
798 1941 831 1994 ut
854 1937 925 1996 scri-
979 1936 1183 2009 neglexerunt.
1200 1941 1234 1996 lit
1254 1939 1295 1997 ile
1321 1941 1454 2014 contigit,
1474 1947 1507 2000 ut
1534 1959 1581 2000 res
1606 1943 1647 2001 ad
1672 1934 1831 2002 ellectum

98 2023 181 2092 ptum
196 2025 250 2089 cst,
266 2023 556 2094 contristatjestum
578 2025 725 2097 quidquid
738 2027 766 2084 01
783 2027 927 2085 acciderit
979 2041 1042 2082 nou
1068 2027 1200 2085 veniret:
1230 2045 1326 2086 unum
1361 2033 1463 2088 tamen
1499 2047 1604 2090 corum
1634 2033 1811 2092 necessitate

99 2107 925 2188 (Ρ100.111,1Ι).1Ιο1000111101100000101010οί00υο
980 2114 1089 2172 ductus
1125 2117 1238 2174 caeteris
1274 2117 1415 2192 praefecit.
1442 2119 1500 2178 Sed
1528 2137 1598 2178 cum
1632 2121 1681 2180 ille
1718 2123 1812 2181 disso

96 2194 169 2252 illud
184 2195 241 2253 sub
263 2196 322 2254 bac
345 2198 505 2256 occasione
531 2200 742 2270 retardaretur,
757 2218 872 2259 merces
886 2207 927 2261 ta·
979 2203 1040 2261 lule
1067 2203 1189 2274 viveret,
1214 2205 1260 2263 vir
1291 2206 1411 2264 Domini
1442 2210 1634 2268 vehementer
1662 2211 1812 2269 allicieba-

97 2299 165 2340 men
188 2284 296 2357 perditi
322 2287 422 2360 operis
448 2303 645 2362 nequaquam
671 2289 788 2363 periret.
816 2290 926 2348 Videns
979 2296 1036 2361 tur,
1063 2291 1137 2366 quia
1163 2293 1248 2351 illum
1276 2295 1423 2368 corrigere
1455 2312 1517 2354 non
1550 2297 1681 2368 valebat,
1711 2314 1811 2374 neque

95 2371 178 2447 quod
202 2373 253 2430 Dei
273 2373 389 2446 judicic
411 2375 593 2449 permissum
617 2377 654 2435 sit
677 2381 709 2434 ul
731 2379 795 2436 baec
807 2379 926 2453 jactura
979 2381 1073 2438 0111110
1099 2381 1221 2451 habere,
1237 2399 1329 2458 quem
1356 2383 1424 2442 loco
1445 2383 1524 2443 illius
1551 2385 1715 2460 subrogare
1738 2401 1808 2462 pos-

96 2463 186 2534 lieret,
201 2464 259 2522 hoc
273 2468 376 2523 10111011
395 2465 538 2524 usitatum
561 2483 639 2541 pene
658 2468 690 2525 in
710 2469 794 2526 omni
808 2471 924 2529 actione
979 2473 1032 2527 set.
1054 2473 1129 2528 Cum
1159 2486 1231 2542 ergo
1257 2473 1302 2530 vel
1337 2472 1433 2544 illum,
1461 2474 1508 2531 vel
1543 2475 1705 2550 complices
1730 2475 1808 2549 ejus,

97 2569 214 2628 semper
241 2557 294 2624 est,
324 2559 357 2612 ut
383 2555 532 2630 quidquid
565 2556 713 2630 placidius
749 2561 810 2616 1100
845 2559 925 2618 exhi·
977 2563 1126 2632 corrupte
1153 2559 1221 2618 vite
1247 2561 1396 2640 tramitem
1420 2562 1557 2621 incedere
1579 2564 1711 2636 vidisset,
1736 2564 1811 2622 illud

96 2643 191 2713 betur,
208 2643 358 2702 difficilius
372 2649 544 2718 peragatur.
560 2649 595 2704 Et
609 2651 687 2705 certe
707 2647 740 2706 in
753 2665 854 2706 rerum
868 2665 923 2708 na·
978 2646 1165 2720 Davidicum,
1191 2647 1341 2722 profunde
1369 2651 1534 2725 suspirans,
1550 2652 1678 2711 dicebat.
1703 2655 1727 2710 0
1749 2655 1809 2712 Do-

97 2735 163 2788 tura
182 2731 267 2806 quod
287 2731 373 2790 citius
393 2738 591 2806 augmentum
604 2737 694 2810 capit,
711 2737 797 2796 citius
821 2739 861 2796 ad
875 2739 925 2796 de·
977 2737 1067 2807 mine,
1103 2737 1216 2808 dissipo
1256 2739 1414 2796 consilium
1444 2740 1627 2812 Actttcptet
1662 2743 1713 2812 (ΙΙ
1736 2745 1807 2816 aeq.

95 2822 205 2879 tectum
226 2821 337 2894 vergit:
362 2822 443 2896 quod
466 2838 538 2881 vero
560 2823 727 2897 difficulter,
751 2827 924 2886 diuturnius
978 2841 1026 2895 xv,
1042 2825 1097 2896 01).

36 2917 40 2922 ’
96 2911 234 2985 persistit
1014 2913 1074 2968 Vll.
1107 2916 1331 2989 Nonnunquam
1363 2931 1433 2973 vero
1461 2917 1492 2974 in
1520 2933 1625 2975 vocem
1656 2919 1810 2992 plangoris

132 3000 166 3056 V.
185 3000 448 3074 Quadragesimale
472 3006 591 3077 tempus
612 3003 785 3070 advenerat,
801 3021 872 3063 cum
892 3005 923 3063 in
939 2976 960 3033 C
979 3017 1140 3076 erumpens
1156 3003 1397 3077 superhemines
1420 3021 1498 3079 quos
1521 3006 1562 3063 ad
1580 3007 1812 3082 malumprocli-

94 3089 303 3148 construendis
330 3090 463 3148 aediliciis
490 3107 542 3149 aer
564 3093 630 3164 jam
656 3093 829 3152 clementior
853 3095 925 3152 arri-
978 3107 1029 3148 ves
1052 3090 1185 3162 videbat,
1206 3097 1351 3166 pertaesus
1374 3093 1601 3166 ingemiscebat,
1627 3097 1715 3169 quasi
1740 3112 1811 3171 que·

94 3178 194 3236 debat.
220 3179 364 3237 Gereldus
392 3179 529 3253 quodam
558 3197 659 3251 mane,
678 3184 831 3241 consuetis
858 3199 924 3240 ora·

94 3266 226 3326 tionibus
254 3267 390 3342 expletis,
415 3268 486 3326 exiit
511 3267 551 3326 ab
579 3269 693 3344 oppido
717 3271 801 3346 quod
826 3271 925 3328 eidem

92 3357 161 3414 loco
185 3357 331 3416 imminet.
360 3357 519 3418 Paululum
549 3359 616 3432 jam
644 3375 837 3434 progressus,
868 3377 926 3419 000-

93 3447 138 3521 pit
160 3446 275 3504 visibus
302 3447 362 3504 buc
391 3447 522 3522 illucque
559 3450 703 3523 porrectis
735 3450 925 3508 considerare

92 3535 220 3594 ubinam
240 3539 343 3610 posset
368 3537 467 3612 aptius
490 3537 622 3596 ecclesioe
650 3539 765 3597 lubrica
793 3539 923 3598 fundari.

92 3625 226 3685 Tandem
252 3625 340 3699 elegit
374 3626 475 3685 locum
512 3627 615 3686 divina
643 3629 839 3704 dispositione
859 3631 925 3702 jam

91 3717 275 3790 praescitum.
302 3713 389 3773 lubet
409 3716 498 3788 igitur
525 3716 653 3775 artifices
681 3733 786 3776 rursus
806 3718 924 3789 adesse,

92 3805 229 3863 studium
268 3805 412 3872 recalere,
450 3821 528 3880 opus
568 3806 772 3865 intermissum
805 3807 923 3882 aperiri,

91 3899 193 3969 coeptc
219 3895 303 3970 operi
330 3893 477 3968 sagaciter
501 3895 629 3970 instare,
655 3895 814 3954 ecclesiam
844 3913 925 3954 com-

90 3984 207 4060 petenti
221 3983 442 4058 granditudine,
467 3988 496 4042 et
516 3989 640 4043 arcuato
662 3987 814 4044 schemate
835 3984 925 4044 labri·

91 4133 158 4186 tam
179 4126 274 4202 ipsius
297 4125 466 4185 testamenti
486 4125 669 4201 principium
689 4131 718 4184 et
735 4127 814 4196 finis,
829 4142 925 4200 quam

90 4199 179 4273 quod
194 4213 301 4256 census
314 4198 355 4256 ad
375 4213 485 4256 urnam
504 4198 585 4256 beati
605 4199 681 4256 Petri
704 4198 862 4256 annuatim
875 4197 925 4256 de·

87 4270 194 4398 legattii,
219 4269 295 4328 sicut
315 4270 450 4343 requitur
471 4268 503 4326 in
523 4269 637 4342 odone,
663 4269 747 4328 nulla
771 4269 805 4327 lit
832 4269 864 4328 in
887 4285 924 4327 eo

89 4357 166 4398 men
191 4357 219 4399 o.

129 4414 206 4486 (103)
222 4413 347 4470 cenem
371 4413 727 4486 praeponderantem
748 4412 922 4493 00010001

90 4485 176 4541 beati
197 4485 283 4541 Petri
304 4485 462 4542 annuatim
489 4483 674 4541 redametur.
692 4483 738 4540 Sic
760 4482 924 4540 willelmus

88 4555 163 4612 Pius
174 4554 384 4612 Cluniacenses
398 4569 469 4611 suos
482 4571 502 4611 x
516 4553 681 4612 solidorum
701 4569 825 4611 censum
838 4569 925 4628 apos·

87 4625 192 4684 101100
203 4625 268 4682 sedi
279 4626 385 4708 quinto
395 4641 517 4699 quoque
529 4640 610 4682 auno
623 4625 753 4708 pendere
761 4625 923 4694 constituit,

89 4697 194 4754 tutelis
209 4712 341 4754 nomine.
358 4718 373 4746 «
383 4695 439 4753 Per
450 4695 692 4778 quinquenmum
704 4700 816 4765 autem,
827 4695 925 4770 inquit

87 4769 123 4824 in
145 4771 325 4825 testamento
344 4765 539 4836 fundationis,
555 4769 657 4825 Romae
670 4767 710 4825 ad
720 4767 824 4824 limina
838 4781 925 4841 apos-

87 4837 236 4907 tolorum,
252 4838 293 4895 ad
306 4837 468 4896 luminaria
481 4837 618 4911 ipsorum
639 4837 861 4905 concinnanda,
875 4837 926 4894 de-

87 4925 163 4967 cem
173 4909 286 4966 solidos
298 4909 414 4983 praelati
429 4908 570 4966 monachi
584 4909 765 4983 persolvant,
780 4909 924 4967 babeant-

85 4996 155 5056 que
173 4981 328 5038 tuitionem
341 4979 477 5054 ipsorum
491 4980 698 5054 apostolorum
713 4985 802 5054 atque
817 4983 924 5038 itoma-

85 5050 925 5180 bibblifitiiilitiiili‘tiribaldi

85 5197 122 5252 ta
152 5193 258 5267 patria
281 5193 371 5250 beato
396 5194 482 5250 Petro
506 5191 602 5263 reddi,
621 5207 676 5266 per
699 5207 795 5250 annos
819 5193 924 5264 singu-

83 5265 139 5322 los
165 5263 269 5332 voluit,
297 5264 341 5321 uti
370 5262 519 5321 Goliridus
543 5263 772 5320 vindocinensis
801 5267 830 5319 et
859 5263 925 5336 ipse

83 5335 193 5394 abbas
207 5335 350 5403 declarat,
373 5333 499 5408 epistola
514 5339 530 5392 0
545 5333 613 5392 libri
630 5334 729 5409 primi,
744 5333 791 5391 liis
804 5333 922 5391 verbis:

978 3179 1139 3237 rimoniam
1165 3179 1288 3254 faciens,
1303 3182 1387 3256 quod
1402 3182 1493 3241 iidem
1507 3184 1645 3241 homines
1659 3201 1716 3260 pro
1728 3201 1811 3243 amo-

978 3285 1011 3328 re
1034 3269 1141 3326 mundi
1165 3269 1305 3344 perirent,
1328 3271 1412 3345 quod
1436 3271 1532 3348 pietas
1556 3273 1705 3346 deficeret,
1727 3273 1810 3350 quod

977 3359 1120 3434 iniquitas
1153 3358 1327 3432 inundaret,
1361 3362 1443 3435 quod
1476 3378 1553 3438 pene
1583 3364 1648 3436 jain
1679 3363 1811 3421 universi

979 3448 1147 3508 amitterent
1160 3465 1179 3506 a
1191 3449 1280 3507 corle
1295 3449 1508 3522 innocentiam,
1521 3451 1560 3510 ab
1576 3469 1627 3510 ore
1642 3453 1809 3512 veritatem.

979 3537 1104 3596 Nolebal
1145 3541 1247 3596 autem
1277 3539 1386 3612 jurgiis
1423 3556 1529 3599 eorum
1567 3557 1599 3598 se
1629 3542 1809 3616 immiscere,

979 3627 1033 3686 sed
1071 3627 1178 3686 orabat
1218 3633 1250 3686 ut
1289 3629 1368 3686 Deus
1409 3630 1600 3705 omnipotens
1639 3619 1812 3706 pacificaret

979 3733 1095 3785 omnes,
1116 3717 1293 3792 precipiens
1320 3719 1485 3776 missarum
1510 3719 1656 3778 solemnia
1682 3720 1812 3780 celebra·

978 3806 1014 3878 ri,
1029 3805 1104 3862 illud
1118 3805 1249 3864 Ezechiae
1276 3805 1462 3881 frequentius
1482 3808 1612 3866 iterans:
1637 3809 1809 3884 ODomine,

977 3897 1033 3966 fiat
1051 3901 1170 3953 tantam
1187 3910 1255 3966 pas
1275 3901 1303 3953 et
1328 3898 1439 3954 veritas
1464 3897 1497 3953 ia
1520 3897 1622 3955 1110100
1642 3899 1712 3956 meu
1728 3897 1808 3970 (lsai.

979 4000 1077 4054 xxxix,
1091 3986 1137 4053 8),
1154 3987 1183 4041 et
1197 3983 1291 4040 illud:
1315 3985 1337 4041 0
1351 3990 1497 4057 quantum
1521 3985 1621 4056 deficit
1638 3989 1778 4044 sanctus!
1793 4001 1811 4043 0

980 4123 1142 4184 adnotavit.
1158 4124 1292 4183 sednon
1307 4123 1506 4182 omittendum
1560 4125 1601 4184 od
1615 4125 1696 4184 idem
1702 4126 1810 4184 beatus

980 4197 1044 4256 0do
1057 4199 1158 4253 noster
1170 4196 1272 4254 scribit
1295 4196 1373 4255 intra
1388 4211 1456 4270 cap.
1470 4201 1502 4254 17
1536 4213 1553 4254 0
1577 4213 1670 4256 censu
1683 4201 1810 4256 Romam

980 4268 1019 4326 ab
1034 4269 1091 4325 lioc
1110 4271 1213 4325 sancto
1229 4267 1366 4340 Geraldo,
1382 4268 1516 4326 secundo
1530 4285 1653 4344 quoque
1668 4285 1749 4328 anno
1761 4269 1811 4330 da·

938 4327 961 4384 D
979 4338 1156 4408 larrisolilo,
1173 4355 1242 4396 cum
1264 4339 1320 4397 ait:
1337 4342 1418 4397 lianc
1439 4339 1494 4396 sibi
1518 4339 1616 4469 lffim
1630 4341 1809 4415 prebuerat,

979 4415 1011 4468 ut
1026 4409 1160 4467 secundo
1175 4425 1294 4484 semper
1314 4426 1395 4468 anno
1419 4411 1459 4468 ad
1474 4426 1527 4496 sep
1577 4427 1646 4469 rum
1660 4413 1811 4488 apostolo·

978 4498 1047 4539 rum
1071 4485 1244 4550 recurreret,
1266 4480 1432 4556 decemque
1458 4482 1570 4540 sobdos
1593 4483 1810 4559 ad.proprium

979 4552 1091 4611 collum
1105 4551 1474 4680 dependentestanguam
1489 4553 1616 4628 supplex
1632 4554 1811 4624 0010110,οο-

978 4623 1062 4682 mino
1076 4639 1132 4680 suo
1142 4624 1230 4697 quasi
1244 4639 1368 4681 censum
1403 4623 1546 4682 0101101.»

1015 4695 1274 4768 (mulctationes.
1287 4693 1417 4751 Verbum
1430 4693 1575 4752 Gallicum
1585 4699 1614 4752 01
1625 4693 1808 4769 quodetiam

977 4765 1068 4822 hodie
1082 4766 1256 4832 retinemus,
1272 4780 1403 4838 macons.

1014 4836 1089 4908 (105)
1107 4837 1157 4892 Ad
1176 4837 1323 4894 vabrense
1332 4835 1507 4894 cenobium.
1523 4835 1642 4894 Ordinis
1653 4836 1749 4894 sancti
1760 4840 1811 4896 lle-

977 4905 1087 4964 uedieti
1108 4905 1285 4980 dependens
1299 4922 1318 4963 a
1332 4907 1470 4964 coenobio
1486 4907 1581 4964 sancti
1598 4907 1719 4966 Victoris
1733 4912 1809 4968 llas·

979 4977 1115 5047 siliensis,
1130 4977 1214 5052 quod
1240 4976 1363 5036 tandem
1386 4979 1516 5036 ioannes
1532 4977 1671 5038 1111111ηο
1694 4981 1810 5054 iscopa-

978 5051 1043 5107 lum
1057 5047 1159 5118 erexit,
1174 5051 1203 5105 et
1223 5049 1380 5130 Gregorius
1394 5049 1454 5106 11111
1476 5052 1645 5110 monachos
1671 4996 1809 5109 Habitum

979 5119 1100 5177 solitum
1113 5119 1145 5175 in
1158 5119 1486 5178 canomcalemmutare
1501 5123 1808 5195 permisitllstautem

984 5191 1164 5248 Vatrescem
1174 5189 1380 5248 liutbenorum
1392 5205 1411 5248 0
1433 5191 1549 5266 pidum,
1561 5193 1701 5263 Gregorio
1715 5193 1807 5248 Turo-

978 5261 1067 5320 nensi
1085 5261 1232 5320 vabrense
1246 5267 1376 5320 cestrum
1392 5208 1443 5320 bss.
1457 5263 1686 5320 millessimo.
1703 5275 1739 5316 ca
1764 5265 1807 5330 .0,

979 5337 1008 5390 01
1030 5331 1182 5390 bernardo
1203 5333 1346 5391 Gnidonis
1368 5333 1510 5390 vabriam
1532 5333 1563 5388 in
1577 5331 1624 5388 bis
1641 5330 1807 5388 (1010011110

83 5429 101 5458 «
119 5409 269 5490 Tempore
301 5406 560 5489 praedecessorum
589 5409 762 5488 nostrorum
790 5407 926 5488 Romana
980 5400 1809 5488 1111110011101«11001111001000001011011101100010010-

83 5477 227 5535 Ecclesia
251 5477 298 5536 vcl
319 5477 455 5536 debitum
476 5492 611 5544 censum,
631 5475 792 5535 duodecim
816 5474 927 5532 scilicet
981 5479 1124 5548 copatum
1143 5473 1236 5532 alium
1261 5475 1419 5541 ordinavit,
1436 5471 1600 5554 sedemque
1624 5487 1690 5544 eJus
1709 5475 1810 5546 posuit

81 5549 218 5618 solidos,
231 5563 286 5622 per
304 5563 420 5606 01100111
433 5549 483 5606 vix
504 5547 574 5605 iude
597 5547 709 5606 babere
724 5546 853 5623 poluit.»
869 5545 926 5602 Ubi
982 5545 1015 5602 in
1034 5545 1158 5604 abbatia
1180 5545 1218 5602 de
1230 5545 1348 5613 vabric,
1364 5542 1503 5600 eamdem
1522 5553 1553 5598 m
1568 5557 1679 5601 novam
1691 5544 1809 5615 erigens

79 5621 153 5678 huc
167 5618 206 5678 de
223 5634 255 5678 ie
276 5619 366 5695 plura
381 5617 512 5680 lacobus
532 5618 711 5680 sirmundus
726 5615 926 5678 eruditissime
982 5615 1142 5676 0101101010.
1153 5639 1168 5669 e
1183 5615 1288 5689 Vulgo,
1308 5615 1427 5673 vaire.
