4160 6162
211 111 265 166 rso
433 77 435 82 ⁸
617 107 765 163 retroue
784 105 970 164 soranus
990 105 1021 161 s.
1039 106 1141 166 mne.
1161 107 1197 163 ru
1215 108 1289 166 ron.
1309 139 1343 148 -
1362 109 1427 166 ua.
1447 107 1517 168 vni.
1872 118 1923 172 reo

209 229 407 304 surgel5quia
416 229 551 302 protinus
561 227 658 286 ludex
667 227 741 284 dicit
751 246 757 284 :
768 246 784 281 s
795 229 959 302 Nunquam
968 227 1042 284 novi
1058 230 1083 284 Δ
1098 233 1212 300 garant.
1227 231 1287 285 iioe
1298 244 1432 302 namque
1457 233 1664 308 unusquisque
1678 235 1834 310 proprium
1856 253 1922 294 esse

208 336 272 390 ros,
287 319 433 378 diseedite
447 335 541 390 arae,
558 317 746 391 »etreliqua
763 317 884 388 tdiotth.
899 333 967 386 xxv,
985 316 1038 390 li).
1096 317 1182 388 solet,
1198 321 1230 374 ut
1244 317 1347 392 qualis
1359 317 1423 391 ipse
1439 317 1536 388 fuerit,
1552 321 1626 379 tales
1638 323 1695 381 sibi
1709 323 1783 382 alios
1797 327 1922 399 conjun-

207 409 323 468 Domus
337 408 615 484 itquehypoerite
642 423 765 480 surgere
784 423 846 464 non
861 407 954 478 valet,
969 407 1043 481 quia
1095 405 1125 478 gi
1138 404 1234 462 vellet.
1249 407 1387 480 Sequitur
1402 425 1409 463 :

208 509 266 574 per
278 513 368 557 onae
379 499 464 572 quod
475 499 564 570 Juxta
572 501 725 572 precepta
739 497 874 555 coelestia
887 512 977 568 agere
988 512 1041 570 po
1130 497 1216 554 Vsus.
1232 497 1273 552 ti.
1288 495 1361 553 Hac
1375 503 1417 554 cst
1432 499 1509 554 enim
1525 499 1631 558 latitia
1647 504 1701 559 uie
1715 507 1789 574 ejus,
1806 511 1839 561 ut
1851 521 1920 563 rur-

209 588 438 660 tuit,aterraais
451 587 587 646 animam
597 585 858 660 nunquamlevat.
875 585 1041 660 Sequitur:
1094 599 1159 640 sum
1188 583 1224 642 de
1251 589 1333 642 terra
1359 586 1414 642 otii
1434 587 1632 657 geminentur.
1658 623 1693 632 -
1715 591 1756 648 le
1781 594 1806 650 si
1821 597 1920 668 aperte

244 677 555 736 theodoricensem
569 677 861 749 maturenthuom
875 676 1039 736 ueniotsot.
1094 671 1241 730 diceretur
1263 689 1270 730 τ
1291 673 1462 731 Venientem
1487 675 1621 748 judicem
1648 695 1844 756 nequaquam
1870 701 1920 742 eo-

205 789 244 810 -ι
262 765 391 840 sepeio
403 781 491 824 sacro
506 765 630 840 eloquio
644 765 792 822 Dominus
817 764 890 821 solis
904 763 1038 838 appella·
1093 761 1220 834 gnoscit,
1236 759 1290 819 sed
1316 763 1514 837 multiplieiter
1542 766 1655 841 recipit,
1681 769 1753 842 quie
1777 775 1806 829 et
1824 771 1920 830 lartius

204 857 286 913 tione
317 855 477 926 liguratur,
507 855 585 912 sicud
612 870 666 928 per
693 854 880 928 prophetam
907 853 1038 910 dicitur:
1091 849 1189 908 insua
1201 851 1356 925 iniquitate
1368 851 1453 910 laetus
1462 857 1516 922 est,
1531 870 1592 928 quo
1604 859 1634 914 et
1643 855 1708 914 aliis
1724 859 1801 916 male
1812 877 1921 934 propa-

204 967 218 997 s
233 945 325 1002 Vobis
336 950 439 1004 sutem
453 944 506 1019 qui
532 945 644 1002 hmetis
657 959 770 1002 nomen
786 943 914 1014 Domini,
928 943 1038 1000 orietur
1092 941 1181 1010 gatus
1197 943 1250 997 est.
1268 940 1320 998 Cui
1334 939 1413 998 enim
1429 942 1553 999 hicnon
1568 943 1676 1001 sufficit
1690 943 1833 1020 iniquitas
1852 965 1920 1022 pro-

204 1029 251 1087 aol
270 1029 393 1101 iustitio
412 1030 501 1103 (ilat
515 1033 637 1100 ruit.»
670 1028 907 1104 Scirpusitaque
926 1027 984 1084 ista
1005 1027 1037 1084 in
1090 1028 1165 1102 pria,
1182 1033 1358 1102 torqueatur
1370 1047 1492 1090 necesse
1509 1035 1554 1090 est
1573 1033 1631 1092 illic
1657 1037 1686 1092 et
1700 1035 1805 1094 merito
1818 1041 1919 1096 reatus

204 1118 290 1172 nocta
300 1105 449 1172 humidus
462 1119 518 1186 est,
535 1114 598 1172 sole
617 1119 720 1172 autem
743 1115 881 1172 veniente
896 1111 1034 1182 siccatur,
1090 1117 1189 1176 alieni.
1207 1119 1366 1192 Sequitur:

202 1203 430 1278 quianinu'rum
443 1204 606 1278 hypocrita
620 1203 652 1260 iu
667 1203 800 1260 tenebris
817 1202 882 1258 vito
905 1217 1036 1276 praesen·
1126 1207 1266 1264 versio.
1283 1209 1362 1266 Deus
1373 1227 1433 1267 nort
1442 1213 1569 1282 proiicit
1579 1214 1919 1287 simpticrmmecporri-

203 1293 242 1350 tis
258 1297 381 1350 sanctus
397 1293 437 1350 ab
451 1293 629 1349 hominibus
654 1292 795 1360 creditur,
813 1290 867 1348 sed
887 1291 961 1346 dum
975 1291 1035 1346 dis·
1089 1297 1133 1366 pit
1151 1314 1274 1354 manum
1295 1301 1447 1371 malignis.
1463 1333 1498 1342 -
1520 1303 1917 1368 Duianimirumdtstrietus
1998 1325 2000 1332 ·

189 1383 305 1447 ‘hictus
315 1382 411 1440 iudex
424 1382 548 1450 venerit,
564 1397 658 1456 quam
675 1383 713 1438 sit
724 1381 846 1454 iniquus
865 1379 1033 1452 apparebit.
1088 1385 1246 1457 injudicio
1260 1403 1422 1461 apparens,
1439 1393 1467 1445 et
1481 1390 1659 1464 despectum
1667 1393 1849 1467 simplicium
1857 1395 1919 1466 glo·

203 1473 342 1546 Sequitur
358 1489 364 1528 :
378 1473 417 1528 Et
429 1473 462 1528 in
477 1477 548 1528 ortu
569 1487 623 1528 suo
637 1486 761 1542 permen
774 1473 838 1540 ejus
852 1469 1031 1541 egredictur.
1087 1474 1233 1532 rificando
1242 1476 1336 1548 erigit,
1344 1482 1372 1534 et
1380 1479 1583 1550 malignorum
1590 1481 1717 1551 gloriam
1727 1485 1918 1557 reprobando

204 1595 238 1604 -
253 1561 352 1619 Herba
365 1561 508 1635 quelibet
531 1559 685 1620 nascendo
713 1577 729 1616 e
750 1565 829 1617 terra
844 1559 1032 1632 producitur,
1050 1579 1074 1635 B
1089 1562 1258 1636 oonlringii.
1274 1565 1393 1635 Maligni
1407 1567 1488 1624 enim
1516 1574 1660 1626 vocantur
1674 1571 1849 1644 hypocrite,
1865 1573 1918 1646 qul

204 1655 233 1709 et
247 1656 324 1726 post,
339 1667 414 1709 aura
434 1655 463 1708 et
475 1650 600 1708 restibus
615 1650 757 1722 tangitur,
779 1653 807 1706 et
821 1653 893 1706 tuno
907 1649 1032 1705 demum
1087 1651 1169 1708 hona
1181 1668 1243 1708 non
1254 1653 1332 1710 bene
1345 1655 1466 1724 iaciunt,
1479 1661 1507 1712 et
1516 1661 1597 1714 recta
1606 1673 1736 1731 quasque
1751 1659 1917 1717 substudio

204 1742 244 1798 ad
271 1740 488 1814 proferendum
518 1739 639 1796 seminis
672 1738 719 1794 sui
745 1752 869 1810 germen
888 1735 1031 1810 aperitur.
1086 1737 1185 1796 laudis
1214 1745 1386 1814 operantur.
1410 1746 1529 1801 Manum
1555 1761 1627 1802 vero
1655 1747 1703 1802 cui
1721 1747 1915 1820 porrigimus,

204 1831 325 1903 seirpus
335 1841 410 1887 rere
422 1845 496 1886 eum
511 1829 586 1886 Dore
596 1844 656 1886 sue
663 1827 809 1896 nascitur,
819 1841 951 1899 mosque
966 1831 1000 1882 ut
1014 1841 1033 1882 a
1086 1827 1167 1884 hunc
1193 1829 1328 1886 videlicet
1356 1831 1396 1888 ab
1420 1831 1490 1888 imis
1503 1831 1667 1890 devemus.
1694 1835 1827 1906 ttaiignis
1843 1851 1915 1906 ergo

202 1923 282 1977 terra
297 1920 404 1990 surgit,
418 1919 466 1974 aui
479 1933 583 1974 meum
598 1917 725 1974 seminis
744 1931 867 1986 germen
882 1915 1031 1989 producit.
1087 1920 1164 1974 Deua
1180 1934 1307 1976 manum
1321 1935 1382 1976 uoa
1403 1922 1537 1994 porrigit,
1551 1923 1625 1996 quia
1643 1928 1813 1996 quaerentes
1825 1929 1914 1982 terre-

201 2011 285 2064 Bene
295 2023 367 2077 ergo
381 2005 558 2080 perherhas
568 2005 700 2079 reliquas
716 2004 812 2062 saneti
828 2001 964 2077 quilibet
979 2019 1033 2078 per
1088 2022 1161 2062 num
1175 2007 1342 2077 gloriamin
1356 2010 1418 2068 imo
1432 2011 1623 2086 derelinquit,
1647 2017 1678 2069 et
1695 2013 1862 2086 quamlibet
1874 2015 1916 2071 vi·

205 2098 340 2170 scirpum
366 2109 440 2153 rere
466 2094 627 2169 hypocrite
651 2093 836 2164 designatur,
861 2093 933 2166 quia
958 2093 1034 2164 justi
1087 2095 1216 2154 deantur
1229 2101 1310 2156 recta
1324 2115 1472 2173 essequo
1486 2106 1590 2172 agunt,
1606 2101 1661 2158 hos
1683 2103 1723 2160 ad
1737 2103 1851 2174 gaudia
1865 2120 1914 2160 su-

203 2185 356 2258 ririprlus
369 2185 503 2259 irrepere
517 2182 829 2240 saeconversatiouis
843 2183 989 2252 oriuntur,
1005 2185 1034 2238 et
1087 2199 1184 2257 perna
1211 2201 1273 2242 nou
1300 2187 1447 2260 provehit
1474 2191 1509 2246 Ut
1530 2194 1606 2246 certe
1632 2191 1700 2248 ideo
1726 2192 1915 2266 appellantur

202 2275 243 2332 sd
255 2279 401 2332 manain
411 2275 542 2348 patriam
552 2274 706 2330 senentes
720 2275 891 2345 exspectata
909 2271 1033 2328 retribu·
1087 2273 1214 2345 maligui
1225 2275 1402 2348 hypocrite,
1413 2277 1485 2350 quia
1498 2277 1715 2348 benignitatem
1729 2295 1799 2350 erga
1813 2281 1914 2354 proxi-

201 2363 281 2420 tione
294 2362 498 2436 perfruuntur.
513 2366 550 2418 st
567 2365 672 2419 conus
693 2360 863 2434 hypocrita,
877 2373 945 2432 quae
960 2373 1032 2416 mox
1086 2379 1173 2418 mum
1183 2365 1357 2430 ostendunt,
1368 2369 1397 2421 et
1410 2365 1498 2422 dolos
1510 2383 1571 2422 suae
1586 2367 1751 2440 iniquitatis
1766 2369 1913 2442 murini.

202 2453 233 2509 ta
246 2453 330 2510 botro
343 2461 434 2526 opere
446 2452 590 2521 nasobur,
606 2451 766 2524 pressantis
781 2448 889 2506 mundi
904 2449 1031 2520 gloriam
1087 2454 1168 2520 Duos
1182 2459 1287 2512 contra
1299 2455 1377 2512 bene
1389 2471 1443 2528 per·
1458 2458 1590 2530 itoyscm
1607 2457 1736 2516 dicitur:
1757 2481 1771 2512 a
1794 2463 1857 2516 Non
1872 2459 1915 2516 in·

201 2543 333 2616 recipere
346 2546 483 2600 conatur.
498 2543 626 2599 Demea
640 2542 740 2614 itaque
754 2540 868 2596 inortu
878 2543 1030 2596 estremu·
1084 2543 1163 2601 duas
1185 2548 1299 2601 restem
1313 2561 1350 2602 cx
1379 2545 1450 2602 lana
1472 2545 1596 2622 linoque
1622 2552 1793 2606 contextam
1816 2549 1912 2622 (Dcut.

203 2633 319 2690 neratio
332 2633 363 2689 in
380 2631 582 2692 inchoatione.
596 2631 754 2704 Sequitur:
1083 2647 1155 2704 mr,
1173 2633 1226 2704 tt).
1243 2655 1258 2683 a
1274 2633 1445 2690 Perlanam
1471 2635 1585 2710 quippe
1612 2635 1799 2710 simplicitas,
1813 2651 1867 2710 pm
1880 2637 1913 2694 ti-

237 2725 323 2780 vass.
341 2727 384 2779 tt.
397 2723 497 2792 Sirpcr
510 2735 650 2780 aceruum
661 2727 822 2791 petrarum
835 2720 952 2777 redires
965 2721 1030 2789 rjus
1085 2735 1160 2776 num
1174 2737 1246 2778 vero
1260 2723 1407 2780 subtilitas
1421 2723 1609 2794 designatur.
1629 2725 1768 2798 Sequitur
1784 2743 1791 2781 :
1981 2715 1990 2730 '

202 2811 420 2880 detruduntur,
445 2815 473 2869 rt
495 2812 577 2869 later
598 2811 713 2881 lapidee
737 2807 980 2866 enumerabitur.
995 2839 1029 2850 -
1121 2812 1205 2866 Vens.
1220 2815 1265 2868 at.
1281 2813 1380 2868 Donec
1390 2815 1554 2884 impleatur
1567 2815 1671 2872 runos
1687 2815 1913 2887 tuum,ettetr·a

203 2903 281 2970 Quia
294 2901 433 2959 redicam
458 2901 593 2970 aornim,
615 2899 675 2958 nist
693 2899 819 2956 latentes
834 2897 1030 2969 cogitshones
1051 2900 1260 2988 ctuojuhito.
1273 2929 1309 2940 -
1320 2905 1361 2956 Ae
1375 2901 1401 2958 si
1421 2905 1522 2974 aperte
1538 2901 1686 2960 dicaretur
1699 2921 1706 2960 ι
1721 2905 1786 2961 Vita
1801 2905 1912 2978 simpli-

202 2993 368 3066 accipimus
387 2993 450 3049 ‘i—
463 2993 534 3059 Quae
560 2991 723 3049 inocculto
747 2991 906 3066 prodeunt,
923 2992 976 3048 sed
999 2992 1030 3051 in
1086 2988 1167 3044 dum
1190 3003 1247 3045 nec
1263 2993 1340 3046 ante
1363 2989 1513 3060 judicium
1534 2991 1652 3062 deserit,
1667 2997 1697 3048 et
1709 2993 1913 3064 malignorum

201 3083 373 3140 ostensione
397 3091 524 3156 operam
546 3094 600 3156 per
627 3085 764 3155 apertum
785 3087 923 3153 surgunt.
944 3084 1029 3156 Lapi-
1086 3081 1204 3134 mentes
1225 3083 1379 3150 percutere
1394 3077 1571 3148 deserendo,
1591 3093 1647 3136 nac
1661 3079 1841 3152 priusquam
1860 3096 1913 3154 ap-

202 3175 277 3230 dum
295 3182 368 3230 vero
383 3171 506 3228 armine
519 3171 550 3228 in
565 3171 717 3245 Scriptura
729 3184 816 3228 sacra
830 3171 970 3229 homines
981 3173 1031 3229 de·
1086 3171 1190 3242 pareat
1199 3167 1405 3241 pretermittit.
1422 3169 1460 3224 Ds
1475 3167 1587 3242 quippe
1599 3169 1751 3241 justorum
1766 3173 1837 3225 tuno
1852 3170 1914 3226 risu

203 3262 370 3332 signantur,
385 3259 461 3316 deut
474 3261 585 3317 muctar
604 3259 744 3317 Ecclesiae
756 3275 812 3334 per
836 3261 944 3318 isaiam
955 3261 1029 3318 diri-
1070 3258 1258 3332 'replebitur,
1286 3273 1356 3314 eum
1377 3258 1485 3314 eodem
1511 3258 1605 3316 eorda
1628 3257 1719 3315 linitis
1742 3259 1914 3333 peregrine·

202 3353 267 3409 tarr
284 3352 425 3407 «Ponam
435 3349 558 3422 jaspide
568 3349 671 3422 lapide
684 3347 915 3422 propugnacula
929 3353 992 3419 tua,
1002 3355 1030 3408 et
1086 3349 1174 3406 honis
1187 3349 1316 3417 fletibus,
1331 3352 1449 3406 earne
1461 3349 1568 3406 leutitiae
1593 3349 1789 3408 exsolutione
1804 3350 1913 3408 satian-

202 3441 306 3517 portas
333 3444 400 3497 tuas
416 3439 550 3514 scalptas
576 3440 647 3512 (isa.
660 3453 716 3512 arr,
731 3441 785 3510 ii).
803 3461 818 3491 u
835 3439 954 3513 scirpus
973 3441 1028 3498 its-
1084 3441 1199 3496 tun-De
1218 3439 1278 3495 hoe
1291 3439 1355 3496 risu
1368 3439 1522 3511 discipulis
1538 3438 1683 3496 Dominus
1701 3438 1792 3496 dicit:
1806 3461 1819 3488 l
1833 3443 1913 3498 ilua·

201 3536 261 3608 que
285 3531 349 3602 iste,
374 3529 427 3603 qui
450 3529 526 3587 inter
555 3529 672 3603 lapides
695 3535 911 3600 commoratur,
938 3545 1029 3604 super
1084 3529 1142 3586 dus
1155 3534 1256 3586 autem
1270 3529 1423 3600 gaudebit,
1448 3533 1476 3586 et
1491 3545 1545 3586 vos
1560 3529 1656 3586 tristes
1678 3529 1768 3598 eritis,
1782 3529 1837 3586 sed
1850 3529 1914 3586 uir-

200 3625 342 3680 acerrruh
351 3624 508 3694 petrarum
519 3619 636 3677 radices
644 3619 763 3690 densat,
778 3621 851 3694 quia
862 3623 964 3678 omnis
976 3622 1028 3694 try-
1084 3619 1147 3678 titia
1170 3624 1271 3678 restra
1296 3619 1326 3676 in
1356 3619 1501 3690 gaudium
1525 3624 1714 3678 convertetur
1736 3621 1836 3692 (duos.
1851 3635 1911 3690 xvi,

200 3712 315 3786 pocrita
325 3709 518 3782 cogitationes
532 3709 563 3766 in
574 3710 793 3784 exquirendam
805 3711 964 3768 hominurn
975 3697 1034 3768 ad?
1084 3711 1140 3781 itt).
1153 3731 1167 3760 a
1180 3709 1312 3766 lubitum
1326 3725 1395 3766 vero
1408 3710 1546 3779 dicimus,
1567 3725 1637 3767 oum
1651 3713 1765 3768 unum
1779 3709 1912 3766 letitiam

200 3801 391 3858 mirationem
406 3800 593 3874 multiplicat.
605 3803 659 3856 Der
677 3815 767 3857 omne
782 3800 863 3856 enim
878 3802 961 3874 quod
976 3798 1029 3872 hy·
1084 3799 1173 3856 corde
1202 3799 1391 3872 concipimus
1427 3805 1576 3873 quantam
1598 3800 1745 3858 sermonis
1778 3799 1913 3857 efficacia

199 3889 534 3966 prohaeredumque
549 3889 1029 3960 oodrdtiseogitationibusieudes
1085 3904 1147 3945 non
1172 3889 1340 3962 explemus,
1369 3895 1398 3946 et
1420 3893 1521 3948 umen
1542 3889 1650 3946 meotis
1671 3889 1829 3946 emultatio
1855 3890 1913 3946 hoc

200 3975 361 4035 hominum
385 3976 550 4049 requirunt,
566 3991 644 4049 quas
668 3977 786 4034 radices
800 3979 889 4050 scirpi
901 3979 932 4034 in
948 3991 1029 4034 scer·
1086 3978 1169 4048 quod
1183 3993 1320 4032 sermone
1342 3993 1403 4033 non
1431 3977 1569 4050 explicat,
1585 3993 1636 4034 ore
1657 3982 1754 4034 sonat.
1768 3979 1846 4033 Bene
1861 3993 1913 4034 au-

201 4081 277 4123 rum
291 4065 407 4122 radices
421 4061 551 4120 mittunt.
570 4061 691 4137 seirpus
707 4066 798 4121 etiam
813 4066 890 4122 inter
912 4065 1029 4138 lapides
1086 4068 1147 4119 tom
1162 4079 1196 4120 os
1210 4063 1272 4120 risu
1293 4063 1411 4136 impleri
1434 4063 1552 4129 dicitur,
1573 4063 1655 4121 labia
1666 4063 1774 4134 iubilo,
1799 4063 1872 4135 quia
1883 4065 1914 4120 in

201 4157 416 4223 commoretur,
440 4153 513 4228 quia
538 4151 696 4227 hypocrita
708 4157 767 4210 stat
780 4153 833 4210 uhi
846 4155 953 4211 mentis
966 4168 1028 4210 sure
1086 4153 1137 4211 illa
1151 4159 1262 4209 eurus
1276 4153 1616 4227 patriacumjustorum
1638 4167 1724 4210 mene
1737 4153 1769 4210 in
1783 4153 1913 4210 exsulte-

198 4243 395 4302 intentionem
411 4241 528 4300 solidat.
541 4246 616 4299 Nam
631 4258 701 4299 cum
711 4243 933 4300 attestationem
948 4245 1026 4301 mut·
1047 4280 1070 4335 D
1087 4243 1166 4300 tione
1192 4242 1342 4316 recipitur,
1363 4243 1469 4313 lingua
1495 4242 1526 4300 in
1548 4247 1638 4300 cantu
1656 4243 1755 4302 leudis
1770 4244 1911 4302 elevatur.

200 4339 301 4393 torum
325 4331 421 4390 ambit
444 4332 609 4406 percipere,
621 4332 711 4405 quasi
725 4333 758 4388 in
779 4332 941 4391 luctatione
957 4337 1026 4392 sub
1086 4335 1186 4392 Donec
1198 4337 1300 4391 autem
1315 4333 1434 4404 dicitur,
1447 4349 1510 4391 non
1524 4334 1608 4408 quod
1627 4335 1821 4410 omnipotens
1834 4340 1912 4396 Deus

200 4424 283 4482 sistit.
301 4421 439 4496 Sequitur
454 4437 462 4477 r
1085 4439 1122 4481 eo
1132 4421 1463 4497 usquemalignosneu
1478 4422 1622 4496 sublevat,
1634 4439 1794 4500 quousque
1803 4426 1912 4486 decios

235 4514 319 4568 tras.
336 4511 378 4568 le.
400 4511 634 4569 &absorbuerit
651 4522 717 4568 eum
730 4512 767 4569 de
782 4514 846 4570 loco
860 4529 924 4578 suo,
935 4527 1026 4584 nego·
1085 4524 1156 4571 suos
1171 4513 1211 4570 ed
1223 4512 1409 4585 jubitationis
1434 4512 1546 4582 gaudie
1561 4519 1707 4583 assumat,
1723 4529 1757 4572 ec
1770 4515 1876 4587 sipost
1894 4531 1912 4574 a

202 4603 243 4659 bit
267 4616 343 4664 uun,
366 4607 395 4658 et
418 4599 497 4658 diret
516 4615 528 4659 .·
547 4603 614 4658 Non
628 4603 699 4660 aovi
713 4607 795 4659 te.-
818 4604 858 4660 Dc
885 4603 953 4660 loco
973 4616 1028 4661 suo
1083 4617 1176 4676 poena
1189 4602 1295 4675 eripiat
1308 4614 1387 4674 quos
1403 4605 1471 4657 ente
1483 4601 1910 4674 inculpadeserensdamnat.

201 4691 360 4765 hypocrita
375 4691 564 4761 absorbetur,
580 4700 650 4748 cum
665 4709 684 4750 a
697 4693 853 4766 presentis
869 4693 934 4750 ritae
947 4694 1029 4750 lavo
1086 4692 1143 4750 Sed
1157 4693 1217 4748 hoc
1239 4703 1436 4761 nequaquem
1464 4693 1533 4745 ante
1556 4689 1705 4761 judicium
1719 4689 1817 4762 iactet,
1841 4707 1911 4748 oum

201 4781 285 4838 ribus
312 4785 408 4838 morte
433 4780 647 4843 interveniente
674 4786 840 4855 separatur.
867 4783 924 4840 Sed
947 4783 1028 4840 hunc
1085 4780 1214 4836 dubium
1228 4769 1403 4835 horninibus
1423 4777 1516 4833 rideri
1538 4777 1643 4850 possit,
1659 4791 1699 4834 aa
1713 4776 1776 4836 liet
1791 4781 1867 4837 Nam
1880 4780 1912 4838 in

203 4869 380 4944 absorptum
405 4869 542 4927 internus
569 4871 680 4928 arbiter
701 4875 801 4942 negat,
829 4883 921 4946 seque
958 4889 1029 4929 eum
1085 4869 1247 4926 electorum
1262 4881 1387 4924 suerum
1399 4866 1506 4939 jubilo,
1532 4866 1605 4942 quis
1630 4867 1771 4940 malignis
1784 4885 1911 4928 menum

201 4961 315 5018 nescire
330 4960 497 5029 denrmtiat,
518 4961 590 5035 qaia
606 4960 814 5018 simulatorum
832 4961 927 5018 vitam
948 4963 1028 5033 juste
1085 4973 1147 5015 noa
1161 4958 1295 5032 porrigit,
1309 4971 1347 5014 es
1360 4957 1428 5030 ipsa
1438 4957 1504 5029 jam
1530 4957 1713 5016 districtione
1728 4959 1825 5018 ulhmi
1838 4973 1910 5017 era·

200 5049 393 5122 reprobando
412 5049 522 5107 raritas
543 5049 672 5120 ignorat,
694 5063 750 5107 nee
760 5049 948 5122 recognoscit
962 5050 1028 5121 ejus
1084 5047 1174 5104 minis
1188 5051 1314 5104 consui.
1337 5047 1384 5103 Sic
1402 5059 1535 5121 namque
1549 5051 1578 5104 st
1589 5061 1642 5121 per
1667 5047 1855 5106 Psalmistam
1869 5045 1911 5102 di·

201 5153 269 5212 quae
283 5138 344 5210 egil
360 5138 452 5208 bona,
468 5139 541 5213 quis
555 5153 592 5197 ex
606 5142 689 5196 reeta
703 5138 866 5196 intentione
884 5153 945 5196 non
961 5153 1029 5212 pro-
1085 5137 1168 5194 citur.
1187 5159 1200 5187 a
1213 5137 1289 5193 Dixit
1303 5137 1448 5194 Dominus
1464 5138 1591 5196 Domino
1604 5153 1672 5196 meo
1690 5155 1697 5194 r
1715 5135 1793 5195 Sede'
1805 5149 1824 5190 a
1836 5131 1909 5188 dea·

201 5227 275 5284 tulit.
293 5227 375 5284 Unde
387 5229 415 5284 et
427 5227 517 5286 iatuis
530 5227 699 5300 virginibus
724 5227 755 5284 in
768 5227 882 5301 judicio
892 5228 1026 5298 veniens,
1084 5226 1136 5281 tris
1157 5225 1242 5298 meis,
1268 5225 1365 5282 donee
1379 5241 1493 5299 ponam
1507 5227 1647 5284 inimicos
1662 5229 1730 5282 tuos
1744 5216 1909 5277 scabellum

201 5313 272 5373 dicit
302 5335 308 5373 :
333 5337 347 5368 a
360 5317 456 5374 Amen
483 5317 553 5374 dico
575 5317 672 5385 vobis,
701 5317 803 5374 nescio
830 5331 886 5374 vos
905 5316 1025 5388 (blattis.
1083 5315 1325 5390 pedem'tuorum
1341 5317 1436 5387 (Psoi.
1450 5334 1505 5382 cix,
1523 5321 1546 5386 i,
1561 5319 1599 5388 t).
1616 5309 1801 5382 »Sequiturt

201 5421 268 5475 xxv,
299 5409 354 5476 tt).
369 5429 383 5458 a
410 5405 467 5462 Sed
493 5406 609 5464 utinam
636 5407 800 5480 hypocritis
822 5421 879 5462 sua
901 5405 1027 5480 perditio
1118 5408 1202 5464 vars.
1218 5409 1263 5463 ii.
1279 5407 1474 5475 Quiodcrust
1496 5413 1525 5462 te
1542 5403 1711 5460 metuantur
1724 5401 1908 5471 masadam.

201 5495 266 5555 sola
289 5495 447 5564 sufficeret,
476 5497 505 5552 et
532 5500 727 5569 usquequam
754 5511 897 5571 perversa
922 5510 1027 5555 eorum
1081 5499 1276 5554 —tustorum
1290 5497 1393 5554 hostes
1407 5499 1439 5552 in
1453 5497 1588 5551 erhemo
1611 5489 1749 5548 examine
1773 5487 1908 5548 melanio

202 5583 302 5646 stadia
325 5585 467 5645 ardentes
493 5582 567 5642 alios
594 5583 634 5642 sd
648 5583 741 5643 vitain
760 5586 920 5660 duplicatis
941 5587 1026 5646 iasti-
1080 5584 1274 5661 induitque
1293 5599 1363 5643 eum
1387 5581 1539 5641 mota
1562 5581 1827 5642 malarsdunders
1850 5576 1908 5634 sibi
