4160 6162
219 161 272 221 243

219 284 299 345 icriri
312 303 342 344 se
357 285 490 358 undique
503 283 620 341 insidiis
642 274 745 355 credit,
771 283 866 340 salute
890 274 1048 357 desperdta

219 391 337 450 semper
349 373 385 431 ad
397 373 561 448 nequitiam
576 374 726 430 exerescit.
744 372 882 446 Sequitur
897 389 903 430 ε

220 557 223 562 ,
254 500 340 556 l'aes.
354 503 400 557 23.
413 501 487 557 Cum
499 501 661 558 removerit
674 499 915 572 adquaerendam
926 512 1046 568 petrem,

217 589 299 646 uouit
314 590 394 660 quod
407 594 537 658 perotus
552 589 635 645 sitin
651 603 744 644 mareu
766 589 829 658 ejus
857 585 1046 644 terebrarum

217 679 289 736 dics.
305 677 443 734 -Panis
462 676 572 736 etenim
588 676 773 752 stipendium
788 677 854 733 vitae
878 675 1045 750 praesentis,
1094 719 1101 729 .

217 767 411 824 tenebrarum
426 783 496 822 vero
511 765 575 823 dies
603 771 722 839 tempus
744 763 864 822 ultionis
892 763 1045 837 accipitur.

218 861 251 914 ln
264 856 323 914 hac
338 855 398 912 vita
410 872 478 929 quae
482 895 536 912 .....
557 871 612 912 suo
626 853 789 930 aliquando
817 853 872 910 istc
888 870 1045 927 perversus

218 945 295 1002 iram
308 943 431 1017 superni
443 944 552 1016 judicis
567 941 727 1018 perpendit
748 947 936 1016 praesentem,
952 941 1006 998 sed
1031 959 1046 997 e

218 1033 300 1090 malo
314 1049 375 1090 non
391 1032 542 1103 avertitur,
562 1037 594 1090 ut
607 1031 698 1089 etiam
714 1033 781 1105 ipsa
795 1048 917 1106 quoque
930 1031 968 1088 ab
982 1031 1046 1103 ejus

217 1120 339 1180 interitu
356 1121 456 1178 valeat
482 1119 584 1178 averti.
607 1125 774 1178 accusante
799 1125 899 1176 autem
914 1138 944 1176 se
977 1136 1046 1176 eon-

218 1209 342 1268 scientia
368 1211 447 1267 ieriri
475 1209 590 1280 meluit,
618 1209 671 1266 sed
685 1215 787 1266 amen
810 1225 930 1283 semper
958 1213 1048 1282 auget

217 1298 302 1372 quod
313 1298 445 1357 feriatur.
455 1299 622 1358 contemnit
636 1299 717 1356 enim
727 1299 857 1356 reditum
872 1317 971 1368 suum,
983 1297 1047 1356 des-

217 1393 304 1462 perat
318 1387 446 1456 veniam,
463 1387 597 1464 superbit
608 1389 640 1446 in
655 1387 753 1462 culpa.
769 1387 906 1461 Sequitur
924 1407 929 1444 :

252 1514 339 1571 Vnus.
355 1518 401 1571 tl.
418 1515 549 1572 Terrebat
563 1531 629 1572 eum
654 1516 822 1584 tribulatio,
851 1521 877 1572 et
906 1517 1046 1587 adquisito
1065 1561 1088 1617 Β

216 1605 345 1664 vastabit
359 1619 436 1675 eum,
453 1605 528 1661 sicut
539 1619 636 1676 regem
650 1605 703 1676 qui
715 1611 913 1676 preparetur
924 1605 965 1662 ud
971 1618 1049 1676 pra-

218 1693 302 1751 lium.
319 1695 398 1750 -ln
412 1693 495 1750 omni
511 1693 593 1768 quod
613 1693 739 1768 iniquus
770 1693 841 1766 agit,
856 1693 1046 1750 tribulatione

217 1781 246 1840 'et
266 1779 405 1856 angustia
432 1779 571 1853 vallatur,
603 1781 675 1856 quia
693 1797 748 1838 cor
767 1783 832 1855 eius
847 1781 993 1840 anxietate
1019 1787 1048 1839 et

217 1871 410 1947 suspectione
426 1869 630 1930 contunditur.
648 1871 809 1930 Sciendum
825 1887 959 1948 quoque,
974 1873 1047 1947 qula

215 1977 268 2018 rex
283 1961 336 2035 qui
348 1963 536 2036 praeparatur
549 1959 588 2018 ad
603 1959 751 2034 pralium,
769 1957 811 2018 sic
823 1961 860 2019 de
875 1961 961 2018 hoste
985 1977 1048 2018 sus·

215 2051 321 2126 pectus
337 2055 391 2122 est,
416 2055 448 2107 ut
474 2049 615 2108 eumdem
642 2064 733 2124 quem
763 2049 854 2122 ducit,
884 2051 1047 2109 exercitum

215 2141 384 2197 mutuatae
411 2137 616 2209 labefactetur,
645 2153 683 2196 ne
706 2137 895 2198 destitutione
906 2141 1045 2214 militurn,

213 2227 322 2302 iaculis
337 2233 438 2304 pateat
452 2229 654 2286 inimicorum.
668 2227 792 2302 iniquus
807 2245 878 2302 ergo
907 2231 1047 2301 angustia

214 2317 344 2377 vallatur
368 2319 443 2376 sicut
468 2319 520 2394 qui
547 2321 735 2392 praeparatur
750 2319 789 2374 ad
804 2319 951 2392 prelium,
975 2319 1046 2393 quia

214 2404 352 2466 videlicet
365 2408 443 2465 falsa
452 2407 589 2480 loquens,
605 2407 747 2464 formidat
769 2423 807 2464 ne
834 2423 905 2464 suos
931 2409 1047 2465 amittat

218 2493 339 2562 milites,
355 2493 386 2549 id
401 2497 445 2549 est
458 2498 636 2564 argumenta
649 2493 796 2559 falsitatis,
811 2497 840 2550 et
854 2493 986 2550 veritatis
999 2493 1045 2563 js·

217 2579 292 2639 erilis
305 2583 416 2656 pateat,
432 2581 457 2637 si
471 2582 498 2638 ei
513 2581 642 2638 tortasse
658 2581 784 2638 deluerit
799 2581 882 2655 quod
901 2597 937 2638 ex
965 2579 1046 2639 talla·

217 2670 263 2730 cia
276 2675 421 2745 opponat.
438 2669 576 2744 Sequitur
592 2689 599 2727 :

251 2780 334 2834 Vens.
349 2781 394 2833 25.
416 2775 550 2842 Teteudit
565 2779 643 2835 euim
659 2777 802 2836 aduersus
815 2779 908 2836 Deum
923 2793 1045 2835 monum

215 2882 311 2931 suam,
328 2871 356 2924 et
368 2872 474 2925 contre
497 2867 733 2938 omnipotentem
761 2867 919 2924 roboratus
943 2872 994 2924 est.
1011 2900 1046 2908 —

252 2955 321 3012 lirae
333 2955 371 3013 de
386 2955 451 3030 ipso
467 2955 641 3030 iniquorum
655 2956 751 3031 capite
765 2957 877 3014 scilieet
888 2955 1046 3014 Antichris-

216 3047 246 3102 to
261 3044 392 3119 apertius
408 3043 585 3102 sentiuntur.
603 3045 658 3112 Oui
686 3049 791 3103 contra
811 3047 902 3102 Deum
919 3061 1045 3103 manum

215 3133 344 3206 erigens,
360 3133 496 3190 roborari
510 3131 627 3204 dicitur,
641 3133 713 3207 quia
727 3151 821 3209 parvo
837 3139 1045 3210 temporeper-

215 3223 340 3282 mittitur
352 3223 485 3294 exaltari,
503 3227 535 3280 ut
550 3241 619 3280 eum
636 3223 675 3280 ad
686 3223 841 3281 modicum
861 3223 979 3296 gloriari
1008 3241 1045 3281 sr-

216 3311 307 3380 nitur,
323 3327 359 3367 eo
388 3311 418 3367 in
445 3315 625 3385 perpetuum
654 3311 783 3368 atrocius
805 3311 957 3386 puniatur.
988 3313 1046 3370 Sed

215 3399 287 3474 quia
300 3399 365 3473 ejus
381 3399 519 3457 membra
534 3405 605 3458 sunt
619 3417 724 3458 omncs
744 3399 850 3476 iniqui,
880 3403 937 3460 hoc
962 3403 1045 3476 quod

214 3488 247 3550 in
261 3487 320 3546 fine
336 3489 443 3545 mirudi
463 3487 511 3545 ille
538 3493 609 3546 tunc
635 3487 826 3562 singulariter
851 3495 972 3548 acturus
1001 3497 1046 3550 est

154 3593 157 3599 ·
214 3593 305 3650 unus,
320 3577 477 3634 videamus
493 3577 585 3636 modo
598 3577 753 3653 qualitera
768 3579 855 3636 malis
870 3581 1045 3650 agatursin·

215 3666 302 3739 gulis.
319 3668 427 3724 Contra
442 3668 536 3724 Deum
553 3667 667 3742 quippe
682 3685 808 3725 manum
824 3669 944 3727 tendere
959 3671 1045 3729 estin

215 3751 388 3830 operatione
400 3769 495 3829 prava
506 3755 653 3829 despectis
671 3755 719 3814 Dei
731 3757 852 3830 tudiciis
873 3773 1045 3832 persevera·

214 3856 257 3912 re,
270 3847 299 3903 et
311 3845 382 3920 quia
396 3849 468 3904 tunc
487 3847 584 3918 magis
604 3847 741 3906 irascitur
755 3862 825 3906 curn
839 3850 982 3922 permittit
990 3849 1045 3908 im·

215 3929 299 4008 pleri,
314 3934 397 4008 quod
413 3933 518 3992 saltem
534 3933 651 4010 concipi
667 3937 698 3993 in
718 3935 899 4009 cogitatione
913 3951 974 3995 non
996 3939 1046 3996 de

213 4017 290 4080 buit.
307 4023 416 4080 contra
431 4023 672 4098 Omnipotentem
697 4025 819 4101 iniquus
843 4027 898 4084 istc
924 4027 1046 4085 robora·

213 4109 271 4182 tur,
288 4109 360 4186 quia
374 4113 545 4186 prosperari
557 4114 588 4170 iu
604 4114 686 4171 mala
700 4129 756 4173 sua
772 4115 889 4173 actions
904 4113 1045 4190 permitti-

213 4199 271 4268 tur,
287 4203 435 4272 quatenus
451 4203 479 4257 et
494 4215 635 4273 perversa
647 4201 746 4273 iaciat,
764 4207 793 4260 et
807 4209 909 4262 umen
923 4205 1045 4262 telieiter

213 4283 306 4355 vivat,
322 4285 359 4343 de
374 4301 436 4360 quo
450 4289 551 4345 adbuc
566 4289 704 4346 subditur
720 4309 726 4346 ε

250 4413 334 4468 Vens.
352 4415 396 4468 ae.
415 4413 558 4470 Cucurrit
578 4415 723 4472 adversus
736 4415 831 4474 Deum
844 4419 939 4476 erecto
955 4419 1041 4478 colio.

213 4527 250 4544 -
264 4501 367 4558 Erecto
383 4497 460 4558 collo
484 4497 631 4560 adversus
661 4505 755 4560 Deum
783 4521 900 4562 currere
926 4511 980 4577 est,
1008 4525 1044 4568 ee

213 4605 283 4664 que
296 4589 426 4648 Creatori
439 4587 597 4666 displicent
610 4609 681 4654 cum
706 4591 834 4652 audacia
860 4601 1042 4670 perpetrare.

214 4681 254 4736 lie
267 4695 330 4754 quo
342 4683 419 4738 recte
433 4677 542 4738 dicitur
554 4685 700 4752 cucurrit,
717 4677 748 4739 id
763 4685 816 4751 est,
833 4681 864 4740 in
879 4685 961 4742 malo
975 4701 1044 4761 ope·

213 4781 246 4824 rc
260 4767 450 4826 obstaculum
470 4765 508 4828 de
522 4769 701 4829 adversitate
716 4787 778 4828 non
793 4769 909 4843 hebuit,
930 4771 967 4831 de
982 4791 1043 4850 quo

214 4854 314 4915 adbuc
329 4855 457 4914 additur.
475 4856 515 4916 ar
527 4859 636 4932 pingui
650 4853 763 4918 advice
782 4869 919 4920 armatus
932 4867 984 4922 est.
1010 4897 1043 4906 -

213 4940 334 5016 Pinguis
348 4943 445 5002 cervix
459 4947 503 5004 est
517 4948 659 5021 opulenta
674 4943 825 5023 superbia,
852 4949 1043 5010 adluentibus

212 5029 348 5090 videlicet
361 5033 451 5090 rebus
465 5033 553 5110 quasi
567 5035 668 5094 multis
683 5035 827 5096 carnibus
842 5035 924 5100 iulia.
937 5043 1043 5099 Potens

212 5121 302 5195 igitur
315 5119 438 5196 iniquus
452 5125 483 5181 in
509 5123 614 5198 pingui
644 5127 759 5186 cervice
778 5133 913 5186 armetur
940 5133 1041 5188 contra

212 5209 385 5284 Dominum,
400 5213 473 5288 quia
487 5212 578 5274 rebus
588 5215 803 5292 temporalibus
818 5219 947 5288 tumens,
974 5233 1042 5276 con-

212 5296 258 5356 tra
271 5305 423 5376 praecepte
436 5303 568 5362 veritatis
581 5305 670 5380 quasi
695 5303 733 5362 de
759 5303 968 5378 magnitudine
980 5321 1042 5364 car-

209 5379 259 5447 nis
273 5387 403 5460 erigitirr.
423 5390 563 5466 Sequitur
578 5411 584 5450 :

246 5511 330 5568 Vens.
347 5515 391 5569 tt.
410 5516 534 5586 Opuuit
550 5519 660 5589 sociem
676 5521 741 5590 dus
756 5518 934 5575 crassitudo.
949 5547 984 5562 -
994 5519 1044 5595 Vi·=

210 5613 268 5658 m
278 5599 392 5677 quippo
405 5602 436 5662 in
451 5604 534 5676 bote,
551 5606 582 5664 in
596 5621 659 5680 qus
673 5611 703 5664 et
714 5605 814 5682 prims
836 5607 971 5684 corporis
988 5607 1041 5668 bo-

749 153 777 218 S'.
799 157 928 218 obedis
947 151 1094 220 nunnus
1112 153 1363 219 medlicensis
1381 157 1404 218 ll

1876 163 1934 224 m

1104 280 1268 341 norabilior
1280 299 1352 358 pars
1368 291 1422 342 cst.
1440 289 1501 342 Non
1516 287 1588 357 crgo
1598 286 1747 344 immerito
1758 289 1867 345 ments
1886 291 1933 347 in-

1104 371 1257 446 tentioper
1270 375 1376 432 taciem
1390 375 1573 446 designatur,
1590 391 1683 449 quern
1707 377 1843 450 quelibet
1867 387 1934 436 ver·

1103 459 1203 534 timus,
1219 464 1293 520 illud
1305 465 1451 522 videmus.
1469 467 1586 523 Faciem
1598 479 1672 536 ergo
1679 466 1847 524 crassitudo
1858 485 1932 542 ope-

1102 553 1151 620 ris,
1168 554 1416 626 quiedesiderate
1432 561 1617 612 terrenarum
1633 569 1733 613 rerum
1744 555 1934 616 abundante

1101 643 1204 700 oculos
1220 645 1327 701 mentis
1342 645 1459 720 premit,
1475 647 1569 702 sthoe
1586 647 1669 720 quod
1683 646 1714 702 in
1729 647 1772 702 eis
1798 647 1932 706 bonore»

1101 731 1160 789 bile
1175 749 1241 790 esse
1255 733 1368 804 debuit,
1385 740 1453 792 ente
1471 736 1520 793 liei
1535 736 1638 793 oculos
1652 735 1756 808 toedat,
1782 735 1855 810 quia
1881 753 1935 795 cu-

1100 821 1140 877 ris
1154 822 1369 896 multiplicibus
1384 830 1538 897 aggravat.
1555 823 1695 898 Sequitur
1718 825 1758 882 ut
1774 825 1810 882 de
1827 827 1933 884 luteri-

1102 909 1155 965 bus
1169 915 1233 980 eires
1248 915 1356 969 aruino.
1372 915 1526 983 dependet.
1539 947 1573 954 -
1589 914 1664 980 Quia
1679 913 1784 972 arvina
1805 915 1932 988 pingue-

1100 998 1140 1054 do
1153 1005 1198 1056 est
1210 1002 1318 1063 carnis,
1335 1002 1426 1059 latera
1439 1001 1537 1060 dicere
1552 1003 1685 1059 solemus
1708 1001 1846 1072 diadum,
1872 1005 1929 1062 bos

1100 1091 1233 1161 quossis
1249 1093 1425 1164 conjunctos
1440 1093 1600 1149 cernimus.
1631 1093 1739 1148 Arvina
1767 1093 1805 1150 de
1832 1093 1932 1152 lateri-

1101 1179 1158 1235 bus
1171 1180 1236 1251 ejus
1251 1182 1371 1255 pendet,
1385 1181 1456 1254 quia
1472 1181 1609 1255 quisquis
1632 1181 1743 1254 potenti
1771 1186 1800 1239 et
1825 1183 1932 1256 iniquo

1101 1268 1243 1339 adhaeret,
1269 1269 1333 1342 ipse
1358 1283 1481 1342 quoquc
1506 1269 1544 1324 de
1568 1271 1632 1341 ejus
1645 1269 1777 1342 potentia
1788 1269 1870 1327 velut
1893 1280 1932 1326 cx

1100 1357 1284 1430 pinguedine
1307 1371 1406 1412 rarum
1431 1361 1534 1413 tuimet.
1567 1358 1622 1424 Oui
1655 1359 1774 1431 petroni
1799 1359 1932 1432 perversi

1101 1446 1287 1520 iniquitatem
1301 1459 1430 1520 sequens
1448 1447 1540 1503 Deum
1555 1446 1616 1503 nori
1632 1447 1723 1516 timet,
1740 1463 1818 1520 quos
1841 1448 1931 1514 valet,

1102 1539 1273 1610 etquautos
1296 1536 1375 1593 valet
1398 1551 1545 1608 puerperas
1573 1535 1687 1608 ailligit,
1716 1542 1745 1594 et
1771 1538 1809 1593 de
1836 1537 1932 1607 gloria

1100 1625 1259 1700 temporali
1275 1639 1326 1681 eor
1337 1625 1440 1681 elevat.
1454 1626 1592 1699 Sequitur
1607 1643 1613 1682 :

1137 1755 1222 1808 vrrs.
1237 1755 1281 1808 28.
1298 1751 1455 1808 Habitauit
1481 1753 1511 1808 iu
1538 1751 1708 1810 ciuitatibus
1735 1751 1884 1818 mactatis,
1900 1755 1931 1810 et

1101 1845 1132 1899 iu
1149 1842 1283 1898 domibus
1297 1843 1430 1902 desertis.
1441 1858 1507 1912 quoe
1520 1840 1549 1898 iu
1568 1844 1691 1916 tumulis
1702 1847 1771 1898 suut
1786 1841 1929 1899 redueloe.

1101 1931 1203 2000 -Oui
1219 1931 1298 1988 enim
1313 1948 1331 1986 a
1346 1929 1574 1987 conversatione
1589 1931 1808 1988 conviventium
1824 1927 1930 1987 civitas

1100 2021 1277 2098 appellatur,
1295 2019 1427 2077 ciuitates
1443 2019 1584 2077 desolatae
1600 2025 1669 2076 suut
1684 2019 1739 2094 ipsi
1762 2019 1930 2094 obsequen-

1100 2113 1174 2171 tium
1192 2111 1276 2168 cranei
1290 2125 1510 2184 perversorum,
1526 2127 1656 2182 quorum
1667 2107 1849 2166 clamoribus
1863 2125 1929 2183 pcr-

1100 2219 1204 2260 uersus
1218 2201 1271 2256 iste
1283 2199 1434 2269 laudatur,
1450 2216 1517 2254 curu
1535 2199 1573 2256 ud
1589 2215 1682 2273 prava
1704 2215 1795 2272 opera
1811 2213 1865 2272 per
1878 2215 1929 2254 ne-

1101 2291 1224 2365 quitiam
1239 2286 1362 2364 rapitur.
1382 2291 1492 2346 llomus
1509 2305 1578 2345 vero
1594 2289 1717 2345 desertus
1735 2293 1805 2345 sunt
1816 2287 1928 2360 cogita-

1102 2379 1196 2436 tiones
1212 2396 1313 2452 pravre
1325 2395 1402 2451 quas
1418 2377 1540 2450 iniquus
1555 2377 1608 2434 iste
1620 2374 1776 2446 inhabitet,
1793 2378 1864 2452 quia
1875 2393 1929 2450 per

1100 2481 1190 2520 omne
1205 2463 1287 2537 quod
1303 2463 1364 2532 agit
1380 2461 1551 2536 iniquorum
1576 2457 1713 2518 omnium
1741 2461 1929 2533 cogitationi-

1100 2553 1157 2610 bus
1172 2553 1288 2626 placere
1304 2553 1418 2625 appetit
1448 2553 1502 2618 Qui
1515 2546 1623 2608 desedi
1638 2555 1665 2608 et
1680 2547 1804 2608 desolati
1823 2549 1928 2608 dicun-

1101 2645 1157 2710 tur,
1172 2641 1244 2715 quia
1259 2641 1449 2714 omnipotens
1465 2643 1541 2697 licus
1568 2645 1596 2698 et
1620 2639 1871 2706 conversationes
1900 2645 1929 2697 et

1100 2729 1295 2804 cogitationes
1310 2729 1412 2788 talium
1428 2727 1546 2786 deserit.
1569 2729 1691 2788 liuentia
1710 2745 1840 2805 namque
1873 2731 1929 2787 do-

1101 2839 1218 2880 morum
1232 2827 1322 2894 atque
1336 2821 1490 2878 civitatum
1506 2819 1632 2878 edificia
1659 2821 1790 2878 tumulos
1803 2817 1926 2878 iaciunt.

1061 2911 1081 2968 C
1101 2905 1259 2976 Quomodo
1276 2907 1350 2964 dum
1365 2907 1447 2982 pravi
1464 2909 1575 2982 quique
1599 2907 1731 2966 corilusis
1760 2904 1929 2966 actionibus

1101 2991 1293 3070 sibimetipsis
1309 2995 1347 3053 ad
1364 3012 1506 3070 perversa
1521 3013 1613 3072 opere
1622 2997 1801 3070 junguntur,
1829 3001 1929 3054 osten·

1100 3085 1176 3144 duint
1190 3081 1411 3160 proculdubio,
1427 3085 1499 3160 quia
1515 3085 1639 3143 aedilicia
1654 3089 1718 3144 vitre
1746 3084 1926 3143 ceciderunt.

1026 3225 1031 3238 ,
1101 3175 1259 3248 Sequitur:

1135 3285 1211 3339 vrrs
1226 3286 1270 3339 aa.
1286 3283 1355 3338 Nou
1370 3283 1557 3339 dubitabitur
1571 3283 1752 3356 [ditabiturt
1769 3301 1927 3356 deoperte:

1100 3373 1214 3431 veroid
1227 3373 1396 3428 rutilantia
1409 3375 1483 3442 ejus,
1498 3387 1551 3428 nee
1566 3375 1673 3440 ueittet,
1693 3375 1724 3430 iu
1739 3382 1820 3435 terra
1843 3373 1929 3431 rurit-

1100 3477 1160 3521 eem
1180 3477 1275 3518 suom.
1300 3491 1334 3501 -
1361 3461 1447 3528 Quod
1472 3461 1519 3518 bio
1537 3478 1596 3518 uod
1613 3461 1800 3521 liubr'tubs'tur
1813 3445 1930 3519 dictuui

1100 3555 1154 3618 est,
1169 3550 1199 3606 in
1214 3549 1397 3622 quibusdam
1413 3549 1566 3606 codicibus
1582 3549 1677 3624 reperi
1701 3567 1760 3608 ueu
1780 3551 1929 3608 ditabitur

1099 3639 1157 3696 Sed
1172 3655 1278 3696 sensus
1300 3655 1361 3696 non
1381 3639 1541 3713 discrepat,
1564 3641 1706 3714 quamvis
1732 3658 1802 3698 ase
1825 3658 1927 3700 sermo

1099 3727 1258 3786 discordet.
1274 3728 1322 3785 llle
1335 3729 1414 3786 enim
1428 3729 1586 3786 virtutibus
1596 3726 1832 3804 dilabiturcujus
1845 3747 1929 3788 men·

1100 3825 1159 3875 tem
1174 3817 1362 3876 nonhabitat
1376 3818 1567 3891 omnipotens
1593 3823 1679 3876 Deus.
1703 3819 1760 3878 Sed
1772 3821 1844 3896 quia
1874 3837 1926 3876 su-

1099 3907 1183 3982 perbi
1199 3907 1338 3980 cogitatio
1348 3909 1483 3964 Auctoris
1494 3909 1539 3964 sui
1550 3911 1678 3980 gratiam
1691 3925 1753 3968 non
1768 3909 1927 3978 inhabitat,

1099 3995 1232 4070 proiecto
1248 3996 1476 4054 virtutibusnon
1490 3998 1609 4056 ditatur.
1627 4003 1747 4074 Propter
1769 3999 1827 4056 lruc
1854 4015 1927 4070 ergo

1098 4087 1183 4159 quod
1197 4087 1320 4144 mterius
1332 4091 1377 4143 est
1389 4103 1502 4144 vacuus
1516 4087 1636 4158 ditatur,
1659 4105 1720 4146 non
1743 4089 1926 4146 inhabitabi-

1100 4179 1146 4232 tur
1162 4193 1169 4232 :
1184 4181 1306 4250 propter
1325 4175 1383 4234 boc
1403 4191 1475 4234 vero
1494 4176 1576 4249 quod
1602 4178 1766 4236 transitorie
1791 4179 1861 4236 ioris
1883 4185 1929 4252 tu·

1061 4263 1082 4318 ll
1099 4269 1170 4335 met,
1186 4270 1264 4324 recte
1276 4264 1468 4340 subjungitur
1485 4268 1776 4338 :Nereus-everaert
1791 4271 1929 4328 substau-

1099 4356 1142 4412 tt'a
1155 4357 1229 4424 eiua
1246 4385 1280 4395 -
1295 4353 1450 4427 Superbus
1465 4355 1546 4412 enim
1566 4356 1695 4431 quisque
1720 4357 1795 4416 dum
1822 4365 1928 4416 conba

1099 4441 1259 4500 Dominum
1275 4441 1444 4512 roboratur,
1461 4443 1533 4500 duur
1558 4445 1650 4504 currit
1674 4449 1871 4520 declaratio,
1898 4455 1928 4506 et

1098 4531 1129 4588 in
1140 4533 1252 4604 pinpui
1263 4533 1376 4590 ceruice
1390 4539 1495 4590 contre
1516 4539 1674 4592 Auctorem
1686 4537 1818 4606 erigitur,
1848 4543 1927 4598 stare

1098 4621 1186 4694 quasi
1202 4621 1292 4678 arbor
1301 4622 1418 4680 videtur
1434 4643 1440 4680 :
1458 4623 1509 4680 sed
1526 4630 1620 4682 status
1644 4627 1709 4696 ejus
1733 4627 1796 4684 sine
1824 4629 1926 4686 radice

1098 4715 1153 4782 est,
1168 4711 1241 4784 quia
1254 4710 1336 4768 velut
1350 4712 1390 4770 ad
1403 4711 1500 4770 lovem
1510 4713 1627 4786 ilatum,
1641 4715 1683 4772 sic
1692 4716 1730 4772 ad
1739 4717 1866 4774 urodum
1877 4734 1926 4774 oc-

1098 4799 1184 4858 culta
1199 4803 1352 4858 sententia
1378 4801 1437 4858 vita
1449 4802 1514 4874 ejus
1542 4803 1663 4861 eruitur.
1694 4805 1744 4864 Sin
1772 4822 1842 4864 vero
1868 4808 1927 4864 boc

1097 4883 1164 4942 loeo
1189 4888 1311 4956 terram,
1336 4889 1453 4942 eterne
1486 4887 1552 4944 vitre
1579 4888 1804 4948 retributionem
1818 4893 1927 4966 accipi-

1097 4989 1176 5040 mus,
1192 4969 1230 5028 dc
1244 4988 1306 5045 qua
1316 4975 1463 5047 Propheta
1477 4974 1517 5032 ait
1534 4993 1539 5030 :
1557 4998 1571 5026 u
1587 4977 1682 5034 Portio
1699 4995 1767 5036 mea
1789 4979 1820 5038 in
1849 4986 1927 5038 terra

1097 5060 1261 5118 viventium
1277 5061 1370 5134 (Paul.
1386 5079 1459 5134 cxii,
1475 5064 1514 5136 e).
1531 5087 1544 5114 u
1567 5065 1690 5138 Iniquus
1714 5068 1768 5126 iste
1790 5069 1821 5126 in
1848 5075 1926 5128 terra

1096 5147 1227 5206 radicem
1243 5166 1330 5207 suam
1342 5165 1403 5207 non
1418 5151 1515 5219 mittit,
1530 5151 1602 5228 quia
1616 5170 1774 5230 nunquam
1789 5157 1829 5216 ad
1843 5164 1927 5218 eter-

1096 5253 1143 5294 nas
1156 5239 1224 5296 vites
1235 5237 1417 5296 desiderium
1442 5240 1540 5300 cordis
1556 5243 1602 5299 sui
1617 5245 1828 5316 cogitationem
1841 5248 1927 5324 plan·

1096 5331 1149 5386 tat.
1165 5323 1252 5395 Quod
1267 5327 1347 5386 enim
1362 5329 1448 5388 radix
1463 5329 1575 5402 arbori,
1597 5333 1654 5392 boo
1681 5337 1842 5414 uuicuique
1868 5341 1924 5398 bo-

1096 5416 1213 5474 minum
1228 5417 1366 5488 cagimio
1381 5435 1436 5477 sua
1451 5425 1503 5478 est.
1517 5421 1672 5496 Sequitur:

1131 5526 1215 5582 Vsus.
1230 5529 1270 5588 tu,
1285 5525 1353 5584 Nou
1368 5527 1483 5586 recedet
1495 5529 1532 5586 de
1545 5531 1686 5590 tenebras.
1713 5565 1748 5576 -
1773 5535 1802 5594 Si
1821 5551 1926 5609 supr-

1094 5609 1153 5670 bus
1166 5611 1221 5670 iste
1235 5613 1353 5689 corripe
1366 5616 1403 5676 sd
1416 5618 1564 5688 iustitiam
1582 5620 1679 5679 redire
1705 5622 1859 5694 voluisset,
1880 5624 1924 5682 de
