4156 6182
164 181 198 237 cs
275 151 276 156 ‘
635 177 903 236 paciscuntur.
923 199 958 216 ·-
977 173 1007 230 s.
1027 173 1157 235 onoma
1176 181 1256 238 viri
1270 184 1422 243 aursus.
1842 195 1879 252 ci

163 291 276 362 iseum
298 308 342 361 est
367 303 456 360 beato
476 302 551 370 viro,
580 307 613 359 et
631 306 809 360 mansuetus
823 299 944 374 spiritus
958 297 990 354 in
1008 299 1034 353 Δ
1049 299 1207 360 mnlh'tudo
1221 321 1228 360 ε
1243 321 1315 362 cuin
1329 307 1459 366 incertus
1482 325 1627 371 numerus
1652 316 1832 389 optimatum
1846 325 1877 378 et

164 367 300 449 tempore
314 375 474 432 verborum
486 373 575 430 iesus
589 375 753 431 restituitur
778 372 835 429 sibi
859 371 926 445 ipsi,
941 385 990 424 re·

165 440 282 503 tionum
297 447 383 520 copie
400 445 548 502 delinitus.

403 535 519 592 Neritii
530 541 564 590 rit
577 549 608 590 se
627 540 747 604 neunt.

205 629 247 679 is.
263 628 400 694 ingressu
423 623 562 706 precibus
577 623 746 696 impetrato,
768 623 806 678 ad
822 621 992 703 societatem

166 694 290 750 bairum
305 694 481 764 regulariter
495 695 703 764 admittuntur,
719 697 748 749 et
761 693 866 750 initiali
879 689 993 764 proies-

167 765 248 822 sione
274 765 431 840 precmissa
458 766 489 822 in
517 781 620 822 veram
646 765 754 842 Christi
774 761 995 848 plenitudinem

166 835 426 893 transformantur.
443 835 547 893 Videre
571 839 635 892 erat
655 836 757 892 labore
770 853 834 918 Jam
854 837 992 890 emeritos

164 908 216 980 qui
229 922 284 980 pro
299 913 436 980 tempore
456 907 624 964 debuerant
644 909 780 1034 magistri
806 921 881 972 esse,
898 917 994 986 iisque

163 978 203 1034 ad
217 978 287 1052 ipsa
296 978 450 1035 discendae
464 979 582 1034 virtutis
594 979 677 1034 initia
714 978 894 1035 escendisse.
910 979 994 1030 lusti·

162 1049 326 1106 tuehantur
341 1049 461 1116 abillis,
485 1066 564 1122 quos
580 1051 755 1105 meritorum
769 1047 929 1122 privilegiis
943 1059 995 1101 an-

164 1120 291 1188 teibant,
307 1123 336 1176 et
354 1119 498 1176 virtutum
513 1120 627 1192 itinera,
645 1137 713 1193 quer
730 1121 839 1194 saepius
854 1119 909 1190 ipsi
929 1117 994 1188 jam

165 1191 320 1274 triverant,
334 1191 417 1246 velut
429 1193 498 1248 inex
522 1197 583 1247 crta
595 1191 797 1265 precabantur
808 1190 863 1246 sibi
875 1189 915 1245 ab
929 1187 994 1244 aliis

165 1261 476 1330 designari.Vivebant
519 1263 586 1318 ieno
596 1279 679 1318 more
694 1263 746 1336 qui
756 1263 899 1318 haetenus
911 1259 993 1314 viiic-

167 1336 235 1388 rant
249 1348 410 1398 moresca
424 1339 453 1388 et
463 1333 640 1405 plerumque
663 1333 702 1388 ab
716 1333 772 1388 illis
788 1349 855 1416 quis
871 1331 953 1388 bona
965 1333 994 1386 et

166 1401 248 1458 utilio
263 1419 326 1459 esse
341 1403 512 1468 credebant,
529 1405 681 1459 seniorum
692 1403 823 1478 imperiis
848 1402 992 1460 arceban-

164 1477 222 1529 tur.
248 1473 456 1546 imposuerant
483 1475 622 1531 homines
642 1489 733 1548 super
761 1475 858 1548 capita
886 1477 994 1543 siia,et

164 1541 232 1600 ideo
248 1543 304 1602 illis
319 1548 444 1600 eatenus
464 1545 640 1602 inconsueta
667 1545 762 1603 iuerat
777 1546 841 1611 lege
865 1543 934 1618 ilex]
950 1545 992 1598 vi-

165 1614 263 1672 vendi.
280 1617 385 1672 Totum
409 1617 451 1672 eis
463 1615 640 1743 proficiebat
666 1617 705 1672 ad
730 1619 880 1682 meritum,
896 1622 992 1672 totuin

164 1687 386 1760 cooperabatur
397 1687 435 1742 ad
449 1688 587 1757 goriam,
601 1695 634 1744 ut
645 1689 756 1762 quibus
771 1703 871 1744 rerum
888 1687 991 1758 inopia

162 1757 279 1814 virtutis
294 1764 523 1832 comparaverat
548 1761 699 1830 meritum,
721 1776 790 1816 vera
810 1764 838 1816 et
861 1757 993 1832 perlecta

163 1829 315 1885 humilitas
327 1829 455 1900 gloriam
471 1830 639 1904 ampliaret.

199 1899 243 1957 20.
258 1901 402 1974 Suscepto
416 1901 521 1957 habitu
533 1901 673 1958 monachi
687 1901 793 1959 beatus
807 1901 881 1973 0do,
911 1901 993 1958 idem

163 1973 224 2026 fere
236 1972 439 2043 perseveravit
451 1971 504 2054 qui
518 1972 631 2027 fuerat:
650 1981 756 2028 iisdem
783 1973 824 2028 illi
841 1973 993 2028 abstinen-

164 2043 212 2097 tiie
227 2041 369 2116 parcitas,
384 2041 487 2097 similis
512 2043 634 2097 vivendi
648 2043 768 2098 modus.
785 2043 837 2098 sed
858 2044 994 2116 puritatis

166 2117 195 2168 ct
214 2111 420 2167 sanctimoniae
443 2111 687 2184 incomparabilis
714 2114 809 2169 tuerat
834 2129 852 2168 a
874 2115 992 2186 petitus.

166 2182 311 2238 Patientia
323 2197 396 2238 vero
411 2187 500 2254 atque
514 2181 668 2240 humilitas
678 2191 788 2266 prester
800 2129 924 2240 mogum
941 2185 993 2239 ho-

166 2253 257 2308 minis
284 2251 323 2308 illi
347 2257 411 2308 erat
427 2269 434 2308 :
450 2253 628 2310 obedientie
655 2269 789 2324 vigorem
814 2263 993 2330 perpetuum

165 2325 346 2380 inconcussa
363 2323 455 2379 animi
468 2323 627 2380 stabilitate
642 2325 791 2382 servabat.
816 2333 845 2382 tn
859 2327 915 2382 bor.
931 2333 994 2382 tnn-

167 2401 230 2450 tum
256 2393 373 2450 differre
402 2393 561 2451 videbatur
589 2393 627 2450 ab
650 2413 684 2452 eo
704 2398 756 2470 qni
780 2397 862 2472 prius
886 2397 992 2468 inerat,

165 2465 247 2538 quod
260 2464 451 2540 perfectionis
476 2483 576 2522 arcein
596 2467 754 2538 attingens,
776 2467 911 2524 altiorem
926 2485 993 2542 pro·

165 2535 452 2663 ff⁸ssi⁰t⁰i⁸⁸md¹¹m’
467 2553 528 2610 quo
556 2537 676 2606 dignius
696 2541 846 2612 evaderet,
866 2557 926 2596 non
942 2542 993 2596 lia-

187 2624 202 2664 e
227 2624 266 2664 a.

342 2697 472 2753 Sanctus
488 2698 550 2754 Odo
572 2697 705 2756 scholam
727 2701 811 2772 repit.

199 2804 244 2858 2t.
260 2802 335 2868 Quia
344 2819 416 2859 vero
430 2803 538 2875 pietate
551 2810 580 2860 et
594 2807 741 2862 munditia
755 2825 768 2860 s
793 2806 913 2863 ecialius
922 2807 993 2868 eini-

165 2875 267 2942 nebat,
283 2873 380 2930 visum
407 2879 453 2930 est
471 2875 574 2932 abbati
599 2877 663 2946 ejus
686 2823 832 2950 puerilem
856 2879 991 2934 scholam

165 2946 278 3002 Odonis
292 2945 486 3017 providentie
501 2962 593 3018 posse
605 2949 759 3003 committi.
784 2949 950 3018 injungitur
965 2949 991 3004 ei

165 3015 310 3085 officium,
325 3031 381 3072 nec
395 3023 514 3072 rccuset
527 3019 661 3074 etaetatis
688 3017 815 3074 infirmis
839 3018 990 3075 difficilem

165 3103 270 3144 curam
286 3087 463 3159 suscipiens,
480 3103 642 3160 puerorum
661 3089 796 3158 invigilat
810 3089 990 3164 disciplinis;

165 3173 295 3232 quorum
311 3173 406 3214 unum
430 3173 499 3214 cum
520 3165 606 3216 nocte
634 3161 766 3234 quadem
783 3161 846 3216 sine
871 3163 991 3234 proprio

165 3229 279 3286 lumine
295 3229 333 3286 ad
347 3229 497 3286 naturalia
512 3231 694 3298 deduxisset,
711 3233 836 3288 credens
855 3233 991 3288 sufficere

166 3315 327 3356 commune
341 3300 441 3358 lumen
456 3317 517 3374 quo
531 3302 672 3359 interiora
681 3304 847 3359 dormitorii
859 3303 990 3378 comple·

167 3371 287 3436 bantur,
303 3371 359 3428 loci
374 3373 622 3429 cousuetudinem
646 3374 726 3430 visus
753 3381 797 3430 est
818 3377 989 3432 excessisse.

168 3442 309 3569 Sequenti
324 3443 455 3516 capitulo
469 3444 558 3500 datur
572 3445 602 3500 in
617 3445 762 3512 medium,
783 3451 812 3502 et
840 3447 991 3502 communi

166 3515 200 3584 ju
224 3514 279 3570 icio
294 3529 362 3570 reus
377 3515 491 3570 ordinis
505 3515 560 3588 (tt)
576 3516 806 3574 condemnatur.
822 3519 897 3573 Nem
917 3519 992 3574 sicut

168 3585 324 3642 monachis
336 3600 413 3658 pene
428 3587 548 3659 proprie
569 3601 633 3643 esse
651 3587 724 3644 solet
746 3593 778 3644 ut
804 3589 893 3644 rebus
908 3589 992 3644 mini-

167 3657 225 3712 mis
238 3657 427 3724 insolescant,
436 3657 561 3714 sublatis
572 3660 683 3732 pariter
694 3660 993 3717 vocibusacclamant

167 3727 291 3794 homini,
316 3728 449 3784 obruunt
475 3730 624 3785 insontem
638 3730 747 3795 verbis,
761 3731 902 3788 conviciis
914 3732 991 3786 lace-

166 3799 447 3856 rantinnooentem.
474 3803 540 3872 lpse
567 3801 663 3856 abbas
692 3802 831 3873 publicos
851 3804 990 3884 strepitus

166 3869 252 3940 gravi
262 3868 466 3940 indignatione
478 3872 671 3944 prosequitur
684 3889 739 3929 nec
754 3873 854 3929 minus
867 3873 932 3929 aliis
946 3875 992 3928 in·

164 3941 283 3996 vehitur
305 3941 335 3996 in
358 3941 504 4009 odonem,
531 3946 564 3998 ut
582 3943 673 4002 virilis
688 3945 781 3999 animi
804 3943 929 4000 firmitas
944 3959 992 3998 cii-

165 4017 252 4067 coota
264 4011 379 4080 injuriis
399 4011 507 4066 clarior
519 4019 685 4083 appareret.
693 4015 740 4069 Vir
755 4020 856 4069 autem
865 4015 991 4080 bomini,

167 4081 255 4151 cujus
269 4095 356 4135 mens
371 4080 401 4134 iii
417 4081 512 4136 solido
523 4081 649 4137 tundata
666 4089 737 4145 erat,
752 4084 863 4152 probra
886 4084 992 4139 vocite-

166 4151 301 4206 rantium
318 4153 400 4206 tanta
416 4149 510 4206 animi
521 4153 661 4224 equitate
676 4153 824 4220 sustinuit,
840 4157 872 4208 ut
886 4169 940 4208 nec
954 4154 992 4209 ad

165 4221 262 4278 illatas
277 4221 401 4294 injurias
416 4227 598 4291 moveretur,
614 4227 642 4279 et
656 4223 860 4294 injuriantium
886 4225 992 4281 motio·

1048 387 1207 454 procerum
1224 377 1428 450 frequentaret
1445 381 1547 452 palatii
1563 387 1731 444 vastitatem
1755 387 1786 444 in
1800 389 1876 448 iacis

1048 457 1193 502 omnium.
1220 451 1284 504 [tux
1311 449 1491 508 Guillermus
1506 457 1602 526 aperit
1626 459 1740 516 consilii
1752 463 1798 516 eut
1812 475 1876 518 iiio-

1047 512 1131 596 dum,
1146 517 1218 598 etin
1228 519 1353 576 auribus
1363 521 1568 580 assistentium
1580 543 1642 584 suia
1655 529 1876 589 deliberationis

1047 593 1185 658 expromt
1194 591 1389 662 qualitatem:
1406 595 1584 668 concepisse
1597 614 1629 653 se
1644 601 1747 658 auimo
1761 603 1875 660 nudam

1048 661 1077 710 et
1088 657 1255 738 simplicem
1272 661 1468 744 voluntatem,
1492 667 1605 738 quiesi
1630 670 1761 740 eligendi
1787 689 1876 756 opere

1048 732 1198 811 vestiatur,
1211 734 1277 790 vitre
1303 735 1434 806 praemiis
1458 749 1519 792 non
1540 738 1653 796 carebit
1674 749 1877 815 :mysterium

1049 799 1162 856 consilii
1172 803 1219 858 sui
1230 819 1307 872 esse,
1323 809 1354 861 ut
1369 808 1586 864 monasterium
1601 811 1757 869 construat
1767 815 1798 871 iii
1812 815 1879 872 iun-

1047 868 1088 924 do
1103 887 1168 938 suo,
1184 873 1213 929 in
1229 890 1291 956 quo
1315 878 1457 932 monachi
1478 879 1605 936 Domino
1631 883 1804 954 sordentes,
1819 887 1877 943 sibl

1047 956 1102 1012 pro
1117 947 1259 1018 temporis
1275 947 1365 1018 hujus
1389 951 1527 1021 expensis
1542 951 1678 1010 subsidia
1706 961 1877 1013 mercentur

1048 1016 1168 1070 esterna.
1187 1016 1346 1074 Dominum
1361 1033 1434 1086 erga
1456 1037 1489 1076 se
1503 1023 1657 1094 apernisse
1672 1024 1784 1080 diutius
1810 1043 1875 1083 ma-

1047 1098 1122 1164 num
1136 1102 1232 1168 suam,
1250 1093 1279 1168 et
1291 1104 1328 1144 eii
1342 1089 1422 1146 dolio
1448 1089 1641 1163 benignitatis
1661 1095 1875 1164 beneficiorum

1048 1170 1167 1226 copiam
1191 1158 1359 1215 instillasse.
1387 1163 1541 1235 Excepisse
1564 1165 1639 1222 elios
1667 1183 1875 1239 saepenumero

1048 1225 1129 1282 mala
1144 1244 1199 1299 pro
1213 1228 1306 1311 bonis
1317 1249 1322 1298 ;
1337 1247 1367 1286 sc
1381 1231 1565 1304 frequentius
1575 1241 1690 1308 etpenc
1704 1253 1824 1311 semper
1837 1239 1874 1296 de

1046 1295 1196 1355 bonorum
1224 1301 1345 1356 uberius
1396 1309 1457 1359 arte
1489 1321 1555 1362 suin
1579 1307 1663 1364 sisse.
1693 1309 1777 1365 Fines
1791 1326 1874 1378 suos,

1046 1375 1188 1439 operante
1212 1371 1349 1451 liomin0,
1388 1373 1515 1432 istensos
1535 1322 1578 1432 aff
1594 1378 1783 1450 miraculum,
1803 1381 1878 1438 dile·

1046 1443 1123 1494 tatos
1140 1445 1282 1498 terminos
1298 1443 1337 1498 ad
1351 1449 1516 1518 stuporem,
1538 1451 1566 1502 et
1581 1447 1637 1504 sibi
1653 1464 1796 1522 prospera
1812 1467 1877 1508 mo·

1046 1509 1124 1566 lienti
1136 1528 1205 1583 pros
1229 1514 1307 1568 erius
1316 1516 1507 1572 successisse.
1517 1519 1783 1593 munificentiaeque
1795 1526 1877 1578 tauta

1046 1581 1200 1638 deiterata
1237 1589 1347 1654 neuter,
1363 1603 1543 1658 responsum
1569 1589 1668 1661 operis
1697 1593 1810 1648 amodo
1830 1609 1876 1650 ra-

1011 1645 1231 1725 !ponendum.
1248 1658 1361 1712 tionum
1376 1673 1441 1714 esse
1456 1659 1604 1720 ordinem.
1634 1667 1667 1716 ut
1689 1668 1756 1734 post
1771 1679 1877 1720 curam

1047 1725 1179 1796 corporis
1195 1741 1293 1781 rerum
1308 1725 1461 1784 affluentia
1488 1730 1697 1798 ministratam,
1728 1749 1784 1788 sua
1798 1750 1876 1806 quo-

1046 1812 1104 1867 que
1126 1797 1245 1878 enimse·
1260 1797 1426 1880 redemptio
1442 1815 1503 1856 non
1517 1806 1642 1872 negetur
1658 1821 1664 1858 :
1681 1803 1794 1860 bonum
1809 1821 1875 1860 esse

1047 1871 1151 1922 utnon
1165 1883 1268 1924 omnia
1279 1885 1349 1924 caro
1364 1869 1548 1926 insufficiens
1561 1889 1687 1930 consum
1712 1875 1808 1942 sisset,
1821 1875 1875 1932 sed

1046 1937 1083 1992 ad
1098 1937 1236 1994 solatium
1251 1941 1437 1996 necessitatis
1451 1945 1591 1998 extremes
1607 1943 1663 1999 sibi
1707 1945 1789 2026 'quid
1803 1961 1876 2016 gau·

1045 2008 1114 2064 dest
1128 2025 1307 2066 reservasse.
1322 2013 1414 2068 Feror
1424 2013 1634 2094 episcoporum
1645 2021 1674 2072 et
1684 2021 1773 2072 totius
1784 2017 1874 2072 cunae

1047 2080 1182 2158 assensio
1198 2082 1386 2153 prosequitur
1401 2089 1429 2140 et
1443 2084 1546 2140 attollit
1561 2086 1733 2159 principalis
1759 2087 1874 2145 consilii

1048 2155 1196 2220 pietatem.
1224 2155 1285 2208 ltux
1310 2153 1486 2210 Guillcrmus
1504 2158 1669 2214 bernonem
1685 2157 1827 2216 abbatem
1843 2159 1874 2216 in

1048 2220 1142 2275 oculis
1158 2223 1294 2278 omnium
1309 2223 1446 2285 advocet.
1466 2229 1495 2280 et
1514 2225 1545 2281 iii
1561 2243 1654 2284 manu
1668 2229 1733 2299 eius
1754 2228 1874 2284 Clunia-

1049 2308 1115 2348 eain
1133 2291 1240 2348 vallem
1256 2309 1326 2348 cum
1340 2293 1515 2364 adiacentiis
1529 2313 1597 2368 quie
1613 2298 1643 2354 in
1656 2299 1801 2354 territorio
1816 2301 1873 2356 lla-

1048 2362 1206 2417 tisconeusi
1215 2363 1304 2418 alodii
1311 2365 1378 2432 jure
1384 2363 1569 2445 possederat,
1579 2367 1704 2424 solemni
1712 2367 1875 2426 donatione

1046 2435 1172 2505 reponit.
1185 2434 1453 2492 testamentalibus
1466 2435 1555 2494 etiam
1567 2437 1669 2494 litteris
1685 2437 1874 2510 premissam

1046 2504 1239 2560 donationem
1255 2506 1331 2562 etati
1345 2507 1428 2562 omni
1442 2523 1572 2580 persona
1588 2514 1647 2564 tam
1675 2509 1875 2568 ecclesiastica

1046 2591 1137 2648 quain
1151 2575 1306 2632 macidane
1317 2577 1536 2648 quietissimam
1550 2579 1716 2638 libertatem
1730 2579 1874 2652 privilegii

1046 2662 1129 2702 more
1157 2649 1322 2716 consignet.
1350 2648 1538 2706 acceleratur
1564 2667 1651 2724 opus,
1675 2651 1874 2710 fundamenta

1044 2717 1203 2787 jactantur,
1215 2718 1341 2776 triliboia
1353 2719 1553 2778 coniiciuntur
1562 2729 1592 2778 ut
1601 2722 1740 2779 desiderii
1748 2723 1794 2780 sui
1804 2727 1874 2796 post

1047 2789 1221 2859 temporalo
1266 2807 1283 2845 a
1298 2791 1469 2862 complendi
1480 2791 1619 2848 relinitis
1634 2793 1723 2850 unius
1736 2794 1872 2866 aspiciat.

1049 2863 1212 2915 bernonem
1229 2861 1381 2930 ailiatem,
1398 2863 1499 2934 quoad
1516 2863 1635 2930 viveret,
1658 2863 1792 2922 futurum
1805 2865 1873 2922 Clu·

1048 2929 1188 2984 niacense
1199 2931 1334 2986 caenobio
1356 2933 1705 2994 constituiturovisorein
1720 2953 1726 3002 ;
1748 2951 1809 3008 qiio
1823 2952 1873 2990 sii-

1047 3001 1128 3056 blato
1142 3000 1341 3055 liberamessc
1358 3001 1512 3058 monachis
1527 3003 1693 3060 trcultatem
1708 3020 1874 3076 quemcun-

1047 3087 1105 3142 que
1118 3071 1225 3125 vellent
1239 3069 1383 3126 idoneum
1398 3089 1426 3128 re
1451 3071 1568 3128 ulcriter
1583 3074 1778 3142 subrogandi.
1803 3079 1875 3132 Acts

1044 3157 1091 3197 res
1099 3140 1268 3222 cstpublice
1278 3141 1405 3212 septimo
1413 3087 1481 3198 liius
1496 3143 1676 3214 Septembris
1682 3143 1765 3216 apud
1775 3144 1876 3202 Bituri-

1045 3229 1126 3276 cum,
1147 3228 1177 3268 in
1213 3216 1376 3285 conspectu
1404 3213 1616 3286 episcoporum
1653 3221 1681 3270 et
1703 3231 1874 3296 procerum,

1045 3299 1122 3356 quos
1138 3283 1178 3340 ad
1193 3299 1247 3338 sua
1261 3283 1379 3354 negotia
1391 3284 1578 3342 terminanda
1591 3283 1734 3359 principis
1743 3285 1875 3356 dignitas

1048 3355 1197 3412 invitarat.

1107 3427 1285 3484 Monosterii'
1295 3427 1383 3482 initi'o
1393 3427 1449 3482 sub
1465 3427 1613 3494 Benene,
1630 3435 1656 3484 et
1671 3428 1806 3486 libertae.

1080 3497 1124 3553 23.
1141 3504 1226 3552 Anno
1242 3497 1281 3554 ab
1295 3497 1499 3554 incarnatione
1514 3499 1628 3556 bomini
1644 3499 1873 3568 nongentesimo

1044 3568 1173 3636 decimo,
1190 3566 1337 3638 gloriosus
1371 3567 1433 3624 dur
1450 3569 1668 3641 aquitanorum
1694 3569 1873 3628 venerandis

1045 3640 1189 3712 apostolis
1205 3643 1287 3695 Petro
1302 3643 1330 3695 et
1342 3637 1433 3696 Paulo
1443 3641 1611 3697 venerabile
1626 3641 1792 3698 construxit
1806 3657 1873 3698 mo-

1046 3712 1209 3768 nasterium
1236 3711 1267 3765 in
1292 3709 1448 3783 vallequae
1476 3711 1583 3768 dicitur
1598 3711 1747 3778 Cluniaoa,
1772 3711 1873 3794 ibique

1048 3781 1246 3838 venerabilem
1258 3785 1423 3838 bernonem
1433 3781 1599 3850 designavit
1619 3783 1771 3850 abbatem,
1787 3799 1874 3865 cupre

1047 3853 1175 3908 coenobii
1191 3852 1345 3924 plenumst
1358 3851 1677 3924 integramlibcrtatem
1693 3857 1722 3910 et
1733 3869 1804 3924 egre
1837 3869 1873 3908 us

1047 3923 1188 3980 fundator
1198 3923 1240 3978 eis
1252 3923 1282 3978 iii
1297 3924 1370 3996 ipsis
1395 3924 1495 3995 posuit
1509 3923 1724 3990 fundamentis,
1739 3930 1768 3982 et
1782 3923 1809 3981 ia
1823 3923 1874 3980 'cis

1047 3994 1200 4050 memoriae
1220 3995 1377 4062 Gregorius
1406 3995 1462 4060 (48)
1491 3995 1645 4073 septimus,
1674 3995 1810 4050 Urbanus
1831 4009 1875 4050 se·

1047 4063 1165 4118 condus
1180 4079 1229 4118 am
1254 4063 1374 4117 lissimis
1388 4062 1549 4133 privilegiis
1558 4064 1802 4118 firmaveruntln
1812 4079 1874 4144 quo

1047 4133 1161 4188 moveri
1174 4147 1204 4186 se
1240 4132 1322 4186 icuiit
1335 4131 1518 4186 devotissimi
1546 4148 1733 4202 susurrones,
1749 4133 1802 4204 qui
1813 4147 1876 4203 Jac-

1048 4203 1121 4258 turis
1144 4201 1365 4274 episcopalibus
1387 4199 1469 4258 verbi
1493 4201 1588 4271 gratia
1619 4201 1873 4274 condescendunt,

165 4307 235 4350 nem
249 4307 303 4348 sua
323 4292 488 4349 humilitate
504 4292 626 4350 sedavit.
643 4295 774 4350 nilvertit
788 4297 880 4350 Berno
894 4295 991 4350 abbas
1050 4271 1244 4330 ⁵ffi⁰¹¹¹asib¹¹⁸
1270 4277 1298 4328 et
1320 4271 1427 4328 ‘illinis
1464 4271 1629 4329 sati⁰¹¹ib¹¹⁸
1657 4273 1780 4330 ⁰bVi¹¹m
1807 4290 1874 4332 ⁰⁵⁸⁰

164 4366 194 4420 in
212 4359 261 4420 bei
287 4363 401 4420 lemnio
423 4363 778 4448 praeclariimqiiiddam
795 4367 945 4438 patientiis
964 4371 992 4423 ct
1011 4333 1036 4398 D

164 4435 290 4505 virtutis,
317 4438 345 4490 et
372 4435 541 4507 praevidens
566 4451 637 4493 eum
665 4453 694 4493 in
717 4453 768 4492 cor
810 4453 840 4493 re
856 4439 991 4494 Ecclesia

164 4507 350 4633 praecipuum
376 4505 579 4588 membrorum
594 4508 740 4590 iptorum.
778 4509 898 4582 einceps
921 4525 991 4566 euni

186 4577 270 4636 abuit
284 4579 455 4634 reverentie
468 4581 496 4634 ct
511 4577 629 4634 honori.

170 4685 339 4743 willelmus
359 4690 485 4741 mactem
498 4701 582 4742 suum
597 4687 694 4756 operti
710 4687 746 4742 de
760 4687 914 4744 condendo
934 4703 991 4744 oie·

285 4757 372 4813 nobie
385 4757 535 4814 Cluniaei.
555 4757 752 4828 Prioilegi'um
768 4759 869 4814 datur.

199 4843 244 4902 22.
262 4843 441 4902 Presidebat
450 4849 520 4902 tuuc
529 4847 669 4917 temporis
676 4845 816 4914 regendis
825 4847 990 4917 Aquitania

165 4914 227 4998 dux
241 4915 428 5000 (julllerinus
436 4917 542 4998 virtute
560 4917 754 4998 conspicuus¹
771 4922 923 4998 etpotens
940 4933 991 4998 ¹ar-

165 5001 233 5068 mis,
248 5003 279 5044 iii
290 5003 352 5061 quo
367 4987 478 5044 mihtiee
493 4987 634 5061 splendor
648 4991 677 5070 ct
687 4987 757 5044 lidei
770 5004 846 5070 mire
859 4987 992 5044 similitu·

163 5057 242 5114 dinis
258 5074 326 5141 arce
339 5063 552 5117 convenerant.
570 5061 773 5140 Devotiolquae
788 5075 819 5114 in
834 5058 885 5116 illo
906 5059 988 5114 obse

163 5128 989 5258 ‘littttttitttnttttlttttttttttttstat·

161 5216 294 5353 {luorum
317 5272 470 5354 diligentia
483 5271 657 5356 colligendis
680 5277 709 5328 et
727 5271 863 5328 fovendis
875 5241 990 5344 paupe:

161 5343 259 5424 ribus¹
274 5343 438 5400 inserviret.
472 5343 623 5402 Desiderio
659 5349 688 5400 et
717 5343 829 5424 fervore
880 5347 990 5426 ennete

161 5412 989 5567 ltt⁰tttttl⁰tt¹ttttttttttttttunttitt

161 5561 240 5612 tatus
269 5559 460 5629 presentiam
493 5571 579 5636 suain
604 5556 743 5614 intulerat
769 5569 858 5612 curiae
887 5559 989 5612 trium·

160 5627 276 5700 phanti.
291 5627 406 5689 tethro
416 5630 575 5680 conventui
590 5628 782 5684 sacerdotalis
809 5641 871 5683 non
886 5625 988 5684 deerat

196 5717 254 5788 (ii)
265 5717 298 5773 ld
310 5720 354 5773 est
368 5729 483 5772 normae
505 5717 534 5770 et
551 5713 767 5772 observationis
781 5715 812 5774 ln
825 5725 987 5788 congrega-

162 5787 242 5845 tione
258 5787 370 5844 servari
384 5785 486 5844 solite.

1048 4345 1189 4410 diceutes,
1229 4343 1289 4400 uod
1317 4343 1502 4416 pontificales
1524 4344 1654 4402 ecclesiis
1677 4344 1874 4404 dioecesaneis

1048 4417 1179 4473 ecclesiis
1196 4361 1251 4471 sini
1266 4415 1392 4471 subditis
1408 4415 1453 4470 sui
1466 4415 1542 4488 Juris
1558 4415 1700 4486 dignitato
1719 4417 1874 4491 priventur

1047 4487 1161 4554 Quibus
1185 4487 1246 4544 duo
1272 4486 1401 4544 breviter
1426 4486 1545 4559 objecta
1568 4488 1765 4560 reponimus:
1790 4488 1873 4545 bono

1047 4559 1151 4617 Christi
1166 4559 1259 4615 odore
1280 4575 1341 4616 nori
1356 4558 1464 4614 debere
1476 4575 1528 4615 eos
1541 4557 1628 4629 mori,
1645 4564 1676 4616 ut
1687 4559 1814 4616 libertati
1828 4575 1874 4616 co·

1046 4630 1142 4686 clesiie
1153 4630 1277 4688 minoris
1290 4629 1454 4694 invideant,
1470 4645 1525 4686 uec
1540 4633 1629 4686 vento
1639 4629 1775 4686 elationis
1790 4629 1873 4686 intla-

1046 4703 1069 4757 ri
1087 4705 1119 4758 ut
1127 4701 1248 4772 justitiae
1261 4704 1403 4756 Romana
1417 4698 1496 4754 sedis
1516 4699 1746 4780 praesumptorio
1768 4699 1872 4770 spiritu

1046 4772 1262 4838 contradicant,
1277 4769 1392 4826 bouum
1407 4769 1521 4850 quippe
1533 4786 1598 4826 esse
1610 4769 1701 4841 quieti
1716 4768 1872 4850 providere

1044 4843 1207 4908 bonorum,
1221 4841 1277 4898 nisi
1289 4840 1379 4896 libeat
1393 4839 1533 4908 insanire,
1550 4855 1609 4897 non
1633 4845 1755 4909 negant,
1782 4845 1811 4896 et
1826 4855 1871 4898 in-

1043 4913 1140 4983 justas
1155 4929 1219 4968 esse
1234 4911 1311 4966 sedis
1335 4928 1353 4966 a
1375 4910 1508 4966 ostolicoe
1531 4909 1709 4978 sanctiones,
1729 4911 1783 4968 etsi
1806 4927 1872 4986 per-

1045 4999 1130 5040 verse
1145 4983 1282 5050 sentient,
1295 4928 1425 5053 proice
1438 4983 1468 5038 iii
1481 4981 1827 5040 mediiimreiormidant.
1840 4987 1872 5040 tn

1046 5055 1149 5128 primis
1162 5054 1250 5126 igitur
1265 5058 1399 5119 caveant,
1415 5069 1451 5110 ne
1467 5053 1492 5108 si
1506 5069 1542 5110 eii
1559 5053 1642 5110 bono
1661 5053 1791 5112 ecclesiae
1805 5068 1871 5110 mo-

1043 5126 1170 5191 riuntur,
1186 5140 1246 5180 non
1263 5123 1335 5180 boni
1351 5128 1380 5179 et
1400 5123 1483 5196 impii
1497 5139 1561 5182 esse
1585 5123 1758 5198 probentur,
1786 5125 1817 5204 in
1831 5120 1872 5178 al-

1045 5202 1107 5253 tero
1120 5196 1242 5254 videant
1256 5210 1293 5250 ne
1313 5193 1337 5250 si
1347 5195 1517 5268 apostolicis
1532 5195 1658 5254 decretis
1683 5193 1868 5252 dissentiant.

1043 5267 1198 5324 haereticos
1212 5281 1276 5322 esse
1290 5272 1427 5340 oportent
1440 5267 1491 5348 qui
1513 5261 1789 5388 Romanaepusitiie
1808 5276 1870 5344 non

1044 5339 1227 5394 concordant
1242 5341 1328 5406 ciijus
1343 5341 1502 5396 auotoritas
1512 5336 1669 5460 principali
1694 5349 1729 5414 us
1739 5331 1870 5418 ecclesus

1044 5425 1105 5466 non
1120 5409 1256 5472 detrahit.
1270 5413 1301 5464 ut
1312 5410 1368 5483 ipsi
1382 5410 1524 5480 garriunt,
1541 5409 1592 5489 sed
1628 5420 1683 5485 arie
1698 5403 1829 5490 disponit
1842 5409 1871 5486 et

1043 5481 1161 5538 ordinat
1175 5481 1319 5538 bonorem
1335 5497 1434 5536 sirum.
1449 5483 1524 5536 Nam
1538 5491 1569 5530 in
1590 5477 1694 5544 spiritu
1722 5476 1869 5558 rechtuili·

1042 5553 1088 5608 uis
1105 5553 1252 5608 minorem
1278 5552 1433 5610 eeclesiam
1460 5544 1624 5616 aliquando
1648 5545 1870 5626 malorilsuhji·

1043 5625 1134 5694 ciunt,
1158 5623 1321 5698 aliquando
1344 5637 1412 5678 enm
1427 5629 1521 5688 quain
1545 5615 1668 5674 subesse
1692 5619 1866 5684 contigerat,

1077 5713 1134 5783 (48)
1160 5713 1292 5770 illiorum
1319 5703 1496 5781 pontificum
1526 5705 1680 5785 privilegia
1709 5717 1868 5772 pracesse-

1041 5788 1119 5854 runt,
1137 5789 1170 5842 ut
1182 5784 1295 5840 dictum
1307 5782 1352 5834 est
1365 5779 1395 5833 in
1411 5774 1509 5848 elogio
1525 5777 1682 5850 superiori.
