4106 6148
186 147 254 202 toas
873 133 1018 191 JOANNIS
1036 135 1136 192 PAPAE
1154 136 1199 192 llil
1832 140 1905 196 1024

184 284 225 342 po
242 284 249 323 :
265 264 377 340 petiam
393 263 431 320 de
444 261 577 320 vineain
595 261 715 332 Zizinni,
737 277 791 318 seu
813 263 842 317 et
862 258 1014 316 clusuram
1029 259 1054 313 t
1069 256 1199 315 fundum
1227 257 1443 317 barbilianum.
1472 262 1581 316 Verum
1605 259 1694 318 etiam
1716 259 1849 318 fundum
1873 261 1906 319 in

184 357 223 415 de
236 355 325 413 vinee
337 354 369 411 in
383 353 544 424 integrum,
559 369 628 426 quaa
643 352 766 427 ponitur
776 351 808 408 in
823 349 917 406 tundo
930 349 1015 404 Cera·
1068 347 1220 419 integrum
1234 349 1321 406 Sexto
1337 365 1407 406 cum
1421 353 1508 423 prato
1524 365 1579 406 suo
1591 349 1678 422 juxta
1700 349 1800 407 rivum
1826 350 1907 408 inter

185 459 271 502 sano.
286 447 408 501 Necnon
422 442 543 500 casinas
558 441 634 498 duas
650 440 690 498 ad
704 443 828 514 pontem
853 437 989 495 Salerum
1006 453 1014 502 ;
1068 435 1185 506 affines,
1200 437 1240 494 ab
1255 453 1317 494 uno
1330 437 1421 494 latere
1431 439 1479 495 via
1494 454 1562 511 que
1588 437 1686 511 pergit
1712 437 1752 496 ad
1774 445 1905 513 pontem

184 532 356 608 portionem
369 530 407 588 de
419 530 513 587 Palmi
527 545 595 586 curn
608 528 693 587 terris
707 533 735 585 et
745 526 848 584 hortis.
857 528 944 582 Prata
954 523 1015 579 duo
1068 524 1223 598 adenona,
1253 529 1282 582 et
1303 525 1342 582 ab
1366 524 1424 582 alio
1445 525 1537 582 latere
1556 525 1607 582 via
1620 525 1752 599 publica,
1765 530 1795 583 et
1809 527 1836 584 si
1851 527 1907 600 qui

183 623 270 696 juxta
284 623 402 678 Portam
417 620 578 692 Maiorem
602 617 752 676 casalinas
771 616 860 684 duas,
876 631 970 671 unam
985 613 1016 669 in
1069 609 1119 666 elii
1134 609 1239 666 affines
1255 614 1334 666 sunt.
1350 609 1457 668 Omnia
1470 609 1576 666 restris
1590 609 1648 683 piis
1658 609 1743 682 locis,
1753 615 1906 668 etsanctas

186 711 306 782 Pedica,
320 726 388 784 quae
403 713 528 766 vocetur
540 707 735 778 Burdunaria,
751 711 780 764 et
792 705 1017 764 aliamincam·
1069 703 1178 756 nostre
1201 701 1354 770 Romanae,
1381 697 1440 769 cui,
1463 699 1588 756 Domino
1616 703 1750 772 auctore,
1769 699 1905 758 deservi-

185 815 226 873 po
242 799 361 872 ltajore.
374 797 440 854 Pari
455 795 548 853 modo
562 796 704 853 domoras
716 797 747 852 in
770 796 920 865 integrum
946 809 1016 850 eum
1070 805 1148 858 mus,
1165 787 1311 854 Ecclesiae,
1325 787 1459 845 inclinati
1471 787 1610 861 precibus
1633 787 1751 856 restris,
1777 803 1832 862 per
1850 789 1907 847 hu-

187 887 276 946 cortis
291 885 438 951 etheris,
454 887 483 942 et
493 885 618 942 ecclesia
628 884 722 942 sancti
734 883 891 954 Theodori,
905 883 1019 957 positas
1069 879 1118 950 ius
1134 877 1264 952 apostoli
1276 877 1421 950 privilegii
1435 878 1542 934 seriem
1566 878 1771 952 suprascripta
1799 880 1905 938 omnia

186 977 263 1034 intra
288 975 440 1032 civitatem
464 978 566 1032 Rome
590 975 678 1048 juxta
697 977 786 1032 Porta
800 975 923 1046 ltajore,
940 973 1019 1029 sicut
1070 965 1239 1024 immobilia
1253 965 1556 1024 loeacumomnibus
1577 982 1683 1024 eorum
1706 967 1904 1040 pertinenffis,

187 1065 309 1122 fuerunt
322 1064 360 1122 de
377 1064 463 1121 Floro
476 1064 631 1140 episeopo.
643 1064 782 1122 Similiter
789 1065 943 1131 domoras,
952 1079 1020 1136 quar
1071 1059 1104 1112 ut
1123 1071 1215 1130 supra
1227 1055 1344 1126 legitur,
1359 1071 1378 1112 a
1392 1055 1530 1129 prasenti
1545 1055 1643 1129 prima
1654 1055 1817 1114 indictione
1832 1062 1863 1115 et
1874 1058 1906 1114 in

186 1154 308 1212 ιιιοιιιιιι
336 1153 373 1210 de
396 1156 510 1211 toenne
533 1157 562 1212 et
586 1153 737 1227 Stephano
761 1153 799 1210 de
818 1153 929 1226 Griphi,
951 1168 1020 1208 cum
1071 1150 1250 1221 perpetuum
1265 1145 1353 1202 vobis
1370 1145 1535 1219 vestrisque
1558 1145 1784 1203 successorihus
1799 1163 1908 1205 conce·

187 1245 309 1299 corteet
323 1241 446 1315 pergule
465 1245 494 1298 et
516 1241 635 1299 hortulo
659 1242 745 1314 juxta
769 1245 906 1298 Formam
930 1239 1018 1298 Clau·
1072 1237 1173 1293 dimus
1200 1239 1228 1292 et
1251 1235 1469 1292 confirmamus
1496 1235 1693 1293 detinendum
1713 1236 1745 1294 in
1769 1253 1864 1294 usum
1879 1241 1909 1296 et

187 1330 280 1386 diam.
297 1332 331 1386 lit
344 1330 465 1386 vineam
479 1328 662 1387 clusuratam
674 1329 706 1386 in
720 1329 871 1400 integrum
886 1343 956 1384 cum
970 1343 1018 1384 ar·
1073 1325 1229 1382 utilitatem
1244 1325 1338 1399 ipsius
1347 1324 1527 1382 venerabilis
1540 1326 1723 1383 monasterii.
1734 1326 1778 1384 ita
1791 1330 1908 1396 tamen,

186 1418 312 1476 boribus
326 1418 490 1494 pomiferis,
506 1435 575 1475 curn
599 1419 701 1492 criptis
725 1419 812 1490 juxta
834 1417 927 1488 viam,
951 1433 1020 1490 quaa
1073 1418 1106 1470 ιιι
1120 1414 1304 1488 quotidianis
1312 1413 1419 1470 diebus
1434 1413 1606 1471 sacerdotes
1621 1418 1650 1472 et
1658 1415 1801 1472 monaehi
1810 1415 1910 1490 ipsius

185 1508 268 1565 ducit
281 1507 321 1564 ad
334 1507 508 1566 Jerusalem.
525 1507 616 1565 Simili
641 1508 733 1564 modo
752 1507 880 1565 domum
900 1507 929 1563 in
944 1507 1017 1562 inte·
1073 1502 1248 1559 monasterii
1267 1518 1322 1576 pro
1347 1501 1482 1559 remedio
1509 1502 1619 1560 animae
1641 1507 1761 1572 nostrae,
1788 1508 1909 1561 nostro-

188 1612 241 1668 gro
256 1611 326 1652 cum
338 1600 418 1652 corte
432 1595 591 1655 ethortulo
604 1595 738 1662 etvinea‚
751 1601 861 1666 etcum
874 1593 1017 1650 omnibus
1040 1609 1059 1663 g
1073 1605 1201 1664 rumque
1231 1605 1439 1647 successorum
1461 1589 1592 1648 clament
1612 1591 1644 1648 in
1657 1591 1765 1649 eadem
1778 1591 1909 1650 ecclesia

188 1685 228 1741 ad
254 1701 322 1742 eam
349 1683 577 1758 pertinentibus,
606 1683 735 1755 positam
760 1685 862 1738 Romae
890 1683 1019 1753 Regione
1073 1681 1194 1734 eentum
1208 1679 1305 1749 Kyrie
1318 1680 1428 1736 eieuon
1439 1683 1468 1736 et
1478 1683 1598 1740 centum
1612 1680 1731 1738 Christe
1739 1681 1858 1748 eleuom
1875 1685 1908 1737 ei

189 1771 331 1844 Septima,
347 1770 377 1826 in
388 1786 450 1844 qua
464 1769 557 1826 domo
570 1774 616 1827 est
629 1770 755 1829 ecelesia
769 1771 864 1828 sancti
879 1771 1020 1827 VitiNec·
1073 1766 1243 1823 sacerdotes
1260 1783 1360 1824 sacras
1374 1767 1542 1825 oblationes
1559 1767 1592 1825 in
1611 1767 1771 1825 missarum
1793 1769 1908 1826 solem·

187 1874 249 1915 non
265 1863 294 1915 et
305 1858 427 1915 vineam
442 1874 495 1914 seu
511 1863 621 1916 terram
632 1860 719 1932 juxta
741 1859 917 1917 Jerusalem.
946 1863 1018 1916 ltem
1073 1855 1130 1911 niis
1144 1854 1239 1911 tribus
1251 1855 1368 1913 vicibus
1380 1872 1435 1929 per
1457 1856 1592 1928 singulas
1617 1856 1827 1916 hebdomadas
1848 1875 1907 1932 pro

188 1946 340 2004 clusuram
354 1946 391 2004 de
405 1946 492 2004 vinea
505 1947 537 2004 in
549 1947 699 2020 integrum
708 1948 739 2005 in
752 1948 869 2022 Αιιιιιιιφ
878 1948 908 2004 in
922 1947 1017 2004 fundo
1072 1941 1261 2001 absolutione
1275 1948 1385 2000 nostrae
1403 1944 1524 2013 animae,
1539 1949 1771 2018 nostrorumque
1784 1959 1907 2004 succee-

188 2035 305 2104 zizinni,
336 2037 431 2109 petias
460 2053 531 2106 sex;
560 2041 650 2111 atque
672 2037 798 2094 domum
822 2037 854 2093 in
868 2037 1018 2108 integrum
1073 2048 1176 2088 sorum
1192 2031 1369 2105 pontificum
1384 2033 1583 2107 omnipotenti
1599 2036 1658 2091 ileo
1676 2033 1814 2092 offerant.
1845 2037 1909 2093 Sta·

187 2140 259 2180 curn
273 2123 404 2192 hortulo,
424 2124 558 2197 positum
571 2125 658 2196 juxta
685 2129 823 2182 sanctum
849 2125 1017 2183 Martinam.
1072 2124 1189 2178 tuentes
1200 2120 1366 2194 apostolica
1380 2138 1517 2190 censura,
1532 2121 1590 2179 sub
1600 2121 1810 2195 divinijudicii
1824 2123 1909 2182 obte-

189 2212 327 2270 Similiter
338 2212 543 2270 domumoum
555 2219 710 2287 eortequae
725 2215 845 2286 ponitur
856 2214 886 2270 in
901 2213 1017 2271 Sibura.
1073 2211 1232 2267 stationem
1257 2213 1286 2268 et
1313 2212 1512 2270 anathematis
1534 2211 1736 2280 interdictum,
1756 2218 1791 2270 ut
1804 2213 1909 2271 nunus

222 2301 288 2358 Pari
303 2302 394 2360 modo
409 2306 437 2358 et
449 2295 667 2360 monasterium
692 2303 785 2360 suncti
810 2302 926 2359 Erasmi
949 2319 1019 2358 cum
1074 2316 1210 2374 unquam
1228 2304 1402 2359 nostrorum
1427 2317 1636 2359 successorum
1654 2301 1844 2376 pontificum,
1861 2303 1910 2360 vel

189 2389 331 2448 omnibus
346 2390 596 2460 suisedjacentiis
611 2392 658 2447 vel
672 2391 866 2465 pertinentiis,
892 2391 968 2447 sicut
989 2391 1020 2447 in
1074 2387 1134 2444 elie
1160 2387 1301 2460 quaelibet
1318 2405 1432 2460 magna
1457 2405 1613 2464 parvaque
1638 2405 1769 2464 persona
1795 2393 1910 2448 audem

188 2481 285 2536 restro
313 2479 481 2534 continetur
513 2483 663 2552 praecepto
691 2496 697 2534 :
725 2479 896 2552 pariterque
925 2479 1020 2552 petias
1073 2476 1120 2534 sei
1138 2477 1348 2550 praesumatde
1363 2479 1506 2537 omnibus
1520 2479 1731 2554 suprascriptis
1745 2479 1908 2536 immobili·

188 2567 266 2624 duas
279 2565 317 2622 da
329 2567 418 2622 vinea
434 2568 533 2637 inosti,
547 2583 608 2624 una
622 2567 747 2640 quidem
760 2567 790 2622 in
806 2566 901 2623 fundo
916 2567 1018 2636 ltauri,
1073 2565 1131 2622 bus
1145 2564 1219 2622 locis
1230 2582 1300 2622 cum
1315 2567 1458 2624 omnibus
1471 2566 1591 2625 illorum
1605 2567 1791 2642 pertinentiis
1810 2573 1838 2626 at
1851 2568 1905 2626 ad-

189 2655 218 2708 et
232 2650 292 2707 alia
303 2651 335 2707 in
351 2652 546 2710 calabriceto.
567 2655 706 2712 Similiter
720 2658 841 2728 pratum
864 2654 978 2711 cultum
992 2659 1022 2712 et
1072 2653 1222 2726 jacentiis,
1249 2658 1282 2712 ut
1306 2671 1399 2729 supra
1420 2655 1539 2729 legitur,
1562 2660 1667 2714 contra
1691 2656 1749 2714 hoc
1767 2663 1909 2715 nostrum
1962 2693 1970 2708 ·

188 2737 357 2796 assolutum
372 2738 468 2796 fundo
482 2745 636 2812 aguzanu.
653 2743 724 2809 Quoe
736 2742 939 2816 suprascripta
950 2759 1020 2799 cum
1074 2741 1247 2816 pontificale
1262 2743 1452 2817 privilegium
1466 2761 1555 2817 agera
1573 2744 1622 2802 vel
1636 2745 1767 2803 alienare
1787 2753 1842 2805 aut
1856 2763 1911 2804 au-

188 2825 334 2883 omnibus
346 2826 458 2896 tundis,
475 2844 529 2885 scu
543 2829 706 2902 casalibus,
732 2832 849 2901 massis,
875 2832 1019 2904 ecclesiis,
1075 2830 1151 2888 ferre
1165 2837 1347 2905 praesumat;
1362 2831 1417 2891 sed
1430 2835 1530 2908 potius
1544 2833 1667 2892 firmum
1690 2838 1780 2909 atqua
1801 2835 1911 2894 stabile

188 2916 393 2981 monasteriis,
420 2917 574 2989 domibus,
601 2919 705 2992 hortis,
734 2920 839 2988 vineis,
866 2922 971 2990 servis,
992 2925 1021 2978 et
1041 2919 1228 3021 Cperpetuis
1244 2937 1278 2978 ac
1293 2922 1434 2996 perennis
1449 2922 1647 2996 temporibus,
1669 2923 1711 2982 ita
1731 2927 1764 2981 ut
1777 2940 1798 2982 a
1819 2924 1911 2982 nobis

189 3003 316 3074 ancillis,
331 3004 446 3062 colonis
461 3012 490 3063 et
504 3007 682 3080 colonabus,
699 3009 876 3070 fluminibus
890 3014 919 3066 ct
934 3010 1020 3083 aqui·
1077 3013 1187 3066 statuta
1202 3013 1280 3078 sunt,
1295 3010 1484 3069 decernimus
1506 3013 1758 3086 permanendum.
1782 3013 1814 3072 Si
1838 3015 1911 3089 quis

188 3093 287 3162 molis,
304 3094 447 3168 piscariis,
465 3095 540 3152 sicut
554 3113 646 3171 supra
662 3097 779 3170 legitur,
805 3098 850 3155 rel
874 3098 965 3156 etiarn
991 3099 1023 3156 in
1076 3102 1177 3156 autem
1192 3099 1363 3172 (quodnon
1381 3101 1534 3174 optemus)
1561 3105 1666 3160 contra
1687 3103 1745 3160 hoc
1768 3108 1911 3162 noshum

189 3181 255 3240 eliis
270 3184 405 3256 partibus
428 3184 474 3241 vel
491 3185 668 3259 civitatibus,
693 3186 866 3260 ubieunque
889 3193 1023 3245 vestrum
1077 3187 1277 3260 apostolicum
1292 3189 1482 3261 privilegium
1498 3193 1660 3264 temptator
1673 3191 1866 3259 casterium
1879 3193 1911 3250 in

187 3271 358 3328 venerabile
371 3274 591 3331 monasterium
606 3279 706 3332 tencre
721 3276 919 3349 et'possidere
939 3276 1023 3333 vide·
1076 3290 1233 3348 quoquam
1247 3277 1404 3345 contraire,
1419 3281 1448 3335 et
1459 3282 1663 3350 transgressor
1680 3295 1745 3337 esse
1768 3279 1911 3348 voluerit,

189 3363 236 3416 tur
261 3375 315 3433 per
342 3361 547 3436 quodcunque
575 3362 809 3421 instrumentum
837 3366 1022 3426 chartarum,
1077 3363 1151 3420 sciat
1164 3364 1440 3423 seauctoritatellei
1454 3367 1841 3439 omnipotentis,etllomini
1857 3386 1911 3426 no·

194 3451 256 3504 tam
272 3464 327 3522 per
339 3451 479 3522 praecepti
489 3451 703 3524 peginam,seu
714 3453 859 3525 privilegii
868 3455 947 3526 jura,
957 3463 1025 3510 nec·
1078 3453 1139 3520 stri,
1157 3453 1362 3534 apostolorum
1374 3455 1527 3528 principis,
1543 3455 1628 3525 Petri,
1651 3457 1739 3528 cujus
1761 3457 1831 3515 iicet
1850 3459 1909 3515 im-

188 3549 251 3591 non
266 3549 321 3607 per
335 3539 587 3594 commutationes
603 3555 656 3595 seu
670 3540 849 3596 donationes
868 3546 897 3596 et
919 3540 1023 3596 omnia
1078 3540 1184 3610 meriti,
1200 3542 1317 3598 Domini
1332 3547 1434 3600 tamen
1447 3543 1631 3616 dignatione,
1656 3545 1790 3616 gerimus
1814 3547 1908 3618 vices,

189 3637 258 3696 quea
272 3622 377 3680 fideles
390 3624 548 3683 Christiani
558 3631 664 3684 vestrae
676 3633 787 3686 sanctae
797 3615 1024 3701 congregationi
1078 3630 1278 3689 anathematis
1303 3632 1424 3690 vinculo
1445 3633 1634 3703 innodatum,
1657 3639 1687 3692 et
1709 3651 1728 3693 a
1749 3651 1840 3708 regno
1854 3637 1907 3692 Dei

188 3725 383 3784 proauorum
397 3714 486 3771 venia
497 3715 674 3774 delictorum
690 3717 889 3786 donaverunt,
906 3717 952 3774 vel
966 3735 1021 3774 un·
1077 3720 1220 3777 alienum.
1238 3721 1293 3787 Oui
1308 3737 1378 3778 vero
1391 3721 1442 3796 pio
1456 3723 1565 3780 intuitu
1580 3739 1668 3780 verus
1683 3729 1784 3782 custos
1809 3729 1839 3782 et
1853 3724 1909 3782 ob-

190 3798 350 3874 decunque
362 3801 504 3859 chartulis
523 3807 584 3861 tam
607 3806 733 3863 vetustis
755 3823 911 3880 quamque
930 3807 1022 3864 etiam
1078 3812 1212 3865 servator
1225 3809 1366 3866 exstiterit
1379 3809 1471 3883 huius
1481 3811 1575 3869 nostri
1585 3811 1740 3888 apostolici
1750 3813 1912 3886 privilegii,

187 3887 315 3946 norisin
328 3895 425 3948 vestro
439 3893 623 3951 monasterio
637 3895 749 3952 habere
761 3895 918 3964 videmini,
932 3896 1022 3952 roho·
1078 3897 1191 3954 meritis
1220 3903 1310 3972 atque
1338 3899 1478 3972 precibus
1498 3900 1579 3958 beati
1601 3902 1677 3958 Petri
1700 3902 1912 3975 apostolorum

188 3975 321 4034 rabiliter
340 3978 425 4035 vobis
452 3981 617 4055 vestrisque
645 3984 869 4041 successoribus
892 4001 946 4058 per
964 3986 1022 4042 hoc
1077 3986 1230 4061 principis,
1254 3991 1283 4044 et
1307 3989 1403 4046 saneti
1427 3989 1576 4048 Benedicti
1598 3989 1629 4048 in
1642 3990 1775 4048 ethereis
1789 3993 1913 4050 arcibus

188 4069 324 4122 nostrum
352 4068 551 4140 apostolicum
580 4078 766 4146 praeceptum
804 4074 1021 4130 contirmamus
1076 4067 1203 4150 praemia
1215 4093 1250 4134 ac
1264 4077 1483 4136 benedictionis
1498 4079 1626 4152 gratiam
1639 4085 1729 4154 atque
1745 4081 1913 4140 misericor-

188 4152 384 4211 detinendum
393 4158 603 4230 perpetualiter
614 4165 705 4234 atque
716 4161 1022 4234 perenniterverum·
1077 4165 1160 4223 diam
1176 4181 1194 4223 a
1205 4167 1288 4238 J'usto
1300 4167 1402 4240 judice
1418 4168 1545 4226 Domino
1557 4171 1618 4226 ileo
1628 4173 1741 4240 nostro,
1755 4169 1912 4244 vitamque

189 4245 291 4299 umen
310 4244 526 4304 confirmamus
544 4248 631 4305 vobis
652 4250 751 4308 casalo
771 4268 866 4308 unum
894 4252 925 4308 in
947 4253 1021 4309 inte·
1079 4259 1223 4312 aeternam
1239 4257 1383 4330 consequi
1397 4262 1557 4315 mereatur.

189 4345 288 4402 ilum,
302 4331 386 4405 t1¹¹⁰d
397 4340 553 4394 V00⁸¹¹¹lm
567 4338 653 4410 ι’ῑῑῐῑᾶ
677 4341 820 4406 Quartum
843 4358 913 4398 0⁰1⁰
932 4346 1019 4416 prato
1039 4311 1063 4368 D
1115 4363 1264 4437 Scriptum
1277 4379 1332 4437 per
1346 4379 1473 4422 manum
1487 4365 1601 4435 Leonis,
1617 4366 1761 4424 seriniarii
1775 4371 1805 4424 et
1823 4373 1911 4424 nota-

190 4435 246 4476 ⁸1¹0
260 4419 337 4477 1⁰¹0?
351 4419 468 4492 ⁸ffi⁰⁰⁸2
484 4426 721 4499 ailli¹1¹0¹⁶¹¹⁰re
736 4429 847 4501 0⁸³⁸l⁰2
870 4431 953 4504 (ιῦοᾱ
968 4447 1019 4488 VO·
1077 4451 1112 4509 rii
1127 4455 1239 4508 sancte
1255 4468 1382 4510 summae
1398 4453 1696 4528 sedisapostolicrein
1709 4471 1814 4512 mense
1824 4455 1908 4524 italo,

188 4512 273 4566 catur
287 4509 501 4581 barbilianum,
515 4520 545 4572 et
559 4516 598 4573 ab
614 4517 673 4574 alio
684 4517 775 4576 latere
790 4519 918 4576 fundum
932 4520 1021 4578 lluni·
1076 4539 1239 4597 jndieqong
1255 4557 1347 4615 supra
1358 4542 1424 4615 jam
1438 4542 1519 4601 dieta
1532 4543 1640 4618 prima.

188 4597 260 4669 tula,
278 4599 401 4658 saliente
416 4602 456 4659 ab
469 4603 537 4678 ipso
550 4611 636 4678 prato
648 4623 703 4681 per
716 4607 824 4666 limites
840 4625 910 4666 suos
925 4625 1022 4683 usque
1118 4656 1150 4716 ᾗ
1173 4645 1251 4703 Bene
1264 4645 1370 4704 valete·
1395 4657 1427 4717 g

190 4685 231 4742 ad
241 4687 370 4760 parietes
384 4690 528 4762 desertas,
540 4709 608 4766 quea
624 4699 694 4752 sunt
713 4695 791 4752 ultra
815 4699 964 4764 Formam,
993 4701 1023 4754 et

189 4779 316 4834 exeunte
331 4776 360 4834 in
376 4778 425 4836 via
444 4780 576 4854 Publica,
590 4787 618 4839 et
633 4799 651 4840 a
665 4785 751 4841 tertio
777 4785 868 4850 latere
891 4787 960 4860 ipsa
973 4787 1022 4843 via
1113 4772 1221 4826 Datum
1232 4770 1351 4840 ibidus
1365 4771 1429 4828 Maii
1451 4787 1505 4846 1³⁰¹*
1523 4788 1651 4830 manum
1671 4773 1784 4844 Marini,
1799 4781 1915 4832 &⁰⁰¹³

189 4856 327 4927 Publica;
355 4877 374 4917 a
399 4855 509 4936 quarto
532 4866 623 4924 latere
645 4867 784 4939 fundum,
799 4871 882 4944 quod
899 4875 1022 4928 vogatur
1075 4857 1306 4915 Polimartiensis
1320 4858 1455 4915 Ecclesia
1474 4860 1608 4935 episcopi
1634 4865 1663 4918 et
1684 4861 1908 4920 bibliothecarii

188 4939 336 5009 Decorita,
366 4959 447 5018 aqua
470 4948 671 5009 descendente
698 4969 751 5027 per
772 4954 879 5012 limites
903 4971 974 5012 suos
990 4955 1022 5012 in
1077 4945 1915 5024 summoesedisapostolicae,annolteopropitiopontiti·

188 5025 320 5084 immam
334 5029 430 5099 levia,
447 5036 476 5088 et
488 5041 610 5092 exeunte
635 5053 689 5111 per
706 5039 847 5111 formam,
872 5045 901 5098 gt
924 5057 1020 5098 rever.
1077 5039 1161 5092 catus
1177 5033 1295 5092 llomini
1307 5037 1402 5094 nostri
1422 5037 1545 5095 loannis
1566 5039 1677 5096 summi
1703 5039 1855 5114 pontilicis
1884 5047 1914 5098 et

188 5114 268 5168 tenta
280 5127 335 5185 per
346 5113 469 5174 limitem
477 5117 563 5190 juxta
572 5134 684 5192 aquam
695 5124 836 5198 usquead
845 5125 1021 5199 predictum
1076 5123 1253 5181 universalis
1264 5127 1284 5182 x
1295 5125 1366 5199 (354)
1378 5128 1464 5200 Papae
1478 5127 1509 5184 in
1524 5128 1731 5186 sacratissima
1747 5129 1822 5188 sede
1834 5129 1918 5198 beati

224 5217 306 5343 (stig
330 5221 430 5280 Scribe
455 5225 636 5308 autumatis
666 5229 731 5286 XII
755 5231 852 5303 Papae
881 5249 893 5290 .·
922 5249 1021 5307 neque
1076 5233 1286 5291 summaeaadis
1301 5235 1474 5305 apostolice
1493 5235 1727 5308 bibliothecarii,
1753 5253 1839 5296 enno
1859 5241 1920 5296 Do

188 5303 269 5372 emm
307 5291 510 5367 hronologrcee
524 5300 604 5355 Notae
627 5316 697 5357 cum
718 5305 778 5358 tem
802 5303 905 5362 oribus
930 5307 1020 5362 toan·
1077 5305 1153 5361 mirri
1173 5305 1307 5376 propitio
1336 5305 1443 5374 (scribe
1462 5307 1523 5364 Deo
1549 5309 1692 5381 propitio)
1715 5311 1918 5380 pontificatus

188 5373 234 5414 nrs
248 5362 269 5416 x
283 5361 373 5446 Papae
388 5365 503 5449 alligari
516 5375 654 5452 possunt.
687 5319 838 5442 Ugbeliius
864 5379 936 5432 tom.
962 5377 1021 5431 thl
1077 5375 1180 5432 domui
1193 5377 1290 5432 nostri
1302 5377 1438 5441 ioannes,
1456 5381 1522 5434 etc..
1539 5379 1695 5436 camerac
1710 5393 1723 5452 ,·
1743 5396 1847 5440 mensa
1861 5383 1917 5439 De-

188 5427 253 5485 ltal.
271 5431 351 5488 Sacr.
365 5450 396 5491 ιιι
410 5439 644 5522 archiepiscopis
667 5443 884 5501 Beneventanis
905 5445 1021 5502 bullam
1077 5447 1198 5512 cencii,
1211 5447 1374 5505 indictione
1393 5453 1433 5505 ιι.
1452 5449 1651 5507 scribendum
1666 5465 1747 5508 euno
1762 5455 1879 5522 priano,
1894 5453 1918 5510 si

188 5498 278 5557 refert
291 5501 427 5573 ejusdem
439 5511 589 5582 pontilicis
612 5515 740 5571 ioannis
752 5513 820 5579 XII,
844 5515 948 5572 datam
966 5532 1023 5586 per·
1077 5533 1097 5575 a
1120 5517 1288 5591 Septembri
1310 5518 1432 5576 indictio
1454 5535 1536 5578 nora
1558 5521 1736 5592 deducatur,
1765 5527 1821 5582 aut
1835 5539 1918 5583 cuno

187 5585 296 5632 ιιιιιιιιιι
306 5573 424 5636 Moira·
435 5581 567 5652 quecea·
584 5582 627 5655 (id
650 5587 696 5644 est
717 5585 970 5659 Potiuurtiemis)
994 5593 1023 5646 et
1078 5589 1221 5648 secuudo.
