4110 6138
226 185 274 242 til
762 177 790 234 S.
812 177 942 236 obortis
960 171 1107 234 aratris
1125 171 1374 230 dinumerasse
1393 173 1417 226 ll
1887 169 1942 225 111

225 305 327 362 nullus
342 308 441 360 tamm
455 305 500 360 est
513 301 592 358 tilius
610 300 663 374 qui
678 316 740 358 non
759 291 934 372 tla'gelletur.
952 301 985 356 Et
997 297 1055 354 hoc
1071 299 1095 354 A
1109 311 1158 352 res
1171 298 1272 352 summ
1284 309 1320 352 ex
1333 294 1406 367 ipsis
1421 307 1524 350 umora
1539 291 1564 364 ej
1570 307 1604 348 us
1617 289 1763 365 perstricti
1772 289 1943 346 libertatem

225 399 289 452 erat
302 392 328 450 ei
342 390 517 458 consolatio,
532 389 616 463 quod
639 405 791 462 supernus
811 389 905 460 judex
928 402 1055 446 manum
1109 387 1294 447 recusantes,
1320 398 1498 456 permanere
1526 379 1624 451 magis
1656 379 1688 436 in
1711 379 1851 435 servitute
1878 379 1943 450 ejus

227 496 316 538 suam
330 479 370 538 ad
385 477 552 536 feriendum
566 479 648 536 huno
663 476 791 548 solverit,
806 479 973 549 etpeocata
991 474 1056 532 sine
1109 472 1291 530 maluerunt.
1317 473 1382 538 Ouo
1413 471 1492 528 tacto
1525 469 1673 544 pervideri
1705 471 1815 541 potest,
1849 483 1943 540 quam

225 567 396 642 quibushic
410 583 472 626 non
486 567 604 631 vivitur,
627 567 658 624 in
681 566 819 639 praesenti
841 565 969 638 prmiret.
989 564 1055 622 tam
1110 561 1196 619 dulce
1210 561 1379 619 dominium
1398 562 1428 618 in
1444 577 1497 618 eos
1511 557 1941 632 exercueritquandcqmdcm

225 658 327 730 itaque
339 657 378 716 da
392 656 597 714 misericordia
611 655 729 712 Domini
740 671 873 725 securus,
885 653 1057 712 confidebat
1110 667 1172 708 sum
1186 650 1314 708 libertati
1325 651 1496 706 servitutem
1509 649 1589 706 illius
1604 647 1743 721 prolerre
1758 648 1940 705 maluerimt

226 746 310 820 quod
324 763 395 804 eum
409 745 448 804 ab
463 750 574 802 aterno
586 744 709 804 verbere
723 743 849 801 liberare
872 743 1055 814 dignaretur,
1110 740 1288 798 ltcnebatur
1302 743 1404 796 autem
1418 755 1437 796 a
1450 739 1635 812 quibusdam
1651 738 1723 808 suis,
1738 741 1894 810 quaterem
1907 736 1943 793 da

226 834 363 908 quemin
377 833 518 907 prasenti
533 833 591 890 sub
610 831 729 902 flagello
753 847 888 904 premere
916 831 1057 901 diguatus
1110 831 1237 901 familia,
1270 847 1339 904 qum
1376 829 1496 886 sibimet
1523 829 1636 886 affatim
1663 827 1942 901 superabundabat,

228 923 275 980 sit.
289 923 318 978 Si
332 921 455 995 quidem
470 927 570 980 autem
586 921 691 980 studiis
708 920 862 978 retroactis
877 919 988 978 addere
1002 935 1057 992 po-
1111 920 1259 992 majoram
1277 918 1499 976 multitudinem
1512 918 1588 990 jugo
1602 915 1750 974 servitutis
1763 915 1944 972 suminus

228 1012 342 1080 tuisset,
355 1015 469 1084 quanto
484 1011 524 1068 ab
537 1009 673 1068 exteriori
691 1010 893 1084 implicatione
917 1008 1057 1066 caecimtis
1112 1008 1227 1075 Quibus
1240 1008 1279 1065 ait
1296 1025 1303 1064 ι
1318 1011 1445 1074 iustum,
1460 1007 1565 1080 inquit,
1581 1010 1635 1078 est,
1662 1011 1696 1064 ut
1708 1005 1757 1064 lex
1777 1004 1944 1061 mundialis

229 1117 324 1160 causa
338 1104 515 1168 cessaverat,
532 1103 613 1158 tanto
628 1099 769 1158 attentius
792 1098 920 1156 orationi
940 1098 1057 1154 incum-
1111 1099 1143 1156 in
1156 1098 1214 1154 hoc
1227 1097 1522 1164 observetur,etidec
1534 1111 1697 1152 numerum
1710 1094 1740 1151 in
1754 1093 1864 1152 eadem
1879 1093 1945 1163 lega

229 1189 330 1246 bebai.
346 1194 378 1245 Et
391 1205 452 1262 quo
465 1188 573 1246 mundi
586 1187 716 1258 figuram
731 1188 839 1246 intueri
853 1188 1009 1261 nequibat,
1022 1203 1058 1246 ao
1112 1187 1310 1262 praestitutum
1325 1185 1517 1258 praetergredi
1531 1201 1592 1241 non
1605 1184 1724 1241 debere.
1737 1183 1824 1250 Quod
1835 1182 1875 1239 ad
1890 1185 1946 1238 boc

231 1279 383 1336 cordisad
403 1294 507 1334 verum
527 1277 631 1333 lumen
657 1276 924 1349 contemplandum
951 1276 1058 1333 clarius
1113 1277 1150 1332 sit
1171 1279 1453 1336 commemoratum,
1482 1279 1515 1330 ut
1539 1274 1610 1330 bino
1636 1277 1736 1346 pateat
1757 1277 1945 1344 quantopere

230 1367 411 1426 intendebat.
435 1369 532 1424 Causa
545 1367 586 1423 ab
597 1366 793 1423 exterioribus
809 1365 894 1422 lactis
908 1364 1057 1429 cessabat,
1113 1359 1223 1416 divinis
1238 1359 1395 1433 praeceptis
1410 1358 1576 1415 adheserat
1592 1375 1598 1414 :
1619 1357 1744 1431 quando
1756 1357 1849 1414 etiam
1863 1355 1945 1425 lega-

229 1460 326 1514 totum
342 1473 373 1512 se
389 1456 429 1513 ad
444 1455 578 1512 studium
600 1454 756 1521 orationis,
783 1455 829 1510 vel
853 1455 1059 1512 assiduitatem
1113 1449 1192 1506 libus
1202 1449 1242 1504 ita
1257 1465 1288 1504 se
1300 1448 1481 1516 submiserit,
1493 1451 1521 1503 et
1533 1447 1683 1503 humanis.

230 1545 364 1602 lectionis
379 1544 561 1618 applicabat.
1150 1541 1182 1596 V.
1204 1542 1333 1594 intrante
1348 1553 1419 1592 vero
1439 1537 1503 1608 jam
1517 1553 1580 1592 suae
1595 1534 1780 1605 migrationis
1799 1537 1947 1607 tempore,

267 1635 313 1689 Ill.
339 1632 459 1689 Biennio
487 1632 665 1705 priusquam
689 1631 793 1698 obiret,
819 1630 974 1688 ecclesiam
995 1631 1096 1702 fecitss
1115 1626 1291 1684 morabatur
1305 1626 1388 1699 apud
1401 1626 1607 1684 cezerviacum
1624 1625 1696 1697 (lit)
1715 1623 1886 1697 quamdam
1902 1625 1949 1679 sui

233 1721 405 1777 solemniter
433 1720 576 1776 dedicari.
609 1724 639 1776 ln
661 1720 805 1776 altaribus
830 1737 900 1776 vero
922 1723 1001 1776 tanta
1016 1719 1061 1792 pi·
1113 1716 1189 1788 juris
1205 1715 1372 1783 ecclesiam,
1384 1732 1451 1788 quae
1462 1715 1491 1770 in
1507 1715 1654 1772 honorem
1667 1713 1760 1768 sancti
1776 1713 1861 1770 Cirici
1877 1729 1950 1768 eon-

234 1824 327 1880 gnera
342 1811 515 1864 sanctorum
535 1809 610 1880 (na)
633 1807 721 1864 insita
739 1811 817 1876 sunt,
844 1812 875 1864 ut
902 1808 1062 1864 scientibus
1117 1809 1231 1861 secreta
1243 1809 1295 1860 est.
1312 1807 1385 1862 Cum
1404 1803 1527 1876 quidem
1551 1803 1620 1876 plns
1645 1802 1731 1858 solito
1747 1807 1950 1875 compunctus

234 1898 345 1954 mirum
369 1897 415 1954 sit.
442 1896 491 1953 ilis
514 1901 613 1954 autem
638 1897 986 1970 quitorteascientibus
1009 1913 1062 1954 au·
1117 1893 1296 1968 profundius
1321 1893 1503 1966 suspirabat,
1521 1893 1562 1952 ita
1585 1897 1619 1950 ut
1643 1892 1714 1952 satis
1735 1892 1950 1968 peteretquod
2039 1961 2040 1970 χ

235 1985 330 2053 diunt,
346 2001 423 2058 pene
435 1983 606 2042 incredibile
621 1985 766 2042 videatur.
777 1989 850 2044 Nam
864 1986 895 2042 in
909 1987 955 2042 bis
968 1986 1062 2044 unde·
1118 1983 1300 2042 desiderium
1314 1983 1411 2040 cordis
1427 1984 1451 2054 ej
1458 2000 1491 2039 ns
1516 1983 1575 2042 alio
1599 1982 1743 2052 tenderet,
1767 1981 1950 2040 consolatio-

236 2089 355 2149 cunque
370 2073 544 2143 colligendis
560 2077 645 2147 pater
657 2073 705 2130 ille
720 2079 851 2143 sanctus,
867 2076 983 2148 quoties
998 2092 1063 2134 sese
1118 2087 1248 2146 nemque
1259 2071 1288 2128 in
1299 2071 1438 2146 prasenti
1453 2087 1648 2146 nequaquam
1661 2070 1794 2130 haberet.
1807 2074 1885 2130 lntar
1902 2087 1951 2128 su-

236 2163 444 2238 opportunitas
454 2162 641 2236 praebnisset,
656 2163 849 2228 omnimodis,
874 2165 957 2238 quad
982 2165 1062 2228 vixit,
1119 2162 1210 2236 spiria
1234 2178 1305 2218 vcro
1330 2161 1473 2236 lacrymis
1497 2160 1737 2232 suffundebatur,
1752 2164 1780 2218 et
1795 2161 1905 2220 erectis
1920 2161 1951 2219 in

236 2268 361 2326 operam
388 2249 479 2307 dedit.
508 2253 579 2318 Qua
603 2251 713 2308 scilicet
736 2257 765 2308 et
779 2252 862 2326 apud
881 2254 1020 2322 Romam,
1036 2257 1065 2312 et
1118 2252 1227 2308 coelum
1239 2251 1367 2308 subinde
1381 2251 1496 2308 visibus
1512 2250 1628 2322 orabat,
1643 2255 1677 2308 ut
1699 2250 1738 2308 ab
1760 2251 1817 2310 boc
1838 2249 1950 2308 seem

236 2341 349 2414 ubique
361 2339 497 2396 locorum
512 2339 555 2396 sic
573 2339 755 2414 impetrabat
784 2359 791 2398 :
821 2342 897 2399 sicut
922 2342 1064 2400 nimirum
1117 2339 1302 2411 liberaretur,
1314 2340 1423 2414 septus
1433 2345 1571 2412 repetens
1586 2346 1675 2414 atquc
1689 2339 1815 2398 diceus:
1835 2340 1949 2398 Subuc-

236 2429 295 2496 ille,
310 2428 363 2504 qui
377 2433 406 2486 et
420 2428 449 2484 in
465 2445 613 2500 sermone,
630 2434 658 2488 et
671 2433 755 2487 vultu
770 2435 834 2488 erat
851 2426 998 2502 gratiosus
1015 2448 1021 2486 ε
1036 2435 1064 2486 et
1119 2431 1189 2500 nite,
1204 2430 1377 2487 sanctiori.
1392 2413 1596 2502 ltoc'namqne
1610 2427 1739 2486 verbum
1762 2443 1881 2502 semper
1906 2428 1951 2486 ori

236 2515 268 2575 in
280 2516 390 2574 dandis
401 2517 503 2590 pretiis
515 2516 687 2586 munificus,
703 2521 731 2574 et
743 2517 827 2592 quod
841 2519 940 2590 majus
955 2523 1008 2586 est,
1032 2518 1063 2574 in
1118 2517 1184 2589 ejus
1198 2516 1343 2574 familiare
1359 2516 1455 2574 tuerat
1480 2534 1486 2572 :
1513 2517 1570 2574 hoc
1583 2517 1623 2574 ad
1634 2521 1775 2574 eventum
1790 2515 1952 2587 cvijuslibet

236 2607 268 2666 id
281 2606 365 2682 quod
379 2606 531 2678 agendum
547 2611 618 2676 erat,
634 2606 738 2666 divina
753 2607 848 2678 gratia
871 2607 972 2665 frctus.
998 2610 1063 2664 Fre·
1119 2605 1207 2664 subiti
1223 2621 1312 2662 casus
1325 2605 1487 2664 inclamare
1501 2605 1625 2664 solebat
1651 2609 1714 2664 Non
1736 2604 1865 2664 multum
1876 2621 1950 2662 vero

236 2700 362 2772 quanter
376 2696 457 2752 enim
471 2711 527 2770 pro
542 2695 655 2753 eisdem
670 2695 846 2770 pignoribus
856 2695 1063 2772 impetrandis,
1118 2700 1188 2770 post
1211 2695 1305 2752 vitalis
1333 2695 1418 2766 vigor
1442 2695 1534 2768 coepit
1547 2711 1669 2770 spasmo
1683 2695 1820 2770 quodam
1832 2695 1950 2754 intabe-

236 2793 265 2844 et
278 2785 410 2862 pretiosa
423 2785 561 2856 tentoria,
577 2801 695 2842 necnon
710 2785 901 2858 corpulentos
916 2801 1020 2860 equos,
1036 2789 1065 2842 et
1119 2800 1210 2854 scere,
1226 2788 1408 2858 artuumque
1422 2784 1500 2840 vires
1515 2801 1550 2840 ac
1570 2783 1658 2840 totius
1678 2783 1811 2860 corporis
1824 2783 1950 2844 limma·

235 2875 330 2932 multa
344 2874 542 2948 pecuniarum
556 2873 692 2948 pondera
710 2879 827 2932 constat
850 2891 920 2932 eum
935 2874 1062 2932 dedisse.
1118 2872 1169 2929 nia
1184 2871 1329 2946 paulatim
1344 2871 1477 2930 dissolvi.
1490 2873 1717 2930 ltissolutioncm
1731 2871 1875 2942 igitursui
1883 2872 1950 2940 jam

236 2964 358 3021 Dantem
373 2978 506 3036 namque
517 2962 611 3020 sancti
626 2963 764 3021 Martialis
782 2963 813 3020 in
829 2963 941 3042 dextro
968 2964 1063 3035 altari,
1118 2960 1230 3019 instare
1244 2977 1430 3032 cognoscens
1452 2961 1649 3020 amblardum
1676 2961 1854 3036 episcopum
1874 2961 1949 3032 (trs)

234 3069 304 3110 cum
318 3051 450 3126 reliquiis
462 3051 628 3110 beatissimi
643 3052 748 3109 domni
762 3052 886 3122 Martini,
902 3068 1020 3110 necnon
1036 3057 1065 3112 et
1115 3049 1202 3122 jubet
1225 3050 1353 3120 evocari,
1383 3055 1416 3107 ut
1429 3051 1494 3122 ejus
1514 3051 1674 3110 transitum
1689 3051 1750 3106 suis
1762 3049 1949 3106 orationibus

234 3142 330 3202 sancti
345 3141 444 3200 llilarii
459 3139 635 3211 collocavit;
662 3158 754 3216 quem
776 3157 794 3198 a
819 3147 924 3199 sancto
938 3159 1063 3216 corpore
1118 3139 1258 3211 muniret,
1287 3156 1435 3214 ovemque
1464 3139 1596 3214 paradisi
1617 3156 1732 3214 pascua
1753 3142 1949 3212 repetentem,

232 3230 334 3288 nullus
348 3246 385 3286 ex
397 3229 599 3299 largitoribus,
616 3245 634 3286 a
649 3234 754 3286 sancta
769 3229 901 3298 maxilla,
926 3247 996 3287 cnm
1011 3231 1064 3288 diu
1117 3227 1229 3303 pastori
1244 3228 1381 3286 omnium
1396 3228 1510 3286 Christo
1524 3233 1626 3302 pastor
1649 3229 1852 3300 consignaret.
1876 3231 1948 3286 inte·

232 3323 422 3386 conarentur,
439 3333 541 3374 eruere
555 3322 665 3392 posset,
681 3309 908 3392 illc'praemissa
928 3319 1063 3378 oratione
1116 3317 1174 3375 rim
1188 3335 1259 3376 vero
1274 3324 1382 3376 cuncta
1396 3335 1465 3394 quea
1480 3319 1523 3376 vel
1536 3319 1648 3378 funeris
1663 3336 1767 3388 causa,
1787 3318 1835 3376 vel
1850 3334 1948 3376 rema·

231 3405 368 3482 protinus
395 3422 465 3462 eum
488 3405 607 3462 avulsit.
637 3407 677 3464 lie
697 3407 804 3464 eodem
824 3408 956 3481 prolecto
971 3409 1063 3467 altare
1118 3409 1252 3466 nendum
1265 3409 1425 3466 necessitas
1437 3409 1633 3483 poposcisset,
1644 3425 1717 3468 sanc
1728 3425 1818 3468 sensu
1833 3413 1864 3468 et
1877 3409 1950 3470 inte·

232 3495 343 3552 mirum
358 3492 472 3566 aliquid
484 3492 550 3565 ipso
565 3493 762 3551 dedicationis
774 3493 822 3550 die
838 3496 961 3567 contigit
984 3497 1063 3554 acci·
1117 3511 1171 3567 gra
1182 3496 1328 3554 memoria
1342 3496 1483 3572 disponit.
1500 3499 1574 3556 Cum
1590 3497 1691 3556 subito
1707 3497 1888 3556 veloxlama
1902 3514 1948 3556 ru·

231 3581 320 3640 disse.
336 3581 465 3648 Quidam
481 3581 561 3637 enim
573 3581 764 3654 juvenculus,
781 3599 850 3640 cum
864 3583 958 3642 turba
969 3588 1064 3644 semet
1117 3601 1233 3642 morem
1255 3584 1492 3660 circumquaque
1516 3585 1708 3660 disparserat,
1730 3585 1814 3660 quod
1834 3587 1880 3644 vir
1897 3589 1948 3643 Do

230 3671 446 3745 imprimerent,
461 3667 587 3744 pallium
601 3669 732 3744 desuper
747 3669 822 3738 tulit,
846 3675 878 3728 ut
899 3671 983 3728 illum
1006 3673 1062 3730 mi·
1117 3673 1190 3729 mini
1211 3672 1354 3730 Geraldus
1382 3674 1422 3732 ad
1445 3675 1604 3732 transitum
1618 3675 1847 3750 propinquaret,
1863 3691 1948 3732 aecu-

230 3759 324 3817 nistro
339 3758 485 3828 redderet,
499 3774 569 3816 cum
584 3758 709 3832 quidam
733 3759 760 3816 ei
785 3759 917 3818 dicerent
935 3760 1062 3818 eircum-
1117 3766 1274 3818 currerunt
1300 3777 1406 3818 omnes
1435 3761 1524 3820 veluti
1556 3779 1718 3820 commuue
1754 3763 1949 3840 dispendium

231 3851 355 3927 stantes,
370 3864 408 3904 ne
422 3847 453 3904 id
465 3851 669 3923 presumeret.
699 3847 757 3906 Sed
780 3847 925 3924 quoniam
944 3849 992 3907 ille
1006 3850 1062 3908 tol·
1116 3849 1262 3922 lugentes,
1275 3847 1450 3908 clericorum
1466 3868 1502 3908 ac
1515 3852 1736 3910 monachorum
1750 3852 1848 3910 turbae
1861 3852 1948 3910 nobi-

229 3937 289 3995 lere
317 3953 378 3994 non
406 3937 507 4002 misit,
547 3936 684 4010 protinus
721 3937 889 3994 vehementi
923 3938 1063 4009 angustia
1115 3937 1195 3994 libus
1210 3937 1279 3994 viris
1290 3937 1436 4005 admista,
1451 3943 1578 3996 caterva
1594 3954 1774 4014 pauperum,
1789 3943 1818 3996 et
1832 3955 1946 4014 pegen-

230 4027 465 4100 comprehensus
476 4029 530 4097 est,
542 4040 577 4082 ac
590 4025 689 4098 primo
703 4043 812 4082 manns
828 4027 892 4100 ejus
905 4027 1062 4084 excoriatae
1117 4027 1195 4083 sium
1211 4025 1324 4102 plebes,
1340 4025 1512 4098 lugentibus
1531 4027 1594 4086 istis
1615 4027 1744 4088 aliorum
1767 4027 1855 4086 fletus
1880 4029 1949 4088 inci-

231 4121 310 4173 sunt.
327 4117 407 4173 Tunc
422 4113 568 4188 paulatim
583 4131 673 4172 omne
689 4131 799 4190 corpus
811 4113 888 4190 pelle
902 4115 1060 4184 nudatum,
1116 4115 1268 4174 labantur.
1284 4119 1361 4174 Inter
1375 4115 1521 4186 singultus
1538 4133 1608 4174 vero
1630 4121 1659 4174 et
1681 4117 1832 4192 lacrymas
1848 4135 1946 4176 erum·

229 4209 263 4261 ut
276 4203 327 4260 vix
340 4209 409 4278 post
422 4219 474 4259 sex
493 4202 702 4259 hebdomadas
722 4203 930 4260 convalescere
950 4207 1061 4277 posset.
1116 4208 1232 4277 pentes,
1247 4204 1333 4278 quasi
1349 4204 1569 4278 querimoniam
1584 4205 1723 4264 iacientes
1738 4206 1948 4282 unusquisque

231 4289 516 4359 Locum,sicutolim
524 4289 705 4358 decreverat,
721 4291 944 4348 monachorum
956 4292 1060 4349 ditioni
1118 4291 1155 4349 de
1170 4293 1235 4364 ejus
1250 4292 1368 4366 pietate,
1392 4292 1429 4348 de
1450 4293 1604 4364 charitate,
1627 4293 1664 4351 de
1679 4311 1752 4352 cura
1765 4310 1947 4370 pauperum,

230 4379 386 4449 delegavit,
402 4377 455 4434 ubi
471 4382 571 4434 tamen
582 4377 691 4434 dehinc
710 4395 819 4454 parum
836 4378 1059 4438 demorabatur.
1117 4379 1155 4437 de
1169 4381 1291 4438 tuitione
1311 4381 1531 4456 impotentium,
1546 4381 1700 4456 plangoris
1713 4399 1801 4442 voces
1820 4383 1947 4456 ingemi·

266 4468 309 4522 IV.
327 4465 428 4538 Spatio
443 4482 505 4538 quo
521 4465 693 4542 supervixit,
708 4483 901 4541 summopere
920 4483 1062 4541 procura·
1116 4469 1240 4527 nebant.
1258 4471 1370 4528 Flentes
1382 4469 1471 4540 igitur
1485 4469 1532 4528 isti
1546 4471 1706 4530 dicebant:
1726 4474 1747 4532 0
1764 4472 1854 4546 quala
1870 4473 1944 4532 sole·

230 4557 283 4625 vit,
300 4559 332 4613 ut
345 4571 451 4612 omnes
466 4553 505 4612 ad
519 4570 550 4612 se
564 4555 744 4629 pertinentes
760 4555 790 4612 in
805 4571 879 4630 pace
890 4556 1060 4628 dimitteret,
1117 4557 1192 4614 tium
1213 4557 1347 4616 mundus
1371 4557 1499 4616 amittit!
1532 4559 1573 4616 llli
1591 4575 1662 4618 vero
1680 4577 1686 4616 :
1701 4561 1723 4620 0
1740 4560 1877 4634 Geralde,
1895 4561 1948 4636 qui

231 4663 269 4706 ne
284 4647 357 4704 sorte
369 4645 427 4702 litis
442 4645 562 4703 occasio
577 4649 678 4720 posset
688 4645 764 4702 inter
779 4662 831 4702 eos
853 4646 932 4704 oriri.
948 4647 1063 4704 Praedia
1116 4647 1222 4704 merito
1250 4647 1348 4704 bonus
1376 4645 1503 4716 vocaris,
1524 4648 1591 4722 quis
1617 4647 1682 4722 iem
1710 4649 1775 4718 erit,
1803 4649 1881 4708 sicut
1903 4655 1947 4717 tu,

230 4736 278 4793 vel
290 4737 452 4812 mancipia,
467 4753 534 4810 quse
557 4735 646 4794 beato
670 4739 754 4794 Petro
776 4753 837 4793 non
861 4735 1061 4808 delegaverat,
1117 4739 1298 4792 sustentator
1323 4735 1544 4807 indigentium?
1574 4735 1645 4804 Quis
1672 4737 1799 4796 nutritor
1816 4738 1947 4814 pupillo-

231 4824 307 4882 inter
334 4825 484 4898 quosdam
510 4825 698 4900 propinquos
723 4841 758 4886 ac
783 4825 899 4890 milites,
923 4823 968 4882 vel
985 4830 1063 4883 certe
1116 4841 1194 4892 rum,
1219 4825 1266 4880 vel
1294 4823 1435 4882 defensor
1461 4825 1651 4884 viduarum?
1686 4827 1753 4902 quis
1780 4827 1948 4886 dolentium

175 4961 177 4964 .
232 4913 422 4972 servitoribus
438 4915 559 4971 dimisit.
586 4913 740 4972 Nonnullis
766 4919 866 4972 tamen
889 4931 925 4972 eo
950 4919 1062 4987 tenore,
1117 4911 1314 4969 consolatori
1356 4913 1438 4970 Certe
1470 4913 1538 4988 quis
1572 4915 1711 4988 polenus
1741 4922 1799 4976 tuae
1828 4916 1948 4974 culmen

232 5019 294 5076 quo
317 5007 479 5078 postquam
496 5003 642 5075 obissent,
667 5003 706 5060 ad
728 5003 917 5061 Aureliacum
941 5007 1064 5078 accepta
1116 5002 1157 5059 ita
1184 5001 1370 5076 pauperibus
1392 5003 1571 5062 inclinabit?
1608 5005 1657 5062 Vel
1680 5006 1766 5078 quis,
1800 5007 1878 5070 sicut
1905 5013 1947 5078 tu,

231 5089 387 5148 redissent.
405 5093 529 5149 Centum
544 5108 579 5147 ox
604 5091 763 5166 mancipiis
785 5097 901 5149 tantum
928 5091 1064 5148 libertate
1118 5089 1306 5158 singulorum
1325 5092 1515 5150 necessitates
1530 5093 1703 5167 perpendet,
1718 5098 1771 5152 aut
1783 5093 1947 5168 expediet?

232 5183 303 5236 tunc
318 5178 450 5236 donavit.
466 5183 541 5237 Nam
556 5179 630 5237 alias
652 5179 777 5237 diversis
797 5181 870 5238 locis
890 5197 924 5238 ac
951 5184 1065 5253 tempo·
1118 5175 1375 5249 indulgentissime
1400 5184 1504 5254 pater,
1543 5197 1636 5255 quam
1664 5179 1818 5254 blandus,
1854 5197 1947 5256 Qum

232 5269 490 5328 ribusinnumera
504 5273 664 5346 suntque
679 5267 1063 5344 emancipavitouamplu·
1118 5265 1218 5322 suavis
1245 5281 1363 5340 semper
1384 5265 1482 5324 luisti!
1512 5269 1693 5328 Cunctorum
1721 5269 1851 5342 granam
1873 5270 1947 5330 hau-

269 5412 330 5482 tttt
363 5413 460 5470 Tanta
471 5415 603 5494 pignore
617 5418 799 5470 sanctorum.
817 5411 848 5467 td
863 5410 1062 5490 eatretiquloe,
1152 5411 1227 5492 (tte)
1247 5409 1449 5468 Ambtardum
1464 5414 1642 5484 apocopum.
1658 5413 1946 5484 claromontensem,

234 5413 385 5608 chpmiiia.
402 5486 559 5555 Gregorius
573 5482 753 5541 Turonensis
768 5482 893 5554 passim.
919 5481 984 5538 (ido
997 5496 1063 5554 ipse
1117 5481 1221 5538 ordine
1234 5481 1485 5608 quadragesimus
1495 5484 1607 5550 tertius,
1620 5501 1713 5558 quem
1725 5485 1829 5542 tabida
1838 5485 1947 5542 lunda·

154 5605 160 5612 .
234 5551 265 5610 in
278 5567 322 5618 ra,
334 5551 388 5610 lib.
404 5570 442 5622 rv,
459 5571 525 5628 cap.
542 5559 558 5612 8
571 5560 600 5612 et
614 5559 657 5626 m,
673 5558 702 5610 et
714 5553 772 5610 alii.
1116 5551 1206 5609 tionis
1222 5552 1423 5609 Cuniacensis
1438 5556 1621 5622 monasterii,
1644 5556 1755 5629 quibus
1768 5555 1946 5630 subscripsit
2039 5569 2040 5610 i

271 5621 345 5701 titt)
365 5621 457 5704 Apud
471 5625 691 5687 Ceserniccum.
706 5622 824 5700 Gallice,
838 5621 989 5683 Germane.
1117 5623 1941 5696 an.em,etcaelandas,duomadatardumvocant.
2039 5627 2040 5670 1
