4106 6148
130 149 184 202 ess
683 147 851 208 99999919
870 149 919 205 nu
940 137 1065 206 99999.
1086 148 1285 210 mesanam.
1790 158 1846 221 999·

129 269 300 326 abbatissae.
317 273 438 352 11991991
448 271 520 328 anni
538 272 640 354 hujus,
668 278 697 330 et
720 287 869 330 annorum
893 277 995 343 99199
1014 273 1076 354 1191.
1092 273 1222 344 octaba,
1236 275 1343 332 morbo
1358 255 1515 404 correptus
1522 280 1732 340 mortalitatem
1743 285 1842 359 exple-

129 345 181 396 930
194 346 222 396 91
236 344 287 398 953
312 342 539 414 diplomatafex
565 344 676 417 quibus
703 351 819 401 constat
841 343 956 401 arthal—
1012 349 1062 403 vit.
1078 345 1270 417 sepultusque
1284 352 1328 402 est
1343 349 1380 402 ad
1395 366 1443 420 pet
1455 366 1487 406 es
1503 352 1598 408 sancti
1614 355 1748 425 Remigii.

128 411 200 466 dum
232 412 321 468 fuisse
351 421 421 470 tunc
446 431 599 470 summum
623 417 707 486 regni
733 417 956 472 cancellarium.
1048 418 1129 472 Tunc
1144 415 1346 473 adnitentibus
1362 419 1487 490 Hugone
1502 423 1610 480 comita
1625 424 1750 498 aliisquo
1773 430 1842 484 1199-

128 487 214 538 rtnuo
225 487 288 548 991,
302 485 430 540 reddidit
446 485 627 556 Remigianis
638 487 957 544 monachisahbatiam
1013 485 1086 541 berti
1102 485 1200 542 liberis
1214 491 1241 542 91
1256 488 1403 563 episcopis
1418 491 1612 564 quibusdam,
1623 497 1780 568 utiiugoni
1794 514 1843 556 va-

129 555 294 679 quamdam
325 555 445 612 nomine
473 555 590 613 Coslam
616 557 646 614 in
673 561 790 628 vosago
815 559 955 631 positam.
1013 573 1071 612 cun
1094 557 1158 628 jam
1181 558 1267 614 sedes
1290 561 1463 617 Rhcmansis
1483 564 1664 633 redderetur,
1694 567 1843 639 Gerberga

153 626 242 680 odem
260 641 339 682 anno
354 627 466 684 clericis
489 627 683 684 saecularibus
709 630 791 702 apud
819 635 958 685 sanctum
1012 628 1705 707 999199911199999999199199,1999·9911999919
1723 639 1842 712 objece-

130 696 268 776 1199919999
281 699 446 778 monachos
461 698 630 762 substituit:
656 700 823 782 iisdemque
840 700 957 758 11199991-
1013 703 1092 762 runt,
1108 700 1249 772 quamvis
1265 703 1420 760 lotharius
1439 720 1491 760 rex
1505 707 1683 764 restitutioni
1708 711 1842 778 tlugonia

129 783 224 836 granis
247 767 365 824 dedisse
386 769 477 825 fertur
505 770 657 828 abbatiam
684 777 777 828 sancti
803 772 957 842 Timothei,
1013 770 1138 838 fareret;
1155 775 1184 826 et
1198 771 1227 828 in
1244 774 1361 846 syuodo
1377 774 1417 830 ad
1427 777 1589 832 llatronam
1603 777 1634 832 in
1646 777 1766 838 dioecasi
1776 782 1842 840 Mal·

128 853 195 908 qua
208 837 246 892 ad
260 838 316 893 1999
333 856 430 912 usque
447 845 504 896 tem
530 859 565 896 us
586 843 797 898 Rhemensium
811 843 957 915 :zrchiepi-
1012 841 1108 912 densi,
1124 857 1226 898 coram
1242 843 1423 916 praesulibus
1438 845 1489 918 qui
1509 861 1545 902 eo
1569 858 1771 907 convenerant
1796 869 1843 909 res

128 923 289 988 scoporum
300 909 411 992 ficerat3
433 912 487 967 sed
507 859 576 968 19999
601 915 754 970 concessio
778 913 958 970 adalberoni
1012 911 1148 968 discussa
1164 919 1218 981 est,
1246 929 1327 971 anno
1342 919 1414 982 909;
1430 917 1482 972 sed
1497 917 1570 973 nihil
1586 919 1643 974 sibi
1658 920 1696 976 de
1712 923 1843 992 lingonis

128 980 454 1050 potrusreferrrdebet;
475 984 585 1054 quade
600 999 631 1039 re
655 984 720 1052 lege
747 986 958 1041 hollandianos
1012 999 1104 1040 causa
1131 983 1301 1041 inconsulto
1330 1001 1450 1042 summo
1525 989 1623 1046 ntifica
1650 993 1843 1050 statuendum

127 1055 301 1119 nrig.,tom.
319 1055 361 1108 tV.
377 1069 446 1125 pag.
462 1057 525 1110 576.
541 1055 628 1112 Anno
647 1051 698 1112 953
714 1057 865 1128 synodum
891 1071 958 1112 coc·
1013 1071 1164 1112 censuere.
1181 1056 1345 1128 praesertim
1361 1058 1465 1114 ltorico
1503 1059 1843 1120 audunansrsetctbam
1943 1105 1952 1120 .

128 1122 169 1202 git
183 1123 346 1204 quinquae
371 1124 540 1198 iscoporum
562 1126 643 1200 apud
666 1132 804 1184 sanctum
830 1127 959 1184 theode-
1012 1142 1069 1180 nus
1083 1125 1319 1194 catalaunensis
1347 1145 1417 1184 cum
1436 1145 1454 1185 a
1466 1128 1604 1213 pluribus
1627 1133 1775 1213 episcopis
1792 1151 1843 1192 ex·

127 1200 346 1264 ricunrrnngro
379 1195 959 1272 119999991999999999111.1111199999-
1012 1197 1253 1253 communicatus
1268 1197 1473 1256 communioni
1489 1201 1694 1260 ecclesiasticas
1718 1205 1844 1262 redinte-

127 1263 192 1344 19,
208 1265 382 1345 Ι1919991999
404 1283 504 1336 regern
531 1269 711 1324 Francorum
727 1269 913 1325 consecrarit
928 1269 957 1324 in
1013 1267 1092 1336 grati
1108 1281 1168 1323 non
1184 1274 1293 1340 posset.
1317 1271 1384 1326 Post
1405 1269 1529 1328 allatum
1556 1279 1656 1329 autem
1678 1275 1772 1331 Roma
1796 1291 1842 1332 re·

128 1333 252 1415 basilica
270 1337 362 1392 sancti
388 1339 521 1405 Remigii.
547 1342 634 1394 Anno
659 1343 720 1404 958,
742 1344 877 1398 Castrum
903 1343 958 1396 tto·
1013 1353 1170 1411 sponsum,
1186 1340 1438 1410 rejectollugone,
1453 1343 1528 1400 alius
1543 1345 1840 1404 antistesordinatur.

126 1405 958 1480 119919999999991999119919919999999Τ1990199111ο1199-
1015 1415 1053 1464 110
1081 1409 1198 1482 00110110
1220 1412 1353 1468 Α1111111111
1379 1413 1444 1480 lege
1472 1413 1631 1472 1111101101]1
1659 1417 1842 1479 Litterariam

126 1480 243 1532 noteusi
255 1479 362 1536 comite
375 1482 568 1552 expugnarit.
581 1484 706 1538 Demum
718 1499 798 1539 9999
807 1482 956 1554 96t,prid.
1015 1481 1153 1546 Francis,
1169 1485 1242 1538 tom.
1259 1485 1303 1549 vl,
1320 1499 1388 1554 pag.
1409 1488 1472 1542 197.

1577 1690 1828 1704 m

649 1837 1322 1945 ARTHALDI

541 2061 896 2150 9999999999
954 2052 1432 2150 9919999999999

812 2251 1160 2382 nPtSTOLn

196 2509 283 2604 AD
318 2511 625 2608 SYNODUM
658 2515 833 2610 APUD
867 2511 1230 2609 INGELHEIM
1265 2515 1761 2614 CONGREGATAM.

540 2721 639 2788 (Actes
653 2722 691 2780 de
706 2724 735 2778 ta
748 2721 891 2792 province
906 2720 1128 2792 ecclesiasticae
1142 2721 1178 2778 dc
1193 2723 1301 2790 Reims,
1319 2723 1344 2792 1,
1360 2724 1435 2794 611.)

162 3028 277 3082 Sancta
303 3029 446 3084 Romana
475 3031 503 3083 et
537 3028 707 3101 apostolica
739 3029 818 3086 sedis
847 3029 958 3088 vicario
975 3033 994 3087 a
1014 3031 1151 3103 pluribus
1167 3029 1239 3096 suis,
1255 3029 1399 3100 jubentur
1424 3028 1463 3085 ad
1488 3029 1634 3086 rationem
1659 3023 1846 3087 reddendam

124 3115 238 3170 domno
253 3119 373 3186 1199999,
390 3117 598 3190 universaeque
614 3123 725 3174 sancta
741 3119 861 3192 synodo
876 3120 959 3193 apud
1013 3135 1115 3176 coram
1132 3121 1204 3194 ipsis
1218 3118 1328 3180 venire.
1346 3121 1378 3174 Et
1390 3117 1461 3190 quia
1476 3121 1580 3174 contra
1605 3135 1666 3187 eos,
1692 3135 1710 3175 a
1735 3117 1846 3192 quibus

126 3204 298 3273 Engelheim
314 3211 506 3276 congregata,
530 3211 707 3273 1199999999,
732 3208 833 3264 divina
856 3209 957 3281 propi·
1013 3209 1145 3265 accusati
1181 3208 1309 3276 fuerant,
1339 3206 1482 3276 singulari
1509 3207 1650 3278 congredi
1683 3207 1845 3264 certamine

124 3295 216 3350 tiante
231 3295 398 3362 clementia,
414 3297 596 3352 Rbemmum
604 3297 856 3370 archiepiscopus.
1013 3298 1183 3366 noluerunt,
1200 3296 1327 3352 sublatis
1344 3295 1384 3352 ab
1397 3295 1439 3351 ais
1458 3296 1548 3352 rebus
1572 3311 1649 3370 quas
1673 3311 1710 3352 ex
1730 3295 1845 3369 cpisco-

161 3387 294 3440 Domnus
309 3385 453 3458 agapitus
469 3401 551 3459 papa
568 3385 681 3443 litteras
692 3387 781 3443 nobis
795 3391 824 3444 et
845 3388 957 3447 99919919
1012 3386 1064 3456 919
1079 3384 1286 3459 possidebant,
1302 3383 1511 3456 comprehensi
1526 3387 1604 3448 sunt,
1621 3388 1710 3457 atque
1725 3383 1846 3441 deducti

124 3474 310 3546 coepiscopis
331 3479 441 3530 nostras
460 3475 624 3531 diaeceseos
650 3476 767 3544 direxit,
793 3477 822 3532 in
847 3478 958 3548 quibus
1011 3489 1066 3546 per
1081 3473 1265 3529 haribertum
1288 3474 1428 3528 comitem
1450 3472 1490 3528 ad
1514 3472 1676 3530 Robertum
1700 3485 1847 3544 regemn

124 3562 319 3634 praecapitfut
342 3561 382 3619 ab
405 3563 463 3618 boc
487 3563 650 3620 sanctitatis
676 3569 777 3620 vestrae
800 3563 957 3621 consilium
1013 3577 1075 3634 quo
1098 3562 1188 3619 etiam
1214 3561 1273 3617 sub
1295 3559 1433 3617 custodia
1457 3565 1528 3617 sunt
1552 3560 1663 3618 detenti
1686 3577 1783 3635 usque
1806 3561 1846 3618 ad

124 3651 283 3707 convenire
299 3651 497 3722 studeremus,
507 3653 546 3708 ita
561 3653 695 3710 instructi
711 3654 748 3708 de
764 3655 915 3724 omnibus,
928 3659 959 3710 ut
1012 3655 1140 3706 mortem
1169 3650 1263 3723 ipsius
1288 3649 1417 3705 Roberti.
1443 3649 1543 3705 Tertio
1564 3649 1688 3706 demum
1712 3649 1758 3705 sui
1788 3647 1847 3724 991-

123 3740 167 3794 991
180 3739 288 3794 veritas
303 3739 341 3794 do
352 3741 479 3796 miseriis
493 3745 601 3796 nostrae
618 3741 707 3808 sedis,
725 3757 801 3814 quas
815 3744 956 3814 patimur,
1013 3743 1154 3809 scopatus
1168 3753 1250 3793 anno
1264 3737 1380 3792 Seulfus
1395 3735 1569 3808 991999999,
1584 3741 1615 3792 91
1639 3737 1740 3809 919999
1767 3750 1846 3794 asse-

124 3841 227 3881 coram
244 3826 398 3882 sanctitate
411 3833 509 3883 restra
520 3828 680 3884 ruanifesta
693 3829 755 3884 fieri
764 3835 875 3901 posset.
884 3831 958 3893 Quo
1012 3827 1092 3892 runt,
1108 3823 1147 3880 ab
1165 3823 1305 3879 lleriberti
1319 3821 1517 3878 familiaribus
1531 3837 1649 3880 veneno
1664 3827 1784 3896 9919199
1797 3824 1847 3880 de·

124 3915 203 3972 circa
218 3916 376 3988 propalare
390 3916 554 3988 9999991199
574 3921 678 3972 vestrae
694 3919 890 3974 commodum
905 3919 958 3974 du-
1013 3911 1156 3982 fungitur·
1166 3915 1229 3968 ll01
1243 3912 1344 3984 11110110
1359 3925 1460 3966 0011103
1476 3911 1845 3968 11011110119911111011111119·

122 4003 233 4072 ximus,
248 4004 376 4076 qualiter
390 4019 436 4060 res
451 4004 608 4060 exordium
625 4006 746 4078 caeperit
770 4006 829 4062 litis
857 4007 956 4078 hujus,
1013 4015 1150 4056 mensem
1163 3999 1246 4068 adiit,
1263 4003 1292 4055 91
1305 3997 1436 4055 ecclesiae
1452 3997 1569 4066 milites,
1586 3997 1761 4055 clericorum
1772 4013 1846 4073 quo-

124 4107 193 4164 quae
207 4091 306 4148 adhuc
321 4093 458 4148 interme
479 4094 675 4162 attingohem
698 4095 863 4150 miserrime
886 4109 957 4150 ven·
1013 4105 1072 4163 que
1082 4089 1246 4162 0110111001,
1262 4089 1299 4145 de
1313 4087 1847 4145 1001000010011011001101111111οῡ11111·

124 4179 232 4236 tilatur.
248 4179 391 4236 Defuncto
406 4181 555 4254 siquidem
578 4180 703 4237 lierivco
718 4182 956 4256 archiepiscopo,
1011 4179 1095 4244 11999,
1116 4193 1171 4234 999
1194 4179 1331 4249 juratum
1355 4177 1461 4248 fuerat,
1486 4176 1640 4234 intendere
1667 4175 1744 4234 19911.
1770 4180 1845 4235 tium

125 4267 270 4337 seulfum,
285 4270 338 4342 qui
361 4270 622 4328 archidiaconatus
647 4270 730 4327 urbis
754 4277 863 4327 nostrae
888 4277 957 4328 tuna
1011 4265 1123 4338 quibus
1133 4265 1172 4321 ad
1193 4265 1353 4322 flodulfum
1378 4279 1480 4336 regem
1503 4277 1631 4338 pergens
1658 4263 1689 4320 in
1711 4266 1845 4334 Burgun-

123 4358 223 4414 offlcio
232 4357 424 4430 fungebatur,
441 4359 481 4416 ad
496 4359 691 4432 presulatum
716 4361 853 4432 ejusdem
878 4361 956 4418 sedis
973 4388 992 4440 t}
1011 4354 1104 4422 diam,
1117 4354 1245 4410 obtinuit
1267 4353 1307 4410 ab
1329 4369 1365 4410 9ο
1386 4357 1417 4410 91
1439 4353 1496 4410 91191
1510 4353 1745 4410 committeretur
1764 4353 1845 4410 idem

124 4445 271 4514 eligimus.
285 4447 483 4519 Ouipontifex
494 4447 659 4516 ordinatus,
676 4463 836 4504 assumens
861 4449 956 4506 nehun
980 4437 984 4442 ⁴
1012 4445 1210 4517 episcopium,
1227 4449 1383 4513 99199999,
1399 4449 1430 4500 91
1443 4447 1504 4500 tam
1521 4443 1633 4500 clericis
1654 4457 1747 4516 quam
1763 4443 1846 4499 iaicis

124 4536 395 4608 contraproximos
409 4537 641 4608 praedecessoris
657 4537 714 4604 sui,
737 4553 807 4592 cum
829 4552 881 4593 eos
905 4553 958 4610 par
1011 4533 1146 4589 debitum
1159 4535 1305 4590 honorem
1329 4533 1506 4588 concederet
1527 4535 1767 4598 etconservamt
1790 4545 1846 4588 nac

127 4625 252 4678 semela
267 4623 333 4680 ioco
347 4623 497 4696 depellare
516 4639 577 4680 non
601 4624 722 4692 valeret,
745 4623 871 4680 concilio
885 4625 958 4682 inito
1011 4621 1190 4692 injustitiam
1206 4621 1295 4698 911991
1309 4619 1441 4688 faceret3
1466 4619 1519 4676 sed
1533 4619 1634 4692 ipsum
1658 4619 1845 4691 episcopium

127 4725 197 4766 cum
211 4710 877 4782 quibusdamlaicis,scilioetconsiliariissuis,
886 4712 958 4768 ami·
1012 4724 1100 4781 aequo
1109 4710 1175 4780 jure
1189 4709 1379 4780 gubernaret,
1393 4707 1490 4764 donec
1500 4705 1738 4763 talemclerioum
1747 4707 1845 4764 eidam

129 4796 228 4852 citiam
239 4798 376 4870 quaesivit
391 4799 532 4856 1199199911
546 4800 672 4870 comitis,
689 4815 782 4872 quarn
796 4800 867 4856 dato
879 4801 958 4871 jura-
1011 4798 1075 4868 regi
1089 4803 1291 4872 prasentarat,
1317 4797 1369 4870 qui
1392 4798 1430 4853 ad
1454 4796 1623 4870 episcopale
1647 4797 1844 4854 ministerium

123 4887 254 4956 jurando
279 4903 332 4960 per
353 4889 476 4944 eosdem
491 4889 676 4945 consiliarios
702 4890 841 4957 obtinuit,
865 4907 900 4946 eo
916 4894 957 4946 te-
1012 4887 1239 4959 axsequendum
1254 4887 1308 4942 rite
1323 4885 1465 4949 ordinari,
1484 4885 1602 4941 valeret.
1619 4883 1674 4950 091
1688 4899 1790 4942 comes
1806 4885 1846 4942 ad

109 4991 203 5034 ,9999
219 4981 251 5032 91
263 4982 331 5049 9991
343 4975 459 5032 91911999
473 4977 565 5049 199199
586 4977 626 5033 ad
640 4977 815 5034 electionem
837 4977 958 5052 pontiti·
1012 4976 1151 5032 eamdem
1164 4975 1269 5032 urbem
1284 4989 1447 5046 regressus,
1464 4990 1511 5030 res
1525 4974 1678 5047 episcopii,
1690 4979 1779 5048 prout
1790 4974 1845 5030 sibi

123 5065 169 5120 cis
185 5065 295 5122 milites
309 5065 441 5122 ecclesias
454 5065 624 5122 nullatenus
638 5067 804 5139 aspirarent
814 5067 876 5124 sine
889 5083 959 5124 con·
1011 5063 1133 5139 placuit,
1146 5063 1314 5120 fautoribus
1327 5063 1390 5121 suia
1405 5063 1517 5132 divisit,
1534 5064 1647 5119 casteria
1671 5061 1804 5126 abstulit,
1817 5065 1846 5117 et

123 5154 189 5210 silio
204 5155 299 5228 ipsius
315 5155 455 5212 tleribcrti
467 5173 473 5211 :
484 5156 565 5212 idem
576 5170 646 5211 vero
657 5170 759 5211 comes
772 5157 891 5212 fratrem
907 5161 958 5214 ila-
1011 5153 1128 5226 absque
1143 5151 1324 5223 ullojudicio
1338 5151 1382 5208 vet
1396 5152 1471 5224 lega,
1485 5167 1564 5224 quoa
1576 5150 1671 5206 voluit
1688 5148 1779 5204 rebus
1794 5163 1844 5204 cx-

122 5244 196 5301 rivei
209 5245 356 5317 99999119,
372 5249 400 5301 91
414 5249 538 5318 nepotes
559 5243 665 5316 ipsius,
690 5259 708 5300 a
731 5245 957 5317 participatione
1011 5242 1160 5316 spoliavit,
1177 5241 1223 5296 rel
1238 5242 1278 5298 ab
1287 5241 1360 5298 urbe
1371 5241 1511 5315 99999111.
1529 5238 1699 5296 Odnlrioum
1714 5235 1845 5304 denique

122 5349 224 5390 rerum
236 5333 409 5390 itlremansis
423 5335 567 5408 episcopii
582 5339 744 5408 separaret,
767 5333 878 5406 quibus
902 5351 956 5407 pa·
1011 5339 1182 5404 aquensem
1195 5333 1371 5406 episcopum
1384 5333 1413 5386 in
1436 5329 1543 5386 eadem
1567 5326 1642 5382 urbe
1666 5324 1843 5397 suscipiens.

124 5423 388 5490 tratis‚insi1nulati
402 5427 471 5480 sunt
480 5423 572 5480 iidem
585 5423 747 5497 propinqui
757 5423 872 5480 11991991
882 5440 957 5498 9919-
1010 5420 1179 5495 episcopale
1204 5421 1277 5477 inibi
1298 5419 1496 5477 ministerium
1518 5415 1668 5471 celebrare
1690 5413 1842 5488 praecepit·

124 5511 198 5568 aulis
213 5527 231 5568 a
246 5509 411 5567 consiliarie
427 5509 517 5568 seulfi
527 5511 661 5585 episcopi
679 5511 852 5568 infidelitate
861 5512 956 5584 ipsius
1011 5511 1118 5582 Sicquc
1133 5525 1230 5566 anuos
1241 5525 1303 5581 sex,
1314 5513 1343 5566 et
1353 5523 1388 5564 ao
1399 5504 1539 5578 amplius,
1555 5503 1635 5560 idem
1654 5503 1844 5578 episcopium

125 5599 251 5658 senioris
273 5599 329 5668 sui,
345 5599 549 5678 accercitoque
576 5599 728 5658 floriberto
753 5599 862 5658 comite
885 5615 954 5658 cum
1010 5615 1067 5656 auo
1093 5599 1229 5656 dominio
1242 5597 1412 5666 vindicavit,
1437 5607 1491 5668 pro
1515 5591 1601 5650 libitu
1623 5593 1746 5668 proprio
1770 5591 1843 5650 illud
