4160 6162
155 177 208 232 ses
435 137 438 141 ⁶
565 177 713 250 serrone
731 175 914 235 ιιιιιιιιιιιι
930 175 960 231 s,
979 175 1085 234 aare.
1107 179 1142 235 ru
1160 177 1230 237 roe.
1251 211 1286 222 -
1305 181 1371 242 ιιι.
1393 186 1453 243 xv.
1810 191 1862 250 ιιι

150 299 238 356 ιιιιιι
253 298 300 356 rel
314 299 490 356 adversitate
506 303 659 372 presentis
676 299 782 356 saculi
793 299 976 356 dissimiliter
996 302 1019 356 lt
1034 300 1189 369 ignor-aen
1203 303 1243 360 eb
1257 303 1439 371 altero,cum
1448 311 1548 368 verbis
1556 311 1603 368 rel
1616 313 1725 386 opibus
1740 329 1802 371 non
1812 315 1863 372 de-

150 389 190 446 ad
203 393 390 446 momentum
406 393 536 456 crrrrunt,
552 389 667 463 quiper
680 389 901 462 corruptionem
912 403 976 444 cnr·
1033 395 1226 448 monstratur.
1241 397 1315 450 Nem
1330 411 1400 450 cum
1416 399 1561 470 scriptum
1575 403 1620 459 sit.
1639 425 1652 452 a
1664 406 1704 460 lix
1717 403 1862 462 fructibus

150 478 197 535 nis
213 477 254 534 ed
269 481 377 535 terrem
391 478 523 535 similiter
543 479 687 538 redeunti
712 478 763 536 llla
785 483 829 535 cst
847 493 918 550 ergo
933 493 977 534 so
1037 493 1141 536 eorum
1165 485 1351 553 cognoscetis
1372 501 1424 542 eos
1440 487 1561 557 (Metili.
1575 507 1623 562 ur,
1641 494 1713 564 ill.»
1729 509 1783 566 per
1804 493 1862 551 hoo

148 567 310 624 lummodo
320 566 379 623 vita
391 567 598 638 cogitandam
610 583 750 641 quacum
762 567 978 624 resurreetione
1032 571 1115 642 quod
1129 570 1200 627 loris
1212 573 1320 646 agitur,
1336 573 1484 648 quidquid
1499 578 1568 636 latet
1579 583 1719 654 aperitur.
1737 584 1862 642 Proinde

149 657 250 713 carnis
264 656 303 712 ad
315 655 406 714 finem
426 655 603 714 dissimilem
621 658 795 730 pertingitur
809 655 977 713 retributio-
1031 659 1138 714 beatus
1159 661 1214 716 lob
1234 677 1304 718 rrrm
1320 663 1485 721 amicorum
1499 667 1735 740 colloquentium
1750 675 1862 740 coalte-

148 746 206 802 nls.
222 745 380 818 sequitur:
1033 747 1126 804 ticum
1135 763 1224 806 nossa
1233 751 1381 809 radicaret
1395 754 1550 824 adjunxit:
1566 758 1603 812 Et
1614 762 1777 818 sententies
1791 777 1862 820 cort-

186 835 268 889 Vms.
283 837 328 903 27,
342 837 387 890 ts.
405 834 492 891 Certe
514 837 585 892 noui
606 835 799 907 ccqitutiortes
812 841 936 904 vestros,
951 840 979 890 et
1032 843 1081 894 tra
1093 853 1140 894 rae
1152 840 1281 912 iniquus,
1292 845 1325 898 ut
1339 857 1374 898 en
1385 843 1698 915 palentireoslendat,
1710 849 1860 921 quiahoc,

148 923 310 979 ementior
333 929 438 979 contra
461 937 508 980 me
530 925 660 995 iniquos.
681 925 786 980 Dicitis
808 925 907 980 euim:
927 923 980 979 Ubi
1032 925 1115 999 quod
1129 926 1159 983 in
1178 928 1221 984 cis
1236 929 1357 998 latebat,
1372 931 1543 989 invenisset.
1560 934 1716 1007 Sequitur:

148 1018 191 1068 est
212 1011 317 1068 domm
337 1011 508 1082 pnitcrbtsi
530 1017 559 1070 ct
583 1013 635 1069 ubl
655 1013 852 1070 tabernaculo
872 1014 977 1083 irnpto-
1067 1018 1153 1072 vsas.
1168 1019 1212 1080 ιι,
1228 1019 1273 1075 30.
1301 1021 1487 1092 luterropute
1500 1023 1659 1092 quotalibet
1679 1025 1716 1081 de
1737 1027 1861 1084 uictum-

148 1100 380 1174 rumtlmplum
395 1100 476 1156 enim
491 1099 690 1168 crediderent,
704 1117 796 1175 quem
816 1102 994 1159 elucere-1
1033 1103 1096 1166 bus,
1111 1109 1139 1160 ιι
1160 1105 1222 1162 baec
1241 1107 1344 1164 endere
1366 1109 1454 1164 tttrrrrr
1478 1111 1646 1182 iutellipere
1669 1115 1861 1184 erubescetis,

147 1189 207 1244 bus
229 1187 434 1262 temporaliter
457 1187 642 1246 destructum
666 1189 820 1247 videbant.
836 1191 892 1247 Sed
908 1203 977 1246 sen·
1033 1194 1104 1264 quie
1131 1195 1162 1250 in
1181 1195 1258 1252 diem
1280 1197 1458 1266 perditionis
1480 1205 1620 1256 suuntur
1639 1203 1748 1272 molus,
1771 1207 1800 1259 et
1822 1203 1863 1260 cd

148 1281 213 1334 ctus
235 1277 281 1333 vir
301 1279 384 1334 tanto
407 1291 460 1334 eos
484 1277 545 1334 alta
570 1277 806 1336 consideratione
821 1278 977 1350 dijudicat,
1031 1281 1108 1338 diem
1119 1283 1236 1353 suroris
1249 1285 1386 1342 ducetur.
1402 1289 1485 1361 Saepe
1501 1288 1611 1344 etenim
1626 1289 1679 1345 diu
1693 1289 1796 1348 divina
1810 1307 1862 1365 pa·

147 1370 263 1439 quanto
281 1365 358 1422 inter
381 1365 505 1434 damna,
521 1381 590 1439 quae
605 1367 777 1440 perimeret,
793 1367 977 1424 intrauere·
1032 1370 1133 1428 tientia
1159 1372 1274 1438 tolerat,
1293 1391 1371 1446 quos
1397 1377 1462 1447 jam
1489 1377 1529 1432 ad
1555 1377 1701 1450 supplicia
1726 1381 1863 1452 praescita

147 1455 291 1514 ctitudlne
305 1455 412 1512 stabat.
427 1455 503 1522 Quid
525 1455 606 1512 enim
621 1456 648 1513 ei
660 1455 732 1514 ioris
747 1471 848 1514 rerum
863 1457 976 1514 demna
1031 1459 1222 1532 condemnat,
1238 1463 1381 1535 permittit
1403 1465 1520 1532 llorere,
1545 1481 1624 1539 quos
1649 1467 1748 1524 adbuc
1770 1469 1864 1526 cernit

147 1549 323 1614 nocuerant,
336 1545 389 1618 qul
404 1543 488 1600 illum
500 1559 563 1601 non
579 1545 728 1612 amiserat,
744 1563 836 1620 quem
851 1546 975 1603 interius
1030 1549 1134 1621 peiora
1145 1555 1326 1622 perpetrare.
1340 1553 1415 1617 Otila
1428 1553 1510 1608 eninr
1525 1554 1606 1610 vldel
1620 1555 1765 1628 adquam
1780 1557 1865 1614 dam·

148 1633 488 1696 amabatidnrsconrce.
511 1635 629 1692 Vucero
639 1638 703 1706 ejus
717 1638 808 1706 pune
823 1643 893 1694 suut
908 1637 974 1694 odi-
996 1635 1159 1708 pectionis
1182 1637 1299 1694 lorcam
1325 1641 1531 1704 undenarios
1553 1641 1595 1696 eis
1620 1655 1676 1715 pro
1700 1644 1772 1700 nihil
1796 1659 1863 1701 esse

145 1739 191 1793 pe.
209 1723 289 1782 Siout
309 1723 390 1780 enirn
404 1739 440 1780 er
464 1723 631 1782 abundanti
655 1725 724 1782 cibo
750 1725 856 1800 adeps,
872 1726 912 1782 ite
939 1743 975 1782 ex
1029 1725 1188 1794 existimet,
1204 1727 1288 1799 quod
1303 1727 1350 1784 hic
1363 1730 1497 1802 perversi
1512 1729 1711 1803 relinquenda
1721 1729 1863 1805 multipli-

147 1811 334 1870 abundantia
348 1827 450 1869 rerum
468 1813 610 1886 superbia
624 1815 766 1882 nuscitur,
781 1829 850 1888 quae
865 1813 974 1887 impin·
1030 1819 1108 1871 cant.
1125 1815 1223 1872 Viator
1237 1817 1350 1891 quippo
1365 1817 1482 1889 dicitur,
1498 1819 1551 1892 qul
1575 1824 1752 1892 presentem
1767 1822 1861 1878 vitem

147 1907 199 1972 get
212 1905 343 1958 mentem
366 1901 474 1972 divitis,
489 1899 564 1958 dum
587 1901 718 1960 elevetur
732 1903 853 1960 animus
875 1917 976 1976 super·
1030 1903 1084 1958 sibi
1100 1919 1164 1958 esse
1179 1904 1268 1975 viam,
1284 1921 1344 1961 non
1370 1907 1510 1979 patriam,
1526 1907 1660 1968 attendit.
1678 1909 1733 1975 Qui
1747 1910 1776 1965 ln
1791 1907 1862 1966 dlle·

147 1991 265 2048 bientls.
289 1990 437 2062 superbie
458 1991 571 2064 quippe
597 1991 706 2063 cordis,
726 1994 814 2064 quasi
835 1991 975 2064 quedem
1038 1993 1135 2048 ιιιοιιι
1148 1994 1353 2063 pretereuntis
1372 1995 1470 2050 smorrli
1487 2009 1539 2050 cor
1552 1994 1643 2066 ligare
1657 1995 1794 2070 despicit,
1809 1997 1862 2071 qui

146 2079 302 2152 pinguedo
317 2083 360 2136 est
373 2077 589 2135 messibrdlnis.
602 2077 695 2152 Unde,
710 2080 783 2152 quia
796 2080 931 2152 plerique
941 2095 977 2135 ex
1031 2095 1092 2134 non
1116 2095 1271 2136 remanere
1293 2082 1323 2137 in
1351 2083 1585 2146 transeuntibus,
1612 2084 1665 2140 ssd
1688 2085 1728 2140 ed
1751 2089 1862 2141 aeterne

148 2167 729 2241 abundanliepeooeteperpetrenl,per
745 2168 977 2240 l'rophetemdi·
1031 2168 1185 2239 pervenire
1208 2169 1400 2241 concupiscit.
1425 2169 1499 2226 Hinc
1524 2174 1638 2244 lloyses
1662 2172 1721 2229 alt:
1748 2175 1862 2230 «Tran-

146 2258 234 2312 citur.
246 2256 463 2329 «Prodlitquasi
471 2271 508 2312 er
520 2255 608 2330 adipe
616 2255 870 2330 iniquitaseorum
882 2259 975 2326 (Prot.

147 2360 229 2412 ιιιιιι,
245 2347 302 2414 7).»
318 2349 472 2401 Amatores
497 2345 588 2417 hujus
605 2345 706 2404 sarculi
722 2346 808 2420 quasi
833 2361 902 2402 ossa
926 2347 977 2402 be·

146 2435 227 2500 bent,
243 2433 368 2506 quando
381 2433 412 2488 in
428 2434 485 2490 hoo
498 2433 613 2492 mundo
628 2434 832 2492 tortitudinem
848 2434 975 2505 dignite-

147 2529 210 2579 tum
225 2522 388 2596 possident.
407 2522 463 2580 Sed
476 2521 500 2578 si
514 2523 650 2579 exteriori
659 2523 796 2596 dignitati
810 2524 907 2580 desint
921 2529 975 2580 ter-

146 2625 225 2667 rena
240 2615 270 2668 et
282 2609 453 2667 domesticu
468 2609 588 2680 divitie,
606 2615 754 2684 quantum
773 2613 813 2668 ed
828 2627 917 2668 suurn
929 2614 975 2682 ju-

146 2698 258 2756 dicium
270 2715 340 2756 osse
353 2699 477 2772 quidem
491 2699 615 2770 habent,
624 2701 676 2756 sed
690 2705 718 2756 et
732 2701 879 2757 medullas
889 2701 918 2757 in
930 2717 976 2756 os-

1032 2255 1111 2311 siens
1131 2253 1239 2312 videbo
1260 2257 1407 2314 visionem
1431 2259 1509 2314 hanc
1527 2261 1635 2330 (used.
1651 2275 1692 2332 ιιι,
1709 2261 1765 2331 ιι.»
1790 2261 1861 2316 llinc

1030 2345 1175 2400 leremles
1185 2344 1241 2401 ait:
1259 2347 1304 2402 «0
1318 2361 1371 2400 vos
1384 2347 1551 2420 omnesqui
1566 2347 1696 2404 transitis
1706 2349 1861 2421 perviam,

1031 2432 1170 2490 attendite
1194 2437 1222 2488 et
1243 2433 1349 2502 videta
1367 2441 1395 2491 et
1417 2440 1525 2492 caetera
1540 2437 1667 2504 (Tltrcn.
1680 2449 1722 2504 ιιι,
1738 2439 1795 2508 rt.»
1809 2437 1863 2506 lgi-

1029 2526 1086 2592 tur,
1102 2523 1173 2595 quie
1189 2521 1303 2578 melus:
1322 2523 1361 2580 ed
1378 2523 1459 2580 diem
1475 2524 1650 2596 perditionis
1665 2530 1816 2583 servaturi
1833 2530 1862 2584 ιι

1029 2611 1068 2668 ad
1083 2611 1162 2668 diem
1186 2611 1293 2668 brroris
1308 2612 1438 2684 ducitur,
1455 2615 1511 2670 boo
1527 2629 1588 2672 uon
1605 2615 1661 2671 nisi
1676 2617 1728 2688 qui
1743 2620 1788 2673 ast
1801 2616 1862 2673 ria·

1029 2706 1075 2756 tor
1089 2699 1232 2770 inlelligit,
1246 2701 1391 2773 quoniam
1402 2702 1454 2775 qui
1470 2719 1521 2758 cor
1536 2703 1566 2759 in
1578 2704 1775 2776 presentibus
1785 2705 1859 2774 figit,

147 2787 231 2844 sibus
239 2803 301 2844 non
314 2787 436 2846 habent.
446 2788 521 2854 Quia
537 2803 608 2860 ergo
624 2789 666 2843 sio
679 2789 733 2844 iste
749 2792 866 2846 ametor
884 2789 975 2860 hujrrs
1029 2805 1097 2860 qua
1110 2789 1246 2860 iniquum
1261 2795 1426 2862 sequantur
1436 2792 1655 2864 supplicienon
1666 2793 1862 2868 deprehendi·

147 2875 248 2931 saeculi
268 2874 406 2931 exteriori
426 2879 573 2947 potestate
594 2875 723 2946 fulcitur,
740 2881 772 2932 ut
791 2875 881 2932 etlenr
905 2876 976 2932 lnte-
1029 2881 1087 2933 tur.
1103 2877 1257 2949 sequitur:

146 2963 216 3020 riori
227 2968 351 3020 temenve
366 2963 477 3020 domus
490 2963 677 3020 abundantia
688 2963 974 3034 sagineturdlcitur,
996 3003 1016 3058 ,3
1066 2966 1154 3022 lens.
1167 2966 1210 3022 31.
1227 2968 1296 3035 Quis
1307 2971 1415 3038 erquet
1426 2981 1567 3024 corumeo
1580 2971 1658 3026 oium
1671 2973 1780 3039 ejue,ct
1796 2985 1862 3042 qrree
1924 3035 1932 3042 ,

146 3059 175 3109 et
197 3053 337 3112 medullis
364 3065 430 3110 orso
454 3054 518 3122 ejus
544 3053 723 3123 r'rripcutur.
742 3051 791 3108 Vel
810 3057 887 3109 certe
907 3069 976 3110 ossa
1028 3055 1100 3125 fecit
1115 3055 1180 3126 quis
1195 3055 1297 3112 reddet
1312 3057 1360 3112 itti
1369 3057 1505 3128 r-Ssepe
1515 3056 1613 3112 malm
1624 3058 1861 3126 indignationem

146 3147 217 3198 sunt
238 3142 329 3213 hujus
351 3141 450 3197 divitis
471 3155 571 3215 prava
591 3142 824 3198 consuetudines
839 3149 867 3198 et
880 3143 973 3200 dura.
1030 3143 1193 3200 conditoris
1209 3145 1254 3199 sul
1268 3159 1362 3217 quem
1377 3143 1406 3200 in
1417 3149 1563 3199 aeternum
1575 3159 1719 3217 passurus
1730 3149 1784 3212 est,
1792 3149 1821 3200 ιι
1830 3145 1861 3200 in

146 3231 279 3288 llednlloe
293 3245 365 3287 vcro
379 3230 411 3286 in
425 3231 547 3286 ossibus
569 3235 638 3286 sunt
651 3231 719 3304 ipsa
733 3231 813 3290 mele
828 3231 985 3290 desideria
1030 3233 1087 3287 hac
1105 3247 1228 3304 quoque
1241 3231 1300 3288 vita
1315 3232 1430 3306 positus
1445 3233 1605 3305 experitur,
1621 3232 1695 3288 dum
1715 3233 1862 3307 prosperi·

146 3319 276 3388 vivendi,
293 3335 361 3392 quae
375 3335 474 3392 neque
489 3335 525 3376 ex
546 3319 701 3393 pravitatis
716 3320 916 3378 satisfactione
930 3337 975 3377 sa·
1029 3325 1119 3376 tatem
1135 3337 1228 3392 quern
1253 3325 1336 3378 amat
1357 3321 1474 3384 emittit,
1491 3325 1519 3378 et
1541 3322 1750 3379 adversitatem
1766 3335 1860 3395 quam

146 3409 267 3467 tiantur.
282 3411 353 3476 Ques
379 3407 518 3465 medullas
546 3409 634 3482 quasi
656 3425 727 3466 ossa
751 3410 884 3481 irrigant,
905 3427 974 3468 cum
1030 3407 1491 3484 formidetinvenitlltquemvis
1505 3410 1653 3485 increpari
1668 3411 1705 3468 de
1720 3412 1860 3485 sulspre·

146 3499 212 3572 lpse
227 3515 320 3573 preve
332 3499 481 3556 desideria
495 3513 652 3572 perversas
663 3499 894 3556 consuetudines
904 3516 974 3556 suas
1028 3498 1167 3555 vitatibus
1182 3503 1338 3556 auctorum
1362 3499 1466 3569 lingua
1483 3499 1572 3556 eliam
1593 3501 1624 3556 in
1645 3501 1796 3574 prosperis
1811 3515 1862 3556 va-

146 3589 176 3644 in
202 3588 389 3662 voluptatum
414 3587 610 3646 delectatione
638 3595 827 3646 conservant.
855 3593 886 3645 Et
906 3595 975 3645 sunt
1027 3587 1095 3656 leat,
1109 3588 1221 3643 scimus
1234 3594 1335 3644 ιιιιιιιι
1349 3589 1432 3662 quod
1446 3603 1517 3645 cum
1532 3589 1610 3646 lacta
1618 3605 1674 3646 sue
1684 3603 1859 3664 perversum

146 3676 282 3736 nonnulli
295 3677 347 3750 qui
361 3677 392 3733 ιιι
406 3677 464 3734 boo
486 3677 601 3734 mundo
625 3676 742 3734 divitias
764 3693 825 3735 nou
850 3677 973 3749 babent,
1028 3691 1180 3750 quemque
1202 3677 1354 3750 dejiciunt,
1367 3679 1517 3750 justorum
1531 3680 1696 3752 increpatio
1708 3677 1861 3736 convales-

145 3767 200 3824 sed
230 3767 341 3825 habere
365 3769 593 3840 concupiscunt,
618 3767 688 3824 elati
714 3783 778 3824 esse
818 3773 973 3842 appetunt,
1029 3773 1085 3823 cet.
1103 3766 1363 3838 sedqueretione
1383 3768 1440 3823 iste
1455 3767 1605 3838 dicuntur,
1622 3769 1697 3824 dnm
1712 3767 1802 3825 eliam
1813 3769 1861 3839 ju·

144 3857 285 3930 quamvis
307 3857 339 3913 in
367 3858 425 3913 hoc
449 3855 563 3912 mundo
584 3855 668 3928 quod
690 3857 824 3930 cupiunt,
840 3857 974 3916 oblinere
1030 3857 1081 3912 stis
1095 3853 1262 3912 tacentibus
1278 3857 1335 3911 hoo
1355 3871 1478 3928 quoque
1502 3861 1608 3912 notum
1629 3857 1674 3925 sit,
1689 3857 1761 3930 quia
1774 3857 1860 3913 toties

144 3960 207 4002 non
221 3945 348 4018 possint.
365 3947 399 4000 Et
422 3959 491 4000 cunr
513 3941 602 4000 nullis
627 3944 718 4000 rebus
738 3944 785 4000 vel
808 3945 975 4000 bonoribus
1030 3945 1076 4000 bic
1090 3943 1185 4015 iniqui
1197 3943 1246 3999 vie
1269 3943 1405 4013 arguitur
1417 3943 1535 4016 quoties
1550 3945 1615 4014 ejus
1627 3945 1808 4018 prosperitas
1819 3945 1862 4000 in·

144 4035 210 4091 fulti
226 4034 295 4102 sint,
308 4049 361 4104 per
376 4031 457 4088 mele
481 4036 582 4087 ιιιιιιιι
606 4031 755 4088 desideria
768 4033 798 4087 ln
813 4039 975 4105 conspectu
1030 4031 1191 4088 terrenisse
1215 4029 1395 4086 adversitate
1420 4030 1565 4085 turbatur.
1587 4031 1645 4086 Sed
1669 4031 1775 4086 beebrs
1793 4031 1859 4100 lob,

143 4120 254 4180 interni
265 4119 385 4192 iudicis,
401 4131 468 4174 reos
481 4117 663 4176 conscientia
676 4119 796 4174 addicit.
814 4117 894 4174 Telis
916 4125 975 4175 ele·
1031 4121 1105 4174 dum
1120 4118 1158 4174 de
1172 4119 1255 4174 omni
1270 4118 1420 4174 malorum
1431 4131 1556 4190 corpore
1567 4118 1748 4190 loqueretur,
1761 4117 1861 4173 strblto

143 4209 208 4266 nim
221 4209 350 4282 quisquc
362 4207 541 4281 plerumque
555 4207 623 4264 ideo
636 4205 786 4279 affligitur,
802 4207 874 4280 quia
887 4207 975 4264 dites·
1032 4208 1070 4264 ad
1088 4207 1260 4279 iniquorum
1285 4206 1422 4264 omnium
1436 4211 1526 4280 caput
1540 4207 1631 4264 verbe
1645 4207 1797 4264 convertit.
1813 4207 1861 4263 Vl-

145 4315 211 4356 cere
225 4315 261 4358 ae
276 4297 430 4371 superbire
444 4311 507 4353 non
519 4296 605 4353 velet.
616 4301 648 4353 ln
660 4297 782 4370 pulvere
791 4298 900 4353 etenim
909 4297 976 4353 dor·
1032 4299 1075 4355 dit
1089 4298 1168 4354 enirn
1190 4298 1273 4371 quod
1295 4297 1325 4353 in
1341 4297 1430 4353 linem
1454 4297 1560 4354 mundi
1585 4299 1674 4356 Satan
1706 4297 1861 4354 hominem

146 4389 219 4445 mire
234 4393 288 4458 est,
300 4387 330 4444 in
347 4387 471 4444 terrenis
485 4385 639 4443 desideriis
652 4386 757 4442 oculos
772 4387 879 4444 mentis
894 4387 975 4444 clau·
1031 4385 1211 4458 ingrediens,
1234 4399 1327 4459 quem
1355 4401 1441 4442 secra
1466 4386 1616 4459 Scriptura
1649 4386 1860 4443 Anbchristum

146 4477 226 4536 dare.
246 4477 331 4534 Unde
351 4475 514 4548 unicuique
537 4476 683 4548 peccanti,
706 4479 735 4532 et
758 4475 788 4531 in
813 4476 902 4547 culpa
920 4491 975 4532 sua
1031 4476 1171 4550 appellat,
1201 4479 1284 4532 tante
1307 4474 1435 4532 eletione
1462 4475 1620 4546 extollitur,
1646 4479 1728 4532 tante
1754 4475 1860 4532 virtute

146 4565 305 4622 dommuli
327 4563 443 4624 diditur,
458 4587 471 4614 ι
483 4565 586 4634 Surge,
599 4563 651 4636 qui
666 4562 789 4631 dormis,
807 4571 836 4619 ιι
848 4579 975 4634 exsurge
1031 4565 1224 4638 principatur,
1241 4563 1329 4620 lantls
1345 4563 1437 4634 signis
1452 4569 1480 4620 et
1495 4561 1638 4636 prodiglls
1652 4563 1682 4620 in
1697 4564 1860 4620 sanctitatis

147 4673 165 4713 a
179 4653 315 4720 mortuis,
325 4657 354 4712 ct
366 4651 547 4710 illuminabit
556 4657 585 4709 ιι
596 4652 728 4710 Christus
734 4652 851 4722 (pres.
864 4669 891 4708 v.
903 4657 975 4721 tlt.»
1030 4654 1200 4712 ostensione
1212 4669 1243 4710 se
1258 4653 1364 4722 clevet,
1377 4657 1408 4708 ιιι
1418 4651 1504 4721 argui
1519 4652 1558 4708 ab
1571 4653 1692 4708 homine
1704 4652 1769 4722 ejus
1782 4650 1861 4706 ιιιιι

147 4747 266 4801 vermes
289 4757 360 4799 vero
383 4741 435 4815 qui
462 4743 499 4798 de
515 4757 605 4798 cerne
629 4746 805 4811 nascuntur,
821 4756 873 4797 eos
888 4741 975 4798 simul
1030 4759 1091 4799 non
1107 4743 1237 4810 valcant,
1253 4741 1326 4812 quie
1350 4755 1420 4795 oum
1441 4743 1586 4812 potestate
1612 4739 1732 4796 terroris
1754 4738 1860 4809 adjun-

145 4833 295 4910 operiunt,
310 4831 382 4908 quia
397 4831 458 4886 sive
480 4829 579 4886 divitis
606 4830 666 4888 sive
683 4830 825 4906 pauperis
840 4831 975 4886 animum
1031 4835 1142 4900 guntur
1165 4829 1254 4884 etiarn
1284 4828 1371 4902 signe
1395 4833 1523 4882 ostensae
1555 4826 1719 4883 sanctitatis
1747 4831 1775 4882 el
1799 4825 1857 4884 ait:

145 4937 223 4978 curer
247 4918 382 4976 emneles
400 4923 550 4992 premunt.
578 4918 611 4973 ln
633 4917 723 4974 rebus
747 4918 827 4974 enim
851 4918 975 4974 terrenis
1031 4918 1102 4985 Quis
1121 4923 1227 4986 urpuet
1252 4931 1353 4972 corum
1377 4931 1409 4971 eo
1432 4917 1510 4971 vium
1526 4917 1615 4986 ejus?
1641 4916 1711 4982 Quis
1725 4914 1861 4972 videlicet

144 5023 259 5081 pauper
272 5011 300 5064 ιι
313 5007 397 5063 dives
411 5006 559 5080 reprobus
586 5007 726 5079 quamvis
747 5022 810 5068 nou
828 5007 894 5082 peri
909 5023 976 5082 pro·
1029 5005 1187 5064 hominum
1212 5004 1295 5064 illum
1322 5004 1476 5078 increpare
1504 5005 1624 5077 audeat,
1648 5006 1734 5077 cujus
1760 5005 1859 5061 visum

144 5097 283 5171 speritate
296 5097 469 5166 fulciantur,
485 5097 551 5169 pzri
570 5101 672 5154 tamen
689 5097 836 5153 anxietate
852 5097 975 5153 turben·
1031 5093 1105 5150 serre
1116 5092 1321 5166 pertimescit?
1333 5093 1389 5148 Sed
1402 5097 1500 5150 ιιιιιιιι
1512 5093 1577 5164 ejus
1588 5093 1679 5165 viem,
1690 5093 1859 5150 noneolum

143 5192 201 5253 tur,
216 5187 288 5260 quie
299 5187 382 5260 quod
396 5186 443 5244 ille
456 5188 521 5259 jem
537 5203 607 5243 cum
620 5190 703 5242 metu
717 5186 819 5254 hebet,
836 5187 889 5242 iste
904 5203 974 5242 eum
1029 5183 1106 5238 uitas
1121 5185 1150 5238 ιι
1163 5182 1276 5250 Enoch,
1292 5181 1344 5253 qui
1358 5181 1388 5237 in
1415 5182 1480 5253 ejus
1505 5183 1719 5256 exprobatione
1743 5179 1783 5234 ed
1797 5191 1858 5231 me-

143 5275 291 5334 anxletete
305 5275 427 5349 appelit,
441 5278 470 5334 et
489 5273 562 5347 quie
576 5274 688 5332 habere
702 5289 764 5332 non
780 5274 867 5340 velet,
884 5274 972 5330 dolet.
1029 5271 1114 5326 dium
1138 5271 1332 5338 reducuntur,
1355 5269 1449 5328 etlam
1475 5285 1581 5327 omnes
1607 5268 1689 5326 electi
1716 5265 1856 5332 arguunt,

144 5363 201 5422 sad
222 5380 291 5420 cunr
306 5363 451 5436 seriptum
465 5362 523 5420 sit:
541 5385 555 5412 «
568 5363 640 5428 Quis
659 5363 713 5420 scit
732 5363 892 5420 hominum
906 5379 974 5436 qum
1029 5359 1103 5418 dum
1118 5363 1323 5428 contemnunt,
1340 5359 1415 5415 dum
1428 5360 1533 5416 virtute
1556 5355 1664 5413 mentis
1687 5351 1752 5421 ejus
1775 5349 1859 5408 mali-

143 5456 214 5508 sunt
228 5451 369 5518 hominis,
384 5449 442 5507 nisi
454 5449 574 5522 spiritus
590 5451 722 5508 hominis
737 5451 788 5524 qui
804 5451 834 5507 in
846 5449 896 5506 illo
910 5452 975 5508 eat?
1029 5449 1075 5506 tite
1089 5447 1240 5506 resistunt.
1255 5447 1311 5504 Sed
1324 5448 1465 5522 quiahoc
1478 5442 1628 5500 exdivina
1643 5437 1857 5508 gratianum

142 5541 171 5612 (l
193 5541 263 5600 Cur.
288 5558 308 5610 1,
329 5541 412 5612 ll.)»
439 5537 636 5611 quaestione
659 5555 741 5598 nunc
766 5539 875 5598 dieibrr
897 5543 974 5596 certe
1029 5540 1090 5596 suis
1105 5537 1220 5596 viribus
1234 5537 1356 5603 lecirrnt,
1372 5539 1451 5590 reete
1471 5543 1552 5588 nunc
1573 5527 1700 5586 dieitur:
1724 5529 1795 5598 Quis
1809 5545 1858 5586 er·-

141 5629 212 5687 novl
228 5629 422 5700 cogitationes
435 5626 524 5686 tuas?
544 5627 602 5686 sed
623 5631 695 5685 tuno
709 5629 829 5702 spiritus
843 5627 974 5688 hominis
1027 5633 1097 5698 quet
1111 5643 1212 5686 rmum
1225 5643 1259 5684 eo
1274 5628 1352 5684 ciem
1373 5623 1466 5692 rjus?
1488 5616 1558 5684 Qui!
1569 5618 1680 5677 etenim
1694 5618 1752 5676 nisi
1766 5620 1856 5688 Dent,
