4106 6148
146 2972 150 2980 '
257 2975 482 3048 'rmvroasruu
501 2976 696 3020 nutrireris
713 2975 735 3018 u
752 2975 806 3020 ruo
824 2975 1000 3026 uorasramo
1084 2963 1105 3021 d

227 149 298 206 sss
925 128 1222 195 inlustras.
1885 128 1945 184 sss

228 269 371 338 omaus,
384 269 475 342 atque
500 263 663 339 primatis
687 261 855 320 condatem
881 263 998 329 ornata,
1014 259 1058 314 in·
1074 257 1098 314 A
1112 253 1197 329 qaod
1214 267 1296 311 nune
1316 251 1394 311 intra
1408 253 1556 311 usitatm
1570 247 1946 326 marboneorum

229 374 376 417 concussa
391 357 494 413 dotata
514 354 699 427 permaneat.
718 349 747 409 Si
765 351 834 425 quis
849 354 960 419 autem,
974 345 1057 423 quod
1111 348 1169 414 est3
1181 345 1243 400 imo
1253 341 1628 401 etmonasteriumsaneta
1641 337 1760 412 Sophias
1770 338 1947 412 quedinlre

229 464 291 504 non
314 449 465 520 optamus,
483 442 598 500 nelarie
626 456 703 498 ausu
729 439 957 513 praesumpserit
981 437 1056 505 brac,
1111 432 1260 490 civitatem
1288 433 1528 488 messanensem
1554 427 1737 485 adflatum
1758 433 1825 496 est3
1852 431 1947 499 atque

228 552 298 610 qua
311 551 330 592 a
344 534 433 592 nobis
447 532 487 590 ad
512 529 635 589 laudem
650 529 701 586 liei
725 545 782 608 pro
810 527 970 586 stabilitate
993 527 1058 598 tam
1111 519 1328 580 monasterium
1342 521 1458 578 Sancta
1471 519 1567 578 Maria
1580 517 1672 574 situm
1684 515 1841 574 infinibus
1856 518 1949 572 liene-

229 625 316 681 diciae
343 621 479 680 Ecclesiae
504 620 843 676 Beneventanastatuta
870 619 949 685 sunt,
964 613 1058 672 reira-
1111 609 1429 683 rentanisinioooqui
1444 608 1553 666 dicitur
1565 607 1802 678 (translatoris
1812 606 1947 663 flurium

231 727 311 785 gare,
328 710 428 769 entia
441 721 598 782 quoquam
612 705 791 776 transgredi,
805 706 998 762 sivetiraeous
1011 702 1057 771 sit,
1111 699 1254 768 iunium,
1270 713 1389 756 noanon
1404 701 1433 756 st
1452 696 1669 756 monasterium
1696 698 1812 753 saneta
1844 695 1947 752 liaris

231 817 286 858 seu
311 799 497 874 quicumque
525 795 598 853 alter
624 795 727 862 homo,
743 793 797 867 qui
821 791 1059 850 dominationem
1111 787 1190 845 intra
1204 787 1352 846 civitatem
1365 787 1517 846 florencia
1530 785 1709 844 ancillarum
1723 784 1863 841 boisum
1876 799 1947 840 om-

231 893 284 948 aut
296 887 460 960 primatum
474 884 585 942 babere
596 881 724 940 soluerit
737 897 791 956 per
802 897 844 949 se,
860 884 912 939 aut
922 895 977 954 per
989 878 1060 937 olte-
1111 876 1211 945 nibus,
1224 879 1257 933 ut
1271 876 1414 948 diximus,
1425 875 1516 934 rebus
1530 879 1558 934 et
1567 874 1743 948 adiacentits
1755 889 1810 946 per
1819 873 1949 930 diversa

230 991 299 1034 rum
310 974 475 1050 quemlibet
486 972 642 1030 hominem
651 971 683 1028 in
696 970 827 1045 praelatis
840 969 986 1042 Ecclesia,
995 967 1060 1024 sine
1111 964 1255 1022 locatam
1268 964 1299 1020 in
1313 963 1425 1021 finibus
1440 963 1655 1022 Beneventanis
1668 976 1761 1035 quam
1777 960 1850 1018 etin
1864 964 1949 1034 Apu-

231 1066 386 1123 voluntate
400 1069 430 1121 et
442 1063 578 1136 jussione
592 1062 796 1119 ammentant
807 1059 952 1135 episcopi,
966 1062 995 1116 et
1006 1055 1058 1125 illi,
1111 1052 1186 1122 lum,
1202 1057 1231 1110 et
1242 1051 1448 1122 calabritanis,
1464 1067 1559 1127 quam
1574 1051 1664 1108 etiam
1677 1049 1709 1107 in
1732 1050 1848 1109 linibus
1873 1053 1951 1106 lar·

231 1155 285 1228 qui
308 1170 359 1210 eos
383 1153 509 1210 fortasse
522 1151 654 1225 recipere
681 1149 936 1224 praesumpserint,
951 1161 1059 1204 omues
1105 1141 1198 1211 chia,
1218 1157 1338 1200 necnon
1361 1146 1390 1199 et
1417 1142 1448 1198 in
1475 1141 1587 1198 finibus
1611 1143 1788 1208 Marsorum,
1802 1139 1869 1195 sive
1893 1138 1949 1194 ubi

232 1244 342 1318 pariter
357 1241 415 1299 sub
429 1241 537 1298 eodem
560 1245 663 1298 nosue
678 1239 854 1312 apostolico,
870 1241 899 1296 et
913 1237 1061 1311 descripto
1112 1230 1202 1303 longe
1225 1230 1344 1304 lateque
1359 1245 1414 1305 per
1426 1229 1552 1288 diversio
1566 1229 1641 1286 locis
1654 1243 1716 1285 una
1729 1243 1801 1285 cam
1814 1226 1948 1295 colonis,

231 1331 396 1390 inviolabili
419 1319 610 1388 anathemate
631 1331 843 1403 permaneant,
859 1331 887 1384 et
901 1326 932 1384 in
945 1325 1061 1383 nullam
1113 1324 1143 1378 et
1159 1319 1326 1380 colonabus
1339 1336 1392 1377 seu
1407 1319 1501 1376 servis
1512 1323 1542 1378 et
1553 1317 1668 1376 ancillis
1681 1316 1840 1390 utriusque
1855 1332 1950 1374 seras

232 1421 392 1479 ecclesiam
419 1420 530 1477 intrare
558 1421 753 1504 presumant,
770 1421 823 1475 aut
845 1415 969 1490 aliquod
995 1413 1061 1472 offi-
1114 1409 1301 1482 adejusdem
1325 1407 1502 1466 monasterii
1513 1409 1583 1481 jura
1606 1405 1836 1481 pertinentibus,
1854 1405 1898 1462 ita
1919 1411 1952 1462 ut

233 1512 314 1568 cium
342 1508 578 1567 ecclesiasticum
601 1506 724 1578 iuuant,
737 1509 770 1563 at
790 1521 853 1562 non
875 1504 928 1580 qui
947 1503 999 1577 pio
1015 1501 1061 1560 in·
1114 1497 1367 1571 privilegiissedis
1391 1495 1562 1572 apostolicas
1582 1495 1684 1553 infulis
1712 1495 1889 1564 decoretur,
1919 1497 1954 1550 ut

232 1600 309 1658 tuitu
344 1599 529 1669 observator,
556 1600 586 1652 et
610 1595 642 1652 in
665 1593 809 1653 omnibus
839 1593 937 1650 existit
964 1595 1062 1650 custo·
1079 1607 1101 1665 Β
1116 1585 1173 1643 sub
1184 1585 1390 1658 jurisdictione
1403 1588 1515 1644 sanda
1530 1588 1653 1650 nostra,
1675 1583 1722 1641 cui
1736 1587 1800 1642 iles
1822 1591 1952 1641 auctora

233 1687 320 1745 dions
346 1686 437 1758 halus
465 1683 560 1742 nostri
583 1682 741 1757 apostolici
763 1679 914 1740 consaluti
937 1680 977 1738 ad
1003 1679 1063 1738 oul-
1115 1673 1304 1731 deservimus
1319 1673 1466 1745 Ecclesia,
1482 1673 1676 1731 consitutum
1690 1671 1803 1729 aalbrrs
1822 1671 1952 1730 nterim

233 1778 300 1832 tum
344 1775 395 1830 liei
428 1771 603 1846 respiciens,
633 1769 849 1828 benedictionis
879 1769 1007 1842 mnam
1044 1783 1063 1827 a
1116 1763 1252 1822 Ecclesia
1263 1763 1524 1837 jurisdictionibus
1538 1763 1740 1821 submittatur.
1754 1765 1813 1820 Pro
1824 1779 1893 1837 qua
1906 1779 1952 1836 re,

234 1860 518 1920 misericordissimo
544 1863 604 1917 lieo
631 1863 736 1918 nostro
764 1857 965 1934 multipliciter
993 1873 1062 1916 con·
1114 1853 1173 1928 piis
1196 1853 1352 1910 desideriis
1367 1852 1511 1920 lavantes,
1527 1853 1586 1910 boc
1609 1856 1712 1910 nostra
1724 1851 1907 1910 anctoritate
1919 1851 1953 1908 id

236 1954 410 2026 sequantur,
436 1953 465 2007 et
491 1950 558 2006 vita
587 1953 705 2008 aterna
737 1947 897 2023 participes
924 1961 1062 2005 merean-
1115 1943 1200 2017 quod
1213 1942 1384 2018 exposcitur
1396 1941 1744 2017 effectumaneipamus,
1757 1947 1788 2000 et
1801 1942 1953 2000 ideoom·

235 2043 293 2114 tur.
326 2038 474 2112 Scripbrm
504 2053 560 2112 per
588 2053 698 2094 manus
739 2035 881 2116 Stephani
918 2035 1064 2094 scriniarii
1115 2047 1187 2089 nem
1210 2031 1370 2104 cujuslibet
1394 2029 1729 2089 Ecclesiaesaoerdotem
1756 2031 1788 2088 in
1813 2031 1951 2104 praeiatis

237 2130 267 2188 S.
292 2131 325 2186 il.
350 2131 382 2186 E.
408 2128 439 2185 in
467 2141 571 2184 mense
596 2126 712 2194 octob„
731 2125 834 2184 indict.
861 2130 889 2184 i.
909 2127 987 2184 Bene
1011 2140 1065 2183 ra·
1116 2118 1306 2180 monasteriis
1317 2119 1464 2178 ditionem
1474 2119 1643 2192 quamlibet
1655 2118 1768 2177 habere
1781 2118 1829 2176 rel
1844 2124 1952 2176 aucte

235 2217 303 2276 lete.
1115 2209 1233 2266 miens
1259 2211 1368 2283 prater
1393 2207 1497 2266 sedem
1524 2208 1721 2282 apostoticam
1735 2208 1949 2282 probibemus.

270 2309 381 2366 iiatum
395 2305 510 2363 midas
523 2303 698 2363 Novembris
721 2321 776 2381 per
800 2319 927 2363 manum
951 2301 1064 2362 ilicolai
1117 2297 1158 2355 lta
1171 2301 1205 2356 ut
1219 2297 1276 2354 nisi
1292 2297 1331 2355 ab
1354 2297 1467 2356 abbate
1482 2297 1656 2356 monosterii
1679 2297 1769 2356 tuerit
1793 2298 1950 2366 inritatus,

236 2396 397 2470 primicerii
418 2398 530 2452 sancire
553 2393 724 2470 apostolicas
740 2393 829 2450 sedis.
845 2397 931 2451 Anno
947 2391 1065 2450 llomini
1117 2403 1173 2446 aee
1196 2388 1360 2445 missarum
1386 2387 1501 2444 ibidem
1527 2387 1749 2446 solemnitatem
1779 2391 1953 2462 prasumat

236 2485 365 2560 propilio
375 2483 567 2558 pontificatus
594 2483 709 2540 domini
719 2483 812 2540 nostri
826 2481 938 2540 liertini
952 2479 1065 2539 summi
1118 2477 1268 2534 celebrare
1284 2477 1475 2546 omnimodo,
1488 2477 1542 2534 sed
1555 2493 1574 2534 a
1587 2477 1727 2551 prasenti
1750 2477 1895 2535 secunda
1911 2477 1953 2533 ire

236 2573 387 2648 pontilicis
401 2577 430 2632 et
444 2572 620 2630 universalis
634 2588 722 2648 papa
732 2572 764 2628 in
778 2570 982 2629 sacratissima
994 2570 1065 2626 sede
1118 2567 1247 2624 dictione
1262 2566 1495 2624 irrevocabiliter
1517 2567 1549 2624 in
1570 2571 1750 2640 perpetuum
1777 2565 1953 2624 stabilimur

236 2661 318 2720 beati
331 2662 407 2718 Petri
431 2659 561 2735 apostoli
573 2665 602 2733 2,
617 2659 649 2716 in
674 2675 789 2734 mense,
803 2657 946 2718 etindiet.
962 2674 1066 2734 supra·
1118 2655 1324 2725 detinendum,
1340 2659 1369 2712 et
1383 2671 1453 2712 cum
1468 2656 1519 2713 ilai
1543 2655 1650 2714 timore
1664 2655 1835 2728 regendum
1851 2660 1882 2712 et
1896 2655 1954 2712 dis
2033 2675 2034 2702 t

237 2749 349 2823 scripta
363 2753 391 2808 a.
1053 2772 1059 2782 ·
1118 2745 1305 2820 ponendum,
1321 2747 1485 2802 statuentes
1499 2744 1625 2818 insuper
1639 2744 1808 2818 apostolica
1822 2760 1954 2802 censura

317 2839 321 2846 ’
624 2854 672 2913 Ν,
1119 2835 1176 2892 sub
1189 2833 1283 2892 divini
1293 2833 1399 2906 judicii
1407 2833 1677 2904 obtestuioneaed
1689 2839 1718 2892 et
1739 2833 1849 2892 validis
1862 2839 1953 2908 atque

1119 2923 1317 2981 atrocioribus
1340 2923 1540 2981 mathematis
1562 2921 1833 2993 interdictionibus,
1857 2929 1893 2980 ut
1906 2939 1955 2980 ne-

567 3066 740 3118 fflssmw·
1118 3029 1179 3087 que
1192 3012 1272 3069 nllus
1286 3027 1423 3086 unquam
1432 3011 1845 3086 prasumatquispiamalius
1854 3013 1955 3084 cujus

557 3156 656 3276 (Ψο
670 3156 745 3276 944⁰?
1119 3191 1209 3248 etiam
1232 3205 1423 3264 quaecunque
1443 3205 1560 3262 magna
1580 3205 1736 3264 parvaque
1759 3206 1897 3263 persona
1923 3191 1955 3248 in

402 3262 541 3338 scuras,
556 3263 635 3320 ⁸⁸⁸²·
652 3263 780 3332 Ulmo
796 3262 899 3336 ΜΗ
1119 3279 1227 3338 eodem
1251 3279 1444 3352 monasterio,
1468 3277 1517 3335 rel
1544 3279 1610 3352 eius
1636 3279 1734 3336 causis
1761 3279 1954 3348 incumbere,

274 3367 1066 3446 Mauriusepiscopus,servusservorumDei,di1ects
1120 3368 1223 3425 auide
1246 3367 1348 3440 rebus,
1364 3371 1392 3424 et
1406 3369 1654 3441 possessionibus
1667 3369 1716 3426 vel
1738 3370 1876 3427 ecclesiis
1900 3371 1957 3428 silri

237 3461 301 3520 tilio
315 3465 466 3530 arrosa-0,
482 3458 645 3517 venerabili
659 3459 762 3516 abbati
776 3457 949 3516 monasterii
961 3457 1067 3516 Christi
1120 3455 1274 3530 subjectis,
1289 3456 1338 3514 vel
1351 3456 1500 3532 quidquid
1515 3457 1646 3532 denique
1660 3458 1686 3515 ei
1706 3459 1859 3532 pertinere
1875 3461 1956 3518 vide

240 3549 418 3618 confessoris
433 3547 592 3619 Benedicti,
608 3547 656 3604 siti
676 3547 707 3604 in
733 3551 835 3603 monte
858 3548 911 3620 qui
930 3549 1066 3604 Castrum
1121 3548 1168 3601 tur
1189 3545 1408 3618 quoquomodo
1437 3545 1543 3603 offerre
1571 3551 1624 3604 aut
1647 3546 1787 3616 alienare,
1815 3549 1873 3606 sed
1901 3567 1956 3606 neo

240 3637 396 3696 cassinum
410 3641 545 3707 vocatur,
560 3638 734 3708 sanctaque
748 3637 808 3692 tua
828 3634 1067 3708 congregationis
1120 3632 1288 3706 quamlibet
1310 3633 1423 3690 militiae
1450 3636 1635 3707 autjaoturae
1656 3635 1830 3694 molestiam
1840 3637 1956 3695 ibidem

239 3725 523 3799 successoribusque
550 3723 609 3781 tuis
632 3724 663 3781 in
675 3726 864 3796 perpetuum.
1121 3721 1183 3778 sive
1195 3721 1291 3795 pacis,
1303 3721 1365 3779 sive
1374 3721 1527 3780 barbarici
1536 3723 1680 3797 temporis
1690 3723 1780 3782 iirma
1790 3725 1955 3784 stabilitate

276 3816 422 3878 Convenit
446 3813 612 3890 apostolico
636 3813 836 3871 moderamini
849 3815 901 3888 pia
924 3813 1068 3886 reiigione
1121 3811 1311 3868 decernimus
1326 3810 1385 3868 sub
1398 3811 1590 3884 juridictione
1604 3815 1842 3872 sanctaenostraa
1859 3817 1955 3873 Eccle

239 3905 421 3983 pollentibus
435 3903 584 3964 benevola
604 3905 815 3977 compassione
841 3919 1025 3978 succurrere,
1040 3907 1069 3962 et
1122 3899 1173 3957 sira
1195 3900 1449 3976 permanendum.
1465 3901 1697 3974 Promnlgamus
1709 3919 1833 3978 nempe,
1849 3910 1881 3963 et
1898 3907 1955 3963 ires

239 3995 430 4076 poscentium
445 3995 564 4052 animos
576 3991 667 4052 alacri
691 3991 850 4050 devotione
866 3993 991 4067 implere
1008 3993 1069 4050 sui·
1122 3989 1297 4047 auctoritato
1305 3988 1386 4047 beati
1396 3989 1471 4047 Petri
1481 3989 1687 4064 apostolorum
1695 3993 1843 4067 principis
1851 4010 1956 4052 coram

240 4085 360 4160 inagiis3
376 4102 413 4142 ex
424 4085 482 4141 hoc
497 4083 578 4141 enim
592 4082 668 4141 lucri
690 4083 881 4156 potissimum
907 4083 1069 4158 premium
1123 4079 1183 4134 lieo
1195 4082 1224 4134 et
1236 4077 1358 4135 terribili
1368 4079 1433 4151 eius
1446 4078 1546 4136 iuturo
1556 4081 1704 4150 examine,
1716 4085 1744 4138 et
1755 4081 1851 4154 hujus
1862 4085 1956 4140 nostri

240 4186 259 4228 a
278 4169 431 4227 conditore
447 4169 595 4238 omnium,
618 4170 688 4237 Dec,
707 4168 814 4241 procul
833 4168 926 4226 dubio
947 4183 1068 4242 prome·
1124 4167 1280 4240 apostolici
1294 4168 1441 4240 privilegii
1455 4173 1546 4242 atqua
1570 4170 1712 4227 constitui
1740 4171 1910 4245 sancimus,
1927 4179 1957 4230 ut

240 4275 342 4316 remur
363 4257 487 4331 quando
511 4255 693 4314 venerabilia
706 4255 773 4314 loca
797 4261 965 4331 opportune
988 4257 1068 4314 ordi·
1123 4255 1266 4330 locaquae
1282 4257 1321 4314 ab
1337 4257 1446 4315 abbate
1457 4257 1617 4329 cujuslibet
1631 4259 1684 4332 qui
1695 4259 1785 4316 nobis
1799 4261 1834 4317 in
1846 4263 1956 4320 eodem

241 4351 313 4404 nata
336 4347 376 4404 ad
390 4346 544 4402 meliorem
556 4344 665 4402 fuerint
679 4345 743 4402 sine
759 4345 853 4403 dubio
879 4350 990 4404 statum
1003 4363 1069 4420 per·
1086 4315 1248 4422 Dpraefato
1275 4348 1456 4405 monasterio
1476 4349 1574 4406 Sancti
1589 4349 1738 4406 Benedicti
1764 4357 1955 4410 commutata

241 4435 342 4494 ducta.
362 4435 452 4506 igitur
474 4435 547 4510 quia
573 4434 780 4508 postulastisa
803 4435 891 4493 nobis
919 4441 1069 4511 quatenus
1124 4437 1171 4494 vel
1185 4453 1331 4495 concessa
1351 4441 1429 4505 sunt,
1445 4453 1565 4495 necnon
1580 4441 1609 4495 et
1622 4438 1697 4496 alias
1720 4437 1860 4497 locorum
1888 4459 1955 4516 pos·

241 4523 501 4596 confirmaremus,
516 4529 545 4582 et
556 4524 789 4582 concederemus
803 4524 890 4583 vobis
916 4531 1068 4585 monaste·
1123 4526 1275 4584 sessiones
1288 4525 1512 4600 quaaragibus
1528 4525 1953 4600 aoducibusvelgastaldeis,
2033 4585 2034 4590 ,

240 4615 320 4674 rium
350 4613 457 4674 Christi
483 4612 662 4672 confessoris
685 4612 766 4672 beati
791 4613 951 4686 Benedicti,
978 4615 1069 4672 situm
1123 4615 1277 4673 etcaeteris
1291 4613 1464 4674 Christianis
1477 4615 1511 4672 in
1523 4613 1630 4673 eodem
1642 4621 1747 4675 sancte
1760 4615 1831 4674 loco
1844 4615 1954 4688 largita

241 4703 273 4762 in
286 4707 388 4762 monte
403 4706 506 4763 Castro
519 4703 654 4775 cesano,
669 4702 723 4760 ubi
742 4701 980 4760 sacratissimum
1003 4719 1069 4761 cor·
1123 4705 1342 4784 atqueloblata
1364 4709 1443 4776 sunt,
1465 4705 1570 4764 autin
1594 4705 1790 4780 postmodum
1811 4705 1854 4763 ilii
1885 4723 1955 4764 eon·

240 4809 299 4866 pus
325 4793 390 4866 ejus
410 4792 571 4850 humatum
596 4807 661 4848 esse
687 4790 816 4862 videtur,
832 4807 903 4848 cum
928 4791 1070 4850 omnibus
1123 4811 1211 4853 cessa
1224 4793 1442 4864 inerintfirma‚
1458 4795 1587 4866 stabilia,
1601 4813 1637 4854 ac
1648 4797 1754 4870 injure
1767 4795 1866 4870 ipsius
1880 4813 1954 4870 praa

241 4880 333 4937 rebus
357 4881 533 4954 ediscendis
554 4880 614 4938 sive
639 4879 899 4954 pertinentiistam
919 4880 951 4938 in
964 4897 1070 4940 mona·
1123 4883 1194 4941 dicti
1217 4883 1390 4940 monasterii
1411 4883 1576 4956 curanda,
1599 4889 1690 4960 atque
1710 4885 1744 4942 in
1771 4891 1953 4960 perpetuum

243 4969 340 5026 statiis
353 4969 493 5027 rivorum
518 4986 612 5048 quam
635 4973 663 5026 at
684 4969 861 5027 ancillarum
875 4970 936 5040 liei,
951 4986 1070 5028 necnon
1123 4971 1330 5046 permanenda
1345 4973 1578 5043 statuimus,neo
1592 4973 1714 5032 icontie
1728 4973 1776 5044 sit,
1792 4973 1952 5031 utdictum

242 5063 272 5118 et
287 5058 378 5132 celiis,
395 5074 430 5116 ac
444 5059 566 5133 proediis
581 5059 755 5136 ubicunque
767 5059 813 5118 vel
823 5060 1070 5136 qualitercunque
1124 5065 1177 5130 est,
1194 5061 1308 5134 exejus
1319 5061 1365 5118 vel
1379 5061 1520 5120 omnibus
1537 5061 1636 5120 eidem
1663 5063 1851 5122 monasterio
1865 5063 1952 5138 perti·

243 5150 283 5208 ad
294 5149 365 5224 jura
376 5148 514 5222 ejusdem
528 5145 702 5207 monasterii
725 5151 872 5226 pertinere
885 5151 1071 5222 dignoscitur
1124 5149 1264 5208 uentibus
1278 5153 1425 5226 tanquam
1438 5167 1552 5225 magna
1577 5169 1731 5227 parvaque
1753 5169 1888 5227 persona
1903 5169 1951 5211 au

242 5239 346 5298 omnia
359 5239 390 5298 in
405 5238 567 5310 integrum.
582 5239 794 5297 lionasterium
821 5255 894 5297 vero
919 5239 1069 5314 imprimis
1124 5238 1210 5311 terre,
1225 5244 1277 5298 aut
1290 5240 1423 5315 proiecto
1429 5240 1517 5314 juxta
1529 5241 1561 5298 id
1573 5241 1658 5315 quod
1671 5241 1825 5314 subjectos
1840 5241 1951 5298 amem

243 5330 361 5388 Domini
377 5329 539 5390 salvatoris
559 5328 692 5403 positum
705 5330 745 5388 ad
755 5329 866 5404 pedem
878 5329 974 5403 ipsius
986 5345 1071 5387 mon·
1123 5329 1304 5387 venerabilis
1316 5329 1403 5388 locus
1415 5330 1590 5404 apostolicis
1605 5331 1772 5389 constitutis
1792 5333 1884 5405 atque
1896 5331 1950 5405 pri

243 5419 291 5492 tis,
321 5425 411 5494 atque
439 5418 656 5478 monasterium
686 5423 798 5476 sancta
836 5418 886 5476 Dei
919 5419 1070 5476 Genitricis
1124 5419 1239 5490 vilegiis
1254 5419 1390 5477 consistit
1403 5419 1581 5478 inconcusse
1596 5421 1749 5479 dotandus
1762 5425 1947 5494 permaneat,

1119 3117 1239 3176 cunque
1265 3101 1302 3159 sit
1316 3101 1468 3172 dignitab's
1493 3100 1638 3175 praeditus
1652 3105 1681 3159 et
1705 3101 1880 3176 potestatis,
1908 3101 1954 3158 rel
2033 3113 2034 3128 ¹

192 5564 196 5572 ,
244 5511 273 5564 et
284 5506 407 5580 virginis
422 5511 518 5568 ldariae
533 5508 617 5598 quod
631 5507 824 5566 Plumbarola
837 5508 1072 5578 vocatur;item-
1126 5512 1155 5566 et
1168 5507 1255 5566 liceat
1268 5509 1382 5567 eisdem
1405 5511 1561 5568 monachis
1585 5511 1623 5568 de
1644 5527 1700 5568 sua
1720 5511 1949 5583 congregatione
2033 5551 2034 5572 r

244 5611 304 5669 que
329 5599 358 5653 et
382 5597 600 5657 monasterium
634 5601 746 5657 saneta
771 5595 867 5655 llariae
894 5597 925 5654 in
954 5595 1068 5670 cingla,
1127 5597 1269 5656 abbatem
1297 5613 1415 5672 semper
1451 5599 1567 5672 eligere.
1596 5600 1692 5662 Etiam
1719 5599 1839 5659 licentia
1867 5599 1949 5658 robis
