4160 6162
19 191 24 242 ι
95 195 139 252 ιιι
356 157 358 162 ”
494 188 1153 249 arnonnucnauuus.onno.1usoc.
1176 191 1388 249 -uavur
1748 195 1799 248 ne

19 341 21 354 ·
92 313 245 391 premium
260 311 348 372 eitius
363 311 517 387 pervenire
532 313 663 384 exoptat.
678 309 746 368 Dies
755 309 856 383 itaque
866 308 919 367 ho·
932 311 957 366 Δ
972 325 1042 368 rrcr.
1056 313 1172 368 vacuos
1185 311 1316 370 Ecclesia
1325 327 1445 370 menses
1461 312 1564 384 babet,
1585 329 1653 386 quse
1676 311 1804 368 infirmis

91 403 175 462 minis
200 407 313 461 eterna
336 401 488 476 sapientis,
511 403 589 458 recte
609 399 717 458 diebus
741 397 918 458 mercenarii
971 399 1033 456 suis
1055 404 1186 458 mmenas
1213 401 1345 458 actiones
1373 401 1488 474 absque
1515 403 1581 458 vitre
1603 401 1727 476 praemio
1751 402 1803 460 de-

90 495 312 566 comperautur,
325 487 918 565 quiaprrssentemvitam,viemnonpa·
971 487 1098 547 liuentes
1114 489 1250 548 sustinet.
1271 490 1339 564 lpse
1358 495 1461 546 noctes
1484 490 1652 548 laboriosas
1677 507 1744 564 quie
1773 491 1804 548 in

89 583 172 642 triam
185 581 342 655 deputant,
358 583 387 636 et
401 578 606 636 mercenarius
629 579 660 636 in
684 577 788 636 elienis
808 575 917 634 lebori-
971 578 1116 636 membris
1131 578 1258 636 loribus
1270 577 1449 652 multiplices
1464 578 1670 636 tribulationes
1694 585 1802 652 portat.

88 672 144 730 bus
158 669 296 740 exsudat,
311 667 366 726 sed
380 671 482 726 tamen
495 666 554 726 sibi
577 667 735 743 proprium
759 665 917 740 praemium
970 667 1497 742 llensiumquippenomine,dierum
1508 667 1641 724 collectio
1650 673 1805 726 elsumma

88 762 246 834 praeparat.
259 759 334 814 Voce
346 759 448 813 autem
463 755 670 830 Redemptoris
684 755 792 812 dicitur
809 772 815 810 :
832 755 916 810 ›lle-
971 756 1117 828 signatur.
1134 761 1186 815 Per
1199 758 1280 816 diem
1294 774 1365 830 crgo
1379 774 1570 832 unaquaque
1584 759 1661 814 actio
1677 759 1803 832 exprimi

89 863 179 920 gnum
193 861 296 904 meum
310 849 428 902 nonest
449 845 487 902 de
500 845 558 902 hoc
579 845 695 902 mundo
720 845 818 918 (doce.
833 859 915 915 xvur,
970 850 1080 922 potest,
1095 863 1283 922 permenses
1299 854 1400 906 autem
1424 853 1545 906 actuum
1574 847 1643 903 finis
1666 848 1803 918 iutelligi-

89 937 138 1009 tt).
155 957 169 988 e
186 935 297 992 Omnes
310 949 383 1006 crgo
397 933 450 1008 qui
465 949 518 1008 spe
531 933 697 992 coelestium
707 932 917 1008 preditisxer·
970 939 1028 993 tur.
1046 939 1110 994 Non
1125 937 1223 996 solum
1237 938 1327 1010 igitur
1345 938 1420 1006 dies,
1435 937 1488 995 sed
1502 953 1621 994 menses
1636 953 1748 992 vacuos
1760 937 1803 992 ‹li-

89 1026 149 1084 citro
163 1023 231 1081 vitm
240 1023 396 1098 proesentis
404 1023 570 1096 atterimur,
582 1023 720 1082 maliano
729 1021 915 1092 laboramus,
971 1025 1078 1097 cimus,
1094 1043 1164 1084 cum
1176 1043 1233 1084 nos
1245 1027 1276 1084 in
1287 1027 1409 1086 terrenis
1425 1027 1540 1084 actibus
1563 1026 1626 1082 sine
1641 1027 1738 1082 lructu
1762 1025 1804 1082 la-

88 1117 113 1172 et
132 1113 228 1172 ebeno
257 1111 382 1188 quidem
407 1111 512 1170 labore
531 1113 704 1185 fatigemur,
733 1110 788 1168 sed
814 1115 916 1168 tamen
969 1115 1104 1188 herecee,
1118 1133 1180 1174 non
1201 1133 1238 1174 ex
1252 1118 1368 1175 actione
1382 1117 1573 1192 principium,
1594 1117 1647 1172 sed
1661 1115 1720 1172 tine
1731 1132 1804 1190 pcn-

86 1203 214 1277 prumia
228 1206 332 1260 nostra
350 1201 546 1278 percipimus,
562 1206 591 1260 et
614 1217 669 1276 per
696 1200 754 1258 hoo
780 1199 916 1274 perveni·
970 1219 1084 1262 samm.
1100 1207 1174 1264 Cum
1189 1205 1271 1262 euim
1286 1205 1407 1262 labores
1430 1211 1549 1262 nostros
1575 1205 1736 1262 adversitas
1757 1219 1802 1260 se-

86 1309 149 1350 mus
166 1291 346 1367 adpropriet,
361 1291 445 1366 quod
460 1307 535 1366 pure
548 1291 796 1349 administram
804 1289 913 1348 aliena.
968 1292 1079 1366 quitur,
1093 1293 1181 1366 quasi
1195 1292 1262 1350 vitta
1276 1297 1385 1354 nostrae
1414 1293 1502 1350 vacui
1525 1309 1644 1350 menses
1669 1308 1802 1363 arguun-

86 1379 460 1456 Quocontraquibusdam
470 1379 582 1438 Veritas
592 1378 757 1438 dicit:‹Si
770 1378 802 1436 in
815 1377 914 1436 alieno
968 1383 1026 1454 tur,
1055 1381 1127 1454 quia
1155 1397 1192 1438 ex
1218 1382 1343 1440 ardonis
1374 1382 1573 1456 completione
1610 1381 1803 1451 agnoscimur

84 1467 183 1526 iideles
196 1485 259 1526 non
273 1467 379 1543 fuistis,
394 1469 479 1544 quod
489 1473 624 1527 vestrum
634 1472 678 1528 est
690 1467 759 1542 quis
773 1465 914 1524 dabitvo·
967 1485 1061 1544 quam
1074 1469 1186 1528 frustra
1195 1471 1228 1527 in
1242 1470 1412 1528 actionibus
1429 1470 1624 1528 subdebatur.
1648 1471 1706 1528 Sed
1729 1469 1802 1543 quia

85 1558 149 1616 bisi
163 1581 179 1610 a
192 1558 277 1632 (Lae.
291 1575 352 1630 xvi,
370 1562 426 1630 tt.)
442 1558 604 1617 Sciendum
616 1573 740 1632 quoquc
764 1560 809 1614 est
820 1553 914 1630 {quod
966 1558 998 1614 in
1011 1573 1097 1616 sacro
1111 1558 1231 1634 eloquio
1244 1575 1467 1633 nonnunquam
1481 1575 1543 1616 nox
1555 1575 1611 1632 pro
1632 1559 1804 1629 ignorantia

83 1648 281 1706 mercenarius
296 1647 419 1706 sollicite
440 1652 526 1708 curet
547 1648 706 1722 inspicere,
720 1661 759 1704 ne
774 1659 912 1720 unquam
928 1668 948 1724 Β
966 1647 1099 1722 ponitur,
1126 1647 1217 1706 Paulo
1241 1651 1410 1717 attestante,
1438 1647 1491 1723 qui
1523 1651 1684 1704 venturam
1708 1647 1802 1704 situm

83 1735 699 1812 diesvecuusbabeeturabopere.Undeet
708 1735 911 1796 electustento
966 1737 1130 1794 scientibus
1143 1737 1215 1796 dicit
1230 1757 1236 1794 :
1251 1757 1267 1794 c
1282 1739 1393 1796 Omnes
1406 1754 1460 1794 vos
1474 1736 1528 1794 filii
1542 1737 1628 1808 lucis,
1640 1741 1667 1792 et
1680 1736 1732 1792 filii
1743 1736 1801 1792 diei

83 1827 219 1885 tidentius
234 1843 288 1902 spe
302 1827 397 1886 tendit
410 1827 451 1886 ed
470 1827 607 1902 praemia,
623 1829 740 1902 quanto
759 1841 840 1884 nunc
863 1840 911 1882 ro
966 1827 1047 1896 estis,
1074 1843 1136 1886 non
1160 1844 1266 1886 sumus
1294 1827 1401 1896 noctis,
1424 1843 1523 1901 neque
1558 1826 1750 1883 tenebrarum
1775 1825 1801 1897 (1

82 1916 195 1974 bustius
209 1916 355 1992 perdurat
366 1916 407 1974 ad
420 1915 534 1976 laboris
548 1917 743 1976 incrementa.
761 1915 826 1972 liies
840 1930 911 1972 cum
968 1917 1079 1986 Theca,
1093 1934 1124 1990 v,
1139 1917 1176 1990 5).
1192 1937 1209 1972 »
1223 1919 1320 1975 Potest
1335 1917 1393 1976 boc
1406 1917 1438 1974 in
1453 1917 1520 1974 loco
1539 1932 1576 1973 ex
1602 1931 1708 1972 eorum
1731 1931 1800 1988 per-

82 2005 222 2077 operibus
236 2009 388 2075 numerat,
410 2020 449 2063 ne
472 2004 618 2062 alaburc
639 2019 739 2062 vacua
760 2005 913 2061 nauseant
966 2021 1112 2064 sonavox
1128 2011 1239 2064 sauctae
1261 2007 1398 2066 Ecclesiae
1420 2006 1527 2080 accipi,
1552 2006 1604 2079 qui
1625 2009 1694 2080 post
1714 2005 1800 2076 igno-

80 2093 146 2150 ritae
170 2096 327 2150 momenta
350 2091 502 2150 formidat.
530 2093 602 2150 lliuc
625 2107 759 2167 nemque
785 2091 910 2150 dicunt:
966 2094 1070 2152 rantiae
1087 2111 1149 2154 sure
1162 2095 1330 2167 caliginem,
1346 2097 1387 2154 ad
1401 2111 1536 2154 amorem
1554 2094 1739 2152 rectitudinis
1753 2111 1799 2152 re-

80 2203 93 2231 «
109 2183 233 2256 Propter
247 2186 275 2238 te
287 2180 505 2239 mortificamur
514 2185 577 2240 tota
590 2181 638 2238 die
652 2182 747 2250 (Rom.
758 2195 822 2250 vin,
841 2179 912 2252 ¹³)·”
967 2182 1072 2253 deunt,
1087 2187 1116 2242 et
1130 2185 1259 2242 veritatis
1280 2185 1372 2243 radiis
1396 2185 1544 2254 illustrati,
1571 2184 1690 2240 tletibus
1714 2184 1800 2242 luunt

80 2273 130 2326 Et:
146 2291 161 2320 «
174 2269 242 2328 Scio
257 2270 306 2326 cui
324 2269 448 2342 credidi,
471 2273 501 2326 et
523 2273 621 2326 certus
646 2285 715 2326 sum
739 2269 786 2336 (ll
798 2269 871 2326 lien.
888 2283 910 2336 ι,
966 2272 1051 2346 quod
1063 2275 1245 2330 erraverunt.
1262 2273 1295 2328 ln
1319 2273 1361 2328 eis
1386 2287 1457 2343 ergo
1482 2277 1586 2328 sancta
1606 2271 1746 2342 Ecclesia,
1769 2271 1800 2328 iu

82 2359 132 2431 12).
146 2377 162 2412 s
178 2358 341 2432 Sequitur:
964 2362 1077 2435 quibus
1116 2362 1156 2420 ad
1198 2363 1291 2420 vitem
1322 2361 1494 2432 revertitur,
1535 2360 1671 2417 laborem
1710 2376 1801 2416 suum

113 2450 197 2506 vus.
210 2451 237 2506 ².
249 2447 335 2505 Sicut
349 2461 454 2506 cerem
468 2447 618 2505 desideat
631 2449 779 2506 umbram.
794 2479 829 2488 —
841 2448 910 2504 Um·
965 2451 1104 2509 estuanti
1129 2467 1227 2518 servo,
1252 2456 1280 2510 et
1294 2450 1476 2510 desideranti
1500 2450 1592 2507 tinem
1615 2449 1800 2506 mercenario

79 2535 164 2594 bram
177 2535 292 2610 quippe
303 2535 475 2594 desiderare
487 2552 577 2594 cervo
591 2541 646 2607 est,
660 2551 716 2610 pro
740 2535 910 2594 tentationis
965 2543 1132 2614 comparat,
1158 2539 1283 2598 dicens:
1316 2541 1404 2597 Sicut
1432 2555 1537 2596 cuens
1562 2537 1713 2594 desiderat
1737 2554 1799 2594 um·

80 2629 151 2682 estu
164 2624 335 2698 sudoreque
350 2625 462 2700 operis,
484 2625 586 2684 aeterni
607 2624 751 2697 refrigerii
773 2625 909 2699 requiem
965 2629 1061 2700 brem,
1077 2629 1244 2704 etreliqua.
1262 2629 1307 2687 Ad
1330 2632 1518 2700 aestuantem,
1541 2643 1660 2684 menses
1687 2643 1797 2684 vacuos

80 2729 221 2788 querere.
236 2713 311 2771 lliuc
324 2715 470 2789 scriptum
486 2719 552 2772 est:
578 2737 592 2766 c
608 2714 700 2772 sitivit
724 2715 827 2772 anima
840 2729 910 2772 mea
963 2717 1071 2782 reddit,
1086 2717 1236 2792 quiaque
1251 2715 1349 2788 magis
1364 2721 1508 2773 aeternum
1521 2715 1708 2786 refrigerium
1718 2731 1799 2788 quer-

81 2803 118 2860 ad
133 2807 228 2862 lleum
242 2802 355 2871 vivum,
367 2825 382 2854 s
403 2807 432 2861 et
456 2803 573 2878 reliqua
599 2805 695 2874 (Paul.
720 2821 775 2876 ιιι,
790 2807 829 2872 3).
851 2807 886 2860 Et
901 2821 908 2860 :
963 2805 1046 2874 ritur,
1063 2821 1099 2862 eo
1111 2805 1209 2878 magis
1220 2821 1315 2880 quam
1330 2821 1425 2862 vacue
1437 2821 1493 2878 pro
1505 2805 1562 2862 ista
1576 2805 1740 2862 laboratur.
1753 2803 1798 2860 Ad

82 2895 169 2950 «lieu
182 2909 245 2965 me,
255 2891 403 2951 incolatus
415 2909 501 2950 meus
522 2893 720 2966 prolongatus
747 2896 793 2950 est
813 2893 908 2966 (Paul.
964 2893 1189 2970 prestolantem
1213 2910 1293 2964 vero,
1315 2893 1483 2952 laboriosas
1506 2899 1608 2950 noctes
1632 2891 1797 2960 subintulit,

80 2996 149 3052 cru,
165 2985 205 3052 5).
221 3004 236 3033 n
261 2984 316 3038 Et:
344 3002 358 3032 c
376 2979 529 3052 ingrediar
549 2981 581 3038 in
601 2979 702 3038 locum
725 2979 910 3038 tabernaculi
923 3021 945 3076 ο
964 2983 1037 3058 quia
1051 2999 1112 3056 quo
1127 2983 1225 3056 magis
1240 2999 1277 3040 ex
1290 2983 1418 3040 termino
1432 2982 1531 3055 operis
1541 2981 1700 3054 premium
1714 2980 1799 3054 quod

79 3069 284 3140 admirabilis,
301 3094 316 3122 n
344 3074 372 3128 et
396 3069 513 3144 reliqua
537 3071 597 3143 (Pr.
613 3087 672 3140 xnr,
685 3071 723 3144 5).
749 3069 908 3144 Sequitur:
965 3087 1166 3146 assequamur
1178 3071 1369 3146 inspicimus,
1386 3075 1430 3128 'eo
1452 3070 1549 3140 magis
1571 3069 1798 3140 ingemiscimus

78 3160 114 3216 Et
129 3161 420 3218 ecutmerrencrea
429 3161 908 3232 prestolaturtincmcperrsejnr.
964 3145 1018 3220 diri
1043 3177 1100 3218 nos
1123 3161 1255 3220 nescisse
1278 3160 1362 3235 quod
1388 3159 1560 3234 quaerimus·
1585 3161 1699 3224 Quanto
1718 3155 1799 3212 enim

79 3279 112 3290 -
136 3249 334 3308 llereenarius
356 3249 437 3306 enim
464 3248 549 3323 quod
576 3264 667 3321 grave
690 3248 849 3326 perpendit
873 3265 909 3306 ex
964 3251 1065 3310 verius
1081 3251 1120 3310 ad
1136 3254 1230 3308 lleum
1244 3249 1431 3319 revertimur,
1448 3251 1531 3306 tanto
1554 3246 1691 3304 subtilius
1712 3244 1798 3302 labo-

75 3353 173 3411 opere,
188 3339 254 3397 leve
267 3337 417 3398 existimat
426 3353 463 3395 ex
477 3338 728 3396 remuneratione.
741 3338 908 3414 Sicqnippe
963 3357 1011 3399 res
1020 3358 1098 3416 qnos
1118 3357 1173 3416 per
1187 3339 1388 3412 ignorantiam
1402 3339 1434 3396 in
1456 3339 1514 3396 hoc
1540 3337 1656 3396 mundo
1680 3335 1799 3410 pertuli·

75 3429 158 3502 quod
165 3429 267 3488 electis
274 3429 362 3487 valde
372 3444 439 3486 esse
449 3428 641 3503 importabile
653 3429 800 3488 exdolore
810 3433 909 3488 osten·
964 3447 1042 3488 mus.
1057 3429 1189 3488 dolendo
1199 3445 1375 3503 pensamus.
1393 3427 1531 3502 Sequitur
1548 3447 1554 3484 ε

75 3517 163 3588 ditur,
171 3517 411 3576 consideratione
423 3517 552 3592 provida
565 3534 603 3576 ex
614 3517 908 3588 remunerationele·
999 3522 1085 3576 Vens.
1100 3522 1128 3576 4.
1147 3519 1181 3576 Si
1194 3519 1345 3576 dommo
1357 3518 1477 3574 dicum:
1505 3517 1631 3584 Οιιαηάο
1653 3515 1797 3586 surpcml

62 3607 204 3679 vigans
215 3607 290 3665 ilinc
304 3611 350 3666 est
359 3607 444 3682 quod
453 3607 562 3666 ramus
573 3623 667 3682 quam
677 3609 714 3666 sit
723 3623 815 3682 greve
824 3607 909 3682 quod
962 3601 1797 3680 lterursumeaspcctaeoverpemm.-Siveroodsolam

74 3697 185 3770 petitur
198 3696 313 3755 indicat
324 3715 331 3766 ;
343 3719 357 3750 r«
369 3696 422 3772 qui
432 3696 463 3754 iu
473 3697 645 3755 caroenbus
654 3697 909 3769 abundantius,in
962 3693 1121 3754 historiam
1139 3695 1205 3754 htec
1219 3696 1313 3754 verba
1335 3701 1511 3771 pensantur,
1527 3709 1580 3768 per
1601 3695 1665 3751 brec
1679 3691 1797 3768 procul·

74 3783 171 3858 plagis
184 3801 278 3860 supra
291 3785 429 3855 modum,
443 3786 475 3844 in
498 3786 647 3846 mortibus
672 3787 843 3861 frequenter
865 3787 912 3859 (II
963 3782 1057 3841 dnbio
1072 3785 1192 3842 enimus
1206 3785 1334 3843 dolentis
1349 3785 1535 3860 exprimitur,
1546 3783 1673 3857 qualiter
1687 3799 1740 3856 per
1754 3781 1797 3838 di-

75 3875 142 3932 Gor.
155 3892 199 3948 11,
216 3877 261 3950 ³2)
275 3899 290 3927 n
305 3875 397 3932 tuisse
412 3879 545 3933 testatur.
569 3876 626 3944 Qui
646 3874 726 3934 ultra
748 3876 826 3934 vires
844 3891 910 3947 gra·
961 3873 1795 3947 versosmotusdesideriimoestitiaimpellentevarietur.

74 3969 177 4024 ratum
194 3981 226 4023 se
241 3965 465 4023 asseritdicens
482 3981 489 4021 :
506 3987 520 4016 a
536 3965 774 4039 supramodum
795 3965 910 4037 gravati
963 3961 1094 4019 lunocte
1103 3959 1795 4035 diesqueritur,indievesperumdestderatur,

74 4069 194 4124 sumus,
211 4051 470 4126 supravirtutem,
484 4051 525 4110 ita
549 4055 583 4108 ut
596 4051 718 4110 tederet
739 4067 795 4110 nos
819 4052 910 4110 etiam
963 4049 1037 4122 quia
1057 4049 1201 4105 nimirum
1224 4049 1311 4106 dolor
1335 4064 1398 4106 non
1416 4048 1560 4121 permittit
1587 4049 1705 4120 placere
1728 4062 1795 4118 qum

73 4143 173 4200 rivere
188 4139 317 4212 (licor.
333 4155 353 4211 1,
367 4140 408 4212 8);
426 4163 440 4190 ι
467 4139 522 4196 sed
539 4139 814 4198 remunerationem
838 4155 909 4198 con·
964 4137 1085 4194 adsunt.
1101 4137 1200 4194 Aliter.
1217 4139 1326 4196 Sancta
1346 4153 1468 4210 quoque
1489 4135 1619 4192 Ecclesia
1638 4150 1798 4207 quousque

74 4230 212 4288 sidereus
227 4228 270 4286 ait
286 4245 293 4284 :
309 4249 324 4279 ι(
340 4231 405 4286 Nou
420 4232 490 4286 sunt
504 4228 662 4301 condigno
677 4227 835 4304 passiones
855 4229 910 4287 hu·
964 4224 1058 4282 vitam
1082 4225 1282 4301 corruptionis
1304 4225 1397 4298 ducit,
1418 4225 1488 4282 llere
1509 4221 1714 4281 mutabilitatis
1735 4239 1796 4279 suae

72 4319 118 4389 jus
131 4317 278 4394 temporis
290 4317 330 4376 ad
341 4317 474 4376 futuram
488 4318 617 4390 gloriam
638 4335 708 4394 quae
729 4318 909 4376 revelabitur
964 4313 1151 4372 damnanon
1160 4315 1279 4374 desinit.
1288 4317 1330 4372 Ac
1342 4315 1366 4371 si
1382 4329 1453 4386 ergo
1468 4315 1549 4372 dicat
1563 4331 1569 4369 :
1586 4315 1618 4370 ln
1632 4327 1739 4370 somno
1751 4327 1796 4369 re-

73 4406 103 4462 in
116 4407 208 4466 nobis
219 4407 315 4481 (Rom.
333 4423 353 4478 t,
368 4407 422 4477 te).
439 4429 454 4459 ι
469 4407 608 4482 sequitur
623 4424 631 4464 ι
920 4377 945 4433 ⁰
965 4405 1180 4463 surrectionem
1187 4405 1336 4478 desidero,
1347 4406 1378 4462 in
1386 4405 1600 4464 resurrectione
1610 4419 1680 4461 vero
1690 4419 1795 4476 vespe-

108 4499 195 4555 vsss.
213 4501 240 4554 ³.
256 4497 307 4555 Sic
321 4503 349 4555 ct
363 4511 417 4568 eqo
432 4496 526 4554 Meet
547 4511 659 4556 menses
683 4513 803 4570 camos,
815 4503 842 4554 et
856 4511 908 4554 no-
962 4512 1032 4554 rum
1045 4501 1196 4571 exspecto,
1211 4495 1285 4570 quia
1298 4497 1401 4572 quieta
1414 4495 1588 4554 exercitium
1603 4495 1728 4552 actionis
1743 4510 1796 4568 ap-

75 4589 131 4640 ctcr
147 4585 314 4644 wbcrioscs
328 4586 501 4644 munerant
519 4585 603 4652 milti.
626 4616 662 4626 —
684 4584 773 4642 Electi
793 4585 907 4660 quippe
963 4589 1042 4660 peto,
1061 4591 1091 4644 et
1116 4586 1277 4644 exercitata
1290 4587 1386 4644 otium
1400 4585 1509 4659 quictis
1522 4601 1636 4659 quaero.
1653 4583 1795 4640 Conditus

75 4673 227 4732 conditori
238 4690 340 4732 rerum
364 4673 508 4744 serviunt,
530 4679 559 4731 et
579 4690 660 4749 saepe
680 4689 782 4734 rerum
804 4674 907 4748 inopie
962 4675 1075 4749 quippe
1090 4675 1182 4732 bomo
1197 4674 1303 4742 luerat,
1319 4677 1353 4731 ut
1368 4673 1409 4730 ab
1428 4688 1531 4729 amore
1556 4672 1723 4730 conditoris
1748 4671 1795 4726 sui

74 4765 323 4833 coangustantur.
347 4762 403 4830 oui
418 4761 508 4836 igitur
521 4779 575 4837 per
589 4762 722 4821 actiones
734 4777 805 4820 suas
829 4779 906 4836 prse-
962 4779 1121 4838 nunquam
1130 4763 1365 4820 declinaretsed
1375 4762 1405 4818 in
1418 4778 1454 4818 eo
1468 4761 1551 4836 quod
1562 4761 1672 4834 pedem
1687 4761 1726 4815 ad
1736 4759 1796 4814 cul·

75 4850 169 4908 senua
183 4867 247 4908 non
261 4857 410 4926 quaerunt,
422 4868 441 4910 a
455 4851 562 4910 mundi
579 4851 766 4926 compendiis
786 4867 907 4910 menses
961 4870 1035 4928 pam
1049 4853 1153 4922 movit,
1172 4868 1191 4909 a
1205 4852 1362 4909 dilectione
1371 4851 1538 4908 conditoris
1551 4852 1581 4906 in
1597 4849 1794 4923 semetipsum

74 4951 186 4997 vacuos
202 4941 328 5000 ducunt.
339 4945 574 5016 Noctesquoque
586 4941 754 5000 laboriosas
770 4941 905 5012 tolerant,
960 4942 1098 5018 protinus
1108 4941 1223 5010 cecidit,
1234 4945 1263 4998 et
1284 4941 1389 4998 salutis
1400 4958 1460 4997 sure
1480 4939 1683 4997 tortitudinem
1697 4939 1795 5013 perdi-

74 5025 125 5099 qui
139 5027 356 5088 adversitatum
371 5029 511 5090 tenebras
524 5047 586 5088 non
601 5031 699 5089 solum
723 5045 820 5105 usque
843 5031 907 5089 ino·
961 5031 1013 5089 dit.
1034 5030 1134 5099 Aliter,
1158 5029 1291 5088 Dormire
1314 5045 1447 5104 namque
1471 5030 1501 5086 iu
1528 5031 1657 5104 peccatis
1682 5030 1792 5102 jacere.

74 5113 908 5195 piam,sedssepeadcorporiscruciatumpcrtant.Potest
961 5119 1206 5190 llinoPaulusait;
1215 5119 1386 5192 «Evigilate,
1399 5119 1481 5192 justi,
1495 5121 1673 5194 »etreliqua
1686 5119 1792 5194 (ICor.

75 5203 164 5263 etiam
178 5221 243 5264 non
265 5207 509 5267 inconvenienter
521 5207 655 5280 intelligi,
679 5207 764 5282 quod
784 5211 907 5266 sanetus
960 5227 1011 5282 xv,
1023 5212 1079 5285 at).
1096 5213 1130 5268 Et
1141 5225 1262 5268 rursum
1279 5226 1286 5266 :
1301 5231 1315 5261 a
1333 5211 1436 5282 Surge,
1452 5210 1505 5284 qui
1516 5210 1641 5280 dormis,
1651 5213 1679 5266 et
1693 5223 1794 5264 exsur-

75 5291 204 5368 quisque
218 5311 338 5354 menses
360 5312 473 5354 vacuos
491 5297 568 5354 sicut
584 5297 790 5356 mercenarius
813 5294 905 5367 ducit,
960 5301 1177 5370 geamortuis‚
1193 5299 1381 5374 »etreliqua
1404 5301 1525 5371 (prcs.
1542 5318 1568 5364 v,
1600 5300 1654 5368 lt).
1678 5296 1792 5350 Electus

75 5381 124 5453 qui
137 5381 349 5458 laboremjam
364 5386 498 5457 susbnet,
514 5385 568 5442 sed
590 5385 751 5459 praemium
775 5383 907 5442 necdum
960 5389 1050 5460 igitur
1061 5389 1189 5464 quisque
1213 5405 1284 5446 cum
1304 5387 1419 5464 peccati
1443 5405 1563 5446 sommo
1576 5384 1731 5459 premitur,
1752 5383 1792 5441 ad

75 5475 162 5531 tenet.
170 5475 234 5532 Hoc
248 5475 369 5544 tolerat;
384 5475 458 5532 illud
468 5477 630 5548 exspectat.
653 5479 758 5534 Noctes
772 5489 844 5532 vero
862 5473 906 5531 la·
957 5478 1079 5550 justitiae
1092 5477 1206 5550 vigilias
1230 5493 1373 5550 exurgere
1389 5481 1524 5542 conatur,
1546 5473 1600 5528 sed
1620 5487 1696 5544 saepe
1721 5490 1791 5530 cum

75 5557 390 5634 bonosuenumeret,
404 5562 477 5636 quia
490 5563 684 5622 adversitates
703 5563 760 5622 sibi
780 5577 908 5639 pressen-
961 5567 1096 5636 surrexit,
1126 5567 1193 5642 ipsa
1219 5582 1250 5624 se
1277 5565 1377 5623 extolli
1411 5558 1617 5631 magnitudine
1647 5561 1790 5618 virtutum

78 5647 112 5706 lis
122 5653 267 5728 temporis
279 5655 311 5714 tu
324 5651 483 5713 virtutibus
497 5651 664 5718 exercendo
675 5656 840 5714 coacerva.
852 5655 907 5712 lir-
963 5655 1060 5716 sentit.
1078 5655 1161 5714 Unde
1171 5659 1201 5713 et
1212 5653 1318 5714 tentari
1328 5669 1360 5710 se
1373 5647 1528 5726 praesentis
1543 5647 1610 5705 vites
1630 5649 1790 5707 adversita-
