4120 6154
118 110 165 166 tii
507 107 660 166 nriroiin
679 107 868 168 nonaiiuii
887 107 916 164 S.
936 103 1040 166 (ΗΕΘ.
1059 105 1094 160 lN
1112 103 1185 164 JOB.
1204 133 1239 146 ·-
1258 105 1323 162 illi.
1344 103 1430 162 XXXI.

1767 106 1821 166 iia

117 237 167 290 tui.
182 229 226 285 dd
239 228 421 304 praeceptum
436 247 508 303 ergo
524 231 573 288 ilci
586 232 718 290 elevatur
733 232 846 308 aquila,
860 231 934 288 duni
951 227 1062 286 Alibet
1073 227 1154 284 enini
1175 227 1206 284 iii
1228 228 1286 284 hac
1306 227 1368 284 vita
1381 225 1498 300 positus
1509 224 1639 300 quisque
1653 225 1820 300 profecerit,

112 319 289 394 jussionibus
314 319 422 378 divinis
437 317 648 396 obtemperans
669 323 700 382 in
716 322 853 397 supernis
869 339 934 378 sus-
989 334 1044 374 nec
1058 322 1147 375 ileum
1163 333 1216 391 per
1232 315 1374 390 speciem,
1392 315 1445 374 sed
1470 331 1524 390 per
1548 315 1710 388 aenigmata
1728 321 1756 374 et
1768 333 1822 392 per

114 409 245 485 penditur
256 407 391 466 fidelium
406 411 485 480 vita;
510 427 578 484 quie
598 412 628 467 in
644 413 746 469 arduis
761 413 868 469 nidum
880 427 934 485 po·
990 407 1145 482 speculum
1161 407 1241 464 videt
1257 407 1285 475 (l
1298 407 1367 464 Cor.
1384 421 1445 476 iiiii,
1458 407 1511 476 ii).
1521 409 1562 462 Ac
1573 405 1598 462 si
1610 421 1681 478 ergo
1696 405 1820 466 diceret:

113 500 162 568 nit,
183 514 251 554 cnm
278 497 425 556 desideria
451 503 582 556 terrenas
603 500 785 574 despiciens,
801 517 854 574 spe
870 501 935 573 J'ani
988 496 1162 554 intentionis
1177 497 1274 554 aciem
1289 495 1401 554 fortiter
1416 495 1551 566 tendunt,
1560 496 1690 552 necdum
1700 495 1822 571 propin-

113 586 274 645 celestibus
288 587 426 658 nutritur,
437 592 466 645 et
479 589 696 646 habitationem
712 591 820 647 mentis
833 607 895 647 suia
905 590 936 646 in
989 599 1085 658 quum
1097 585 1256 658 aspiciunt,
1268 585 1353 657 cnjus
1369 583 1510 640 claritatis
1518 583 1758 654 magnitudinem
1769 601 1821 660 pe-

113 677 222 747 abjecta
243 679 273 732 et
299 675 419 734 infirma
442 680 669 738 conversatione
692 696 754 736 non
780 680 934 737 construit.
989 679 1106 731 netrare
1124 674 1308 731 laudabilem
1322 688 1517 747 nequaquam
1530 677 1668 746 possunt.
1685 674 1768 732 Libet
1783 673 1822 732 ed

113 766 180 820 Hinc
192 763 299 820 Paulus
313 764 371 822 ait:
399 788 412 816 «
427 769 532 824 Nostra
543 770 729 826 conversatio
748 769 778 826 in
798 769 879 826 coelis
894 773 939 826 est
989 763 1125 821 medium
1141 763 1223 822 lsaiae
1246 763 1339 820 verba
1363 762 1527 820 deducere:
1545 783 1559 812 a
1573 761 1628 828 Oui
1643 763 1779 820 ambulat
1791 763 1822 820 in

114 854 228 926 (Piiiip.
243 869 285 920 ιιι,
300 855 365 926 20);
393 859 422 911 et
440 871 579 912 rursum:
597 880 610 908 n
621 858 675 920 Qui
691 858 938 915 conresuscitavit
987 852 1118 925 justitiis
1132 852 1307 925 alloquitur
1324 852 1490 924 veritatem,
1503 850 1556 924 qui
1581 850 1700 924 projicit
1724 851 1839 908 avari·

113 947 138 999 et
158 941 317 998 consedere
338 942 406 1000 iecit
427 944 458 1000 in
484 945 656 1002 coelestibus
682 947 804 1018 (apres.
829 965 858 1016 ιι,
879 945 936 1019 ill.»
989 941 1062 998 tiam
1077 940 1288 1010 exealumnia,
1301 944 1329 996 et
1343 940 1452 996 excutit
1465 939 1726 996 manuassuasab
1739 939 1823 995 omni

112 1032 180 1088 Hinc
205 1030 338 1104 perfecta
363 1033 473 1090 animae
499 1036 636 1108 sequenti
664 1052 695 1093 se
719 1037 863 1094 Dominus
883 1052 937 1110 per
990 1046 1126 1088 munere.
1139 1031 1194 1094 Qui
1208 1029 1329 1086 obturat
1342 1045 1430 1088 aures
1445 1045 1515 1085 suas
1530 1044 1567 1086 ne
1586 1028 1689 1114 audiat
1703 1027 1823 1100 sangui-

110 1121 282 1195 propbctam
298 1121 387 1178 dicit:
413 1145 427 1172 κ
440 1124 599 1181 sustollam
613 1130 640 1181 te
655 1142 745 1200 super
764 1127 934 1184 altitudines
990 1136 1071 1188 nem,
1086 1123 1115 1178 et
1129 1118 1242 1176 claudit
1255 1118 1359 1176 oculos
1375 1134 1446 1174 suos
1459 1133 1496 1174 ne
1507 1115 1608 1174 videat
1620 1116 1733 1174 malum
1748 1117 1821 1188 (Iro.

111 1215 188 1266 terris
203 1211 275 1282 (lau.
291 1227 370 1279 iviii,
388 1213 464 1284 14).»
482 1214 639 1287 Sequitur:

142 1353 224 1410 Veis.
241 1357 287 1410 28.
310 1353 346 1410 In
367 1355 463 1425 petris
484 1362 595 1414 manet.
610 1385 646 1399 -·
666 1359 698 1412 lii
715 1373 800 1414 sacro
816 1357 936 1431 eloquio

109 1457 174 1498 eum
204 1437 348 1513 singulari
385 1459 511 1502 numero
547 1449 631 1519 petra
659 1449 842 1519 nominatur,
869 1445 936 1522 quis

109 1529 180 1587 alius
192 1549 287 1606 quam
309 1533 440 1591 Christus
463 1535 630 1608 accipitur?
646 1540 678 1595 ut
691 1542 737 1593 est
750 1535 839 1593 illud:
855 1559 869 1587 ι
886 1539 938 1594 Pe·

108 1624 150 1676 tra
163 1623 263 1677 autern
276 1628 339 1678 erat
354 1621 485 1680 Christus
501 1625 529 1692 (l
539 1624 606 1681 Cor.
620 1641 650 1694 x,
664 1627 701 1698 i).
716 1649 729 1676 ι»
744 1625 818 1682 Cum
834 1629 935 1684 autem

106 1705 257 1781 pluraliter
273 1711 462 1784 appellantur
487 1714 581 1769 saneti
605 1714 823 1788 exprimuntur,
839 1717 890 1788 qui
904 1713 936 1770 il-

105 1797 160 1853 lius
176 1798 283 1855 robore
299 1799 418 1858 solidati
438 1805 518 1857 sunt.
535 1801 609 1858 Hinc
624 1806 725 1859 Petrus
739 1804 797 1860 ait:
814 1807 871 1860 «Et
882 1817 936 1858 vos

106 1891 252 1959 tanquam
266 1887 381 1961 lapides
403 1889 461 1946 vivi
476 1889 704 1946 coaedificamini
728 1891 835 1948 domos
855 1889 938 1964 spiri-

105 1975 246 2047 malasti
257 1978 340 2034 Patr.
356 1993 384 2044 ii,
399 1979 455 2048 5)·“
471 1981 528 2034 ista
551 1982 653 2034 autem
675 1979 777 2052 aquila
798 1981 830 2034 in
842 1980 937 2048 petris

103 2069 230 2120 manere
245 2064 361 2134 dieitur,
377 2066 451 2138 quia
476 2066 507 2122 in
529 2066 614 2122 dictis
629 2067 822 2139 antiquorum
837 2071 865 2124 et
879 2067 938 2124 ior-

105 2153 182 2209 tium
206 2155 328 2210 Petrum
348 2154 457 2212 mentis
472 2155 598 2212 statione
613 2155 794 2224 collocatur:
823 2157 938 2212 etdum

104 2255 156 2297 eos
169 2241 210 2296 ad
235 2241 414 2298 memoriam
428 2241 552 2314 reducit,
565 2243 596 2299 in
619 2243 794 2300 celsitudine
818 2243 938 2300 illorum

104 2329 288 2386 tortitudinis
301 2330 409 2386 nidum
423 2330 479 2388 sibi
492 2331 636 2387 construit
649 2335 760 2388 sanctia
771 2332 938 2390 meditatio·

104 2418 159 2474 nis.
176 2419 306 2474 Possunt
319 2418 410 2476 etiam
428 2423 519 2491 petrae
543 2420 664 2476 nomine
686 2419 830 2476 sublimes
845 2421 937 2476 virtu-

105 2511 168 2562 tum
183 2506 350 2564 coelestium
373 2511 534 2580 potestates
556 2507 689 2577 intelligi,
705 2524 774 2581 quae
793 2507 874 2566 velut
889 2525 939 2582 pe-

106 2599 155 2652 trae
183 2595 216 2652 in
244 2595 358 2667 arduis,
377 2596 417 2654 ita
443 2596 482 2653 ab
510 2597 593 2655 omni
622 2601 707 2653 motii
730 2597 938 2655 mutabilitatis

105 2683 208 2740 alienae
238 2691 317 2748 sunt,
337 2689 366 2741 et
390 2683 430 2740 ad
457 2684 636 2741 soliditatem
664 2684 732 2740 fixas
755 2684 938 2742 celsitudinis

105 2772 182 2845 ipsa,
198 2773 248 2830 eui
275 2773 422 2830 inboerent
444 2774 606 2831 eternitate
629 2774 805 2830 duruerunt.
820 2775 868 2830 Vir
882 2776 936 2832 ita-

107 2879 164 2934 que
180 2867 305 2919 sanctus
320 2879 389 2919 euin
407 2867 523 2920 terrena
535 2863 672 2937 despicit,
684 2879 768 2920 more
783 2879 814 2920 se
830 2864 938 2938 aquilae

105 2951 144 3008 ad
156 2951 263 3010 altiora
280 2952 447 3026 suspendit,
462 2957 491 3008 et
510 2969 564 3026 per
578 2951 838 3026 contemplationis
854 2953 938 3026 spiri-

103 3045 164 3098 tum
198 3041 386 3110 sublevatus,
413 3058 577 3116 perennem
604 3041 782 3112 angelorum
811 3042 938 3114 gloriam

100 3132 241 3206 praestolet
251 3137 306 3201 tur,
323 3135 414 3206 aque
434 3123 504 3190 huie
526 3131 642 3189 mundo
656 3133 768 3204 hospes
782 3132 833 3189 illa
847 3148 938 3206 appe·

100 3221 281 3295 tendoque
304 3221 419 3294 aspicit,
433 3220 497 3291 jnm
523 3219 554 3276 in
570 3219 750 3278 sublimibus
765 3219 874 3290 figitur.
892 3223 939 3278 Se-

100 3310 218 3383 quitur:
233 3309 280 3368 Ei
300 3310 332 3366 in
351 3308 517 3380 preceptis
530 3309 665 3366 silicibus
680 3315 883 3366 commoratur
896 3313 940 3366 at-

101 3416 156 3472 que
169 3401 335 3458 inaccessis
359 3399 495 3470 capitia.
512 3429 547 3440 -
570 3398 713 3472 riarupii
739 3398 849 3456 scilicet
870 3401 940 3454 sunt

990 1225 1094 1276 xxxiii,
1111 1209 1181 1282 15).»
1199 1211 1233 1265 Et
1243 1208 1334 1265 item:
1351 1210 1428 1264 «iste
1441 1207 1472 1264 in
1487 1205 1610 1264 excelsis
1622 1205 1747 1276 habitat,
1758 1222 1823 1262 mu·

990 1298 1126 1356 nimenta
1149 1313 1293 1354 saxorum
1315 1295 1484 1354 sublimitas
1500 1295 1575 1366 ejus,
1588 1293 1677 1368 panis
1691 1295 1719 1352 ei
1732 1294 1822 1352 datus

990 1392 1050 1456 est;
1065 1403 1153 1461 aquae
1173 1388 1239 1458 ejus
1261 1386 1365 1444 fideles
1381 1389 1459 1442 sunt.
1476 1388 1587 1456 Regem
1600 1385 1632 1441 in
1646 1383 1754 1442 decore
1768 1400 1823 1442 sno

990 1476 1111 1546 videbit,
1124 1475 1203 1532 oculi
1217 1476 1283 1548 ejus
1307 1478 1429 1532 cernent
1448 1479 1559 1530 terram
1585 1473 1623 1530 de
1647 1473 1736 1544 longe
1751 1473 1821 1546 (Ian.

989 1582 1049 1636 iiii,
1067 1565 1147 1638 17).»
1169 1566 1201 1620 ln
1224 1563 1348 1620 excelsis
1368 1579 1502 1636 namque
1518 1561 1653 1620 habitare
1667 1567 1713 1618 esi
1728 1577 1779 1619 cor
1792 1561 1823 1618 in

990 1655 1159 1712 coelestibus
1175 1670 1302 1728 ponere:
1322 1657 1351 1710 et
1365 1651 1554 1710 munimenta
1571 1667 1714 1707 saxorum
1730 1649 1821 1706 subli-

990 1743 1078 1800 mitas
1103 1749 1207 1801 nostra
1231 1747 1285 1810 est,
1301 1758 1370 1798 euin
1398 1740 1521 1798 tortium
1545 1741 1665 1796 t‘atrum
1684 1737 1824 1812 exempla

990 1831 1179 1904 respicimus,
1193 1830 1342 1902 castrique
1357 1828 1530 1885 coelestibus
1542 1825 1719 1898 jungimur:
1735 1840 1823 1898 aqua

991 1920 1095 1976 fideles
1111 1925 1191 1992 sunt,
1207 1919 1279 1994 quia
1303 1918 1396 1975 verba
1410 1919 1477 1974 vite
1492 1915 1576 1990 quod
1602 1920 1670 1974 ante
1694 1919 1823 1972 mortem

992 2008 1155 2078 insinuant,
1170 2009 1228 2064 hoe
1251 2008 1343 2066 etiam
1371 2010 1439 2080 post
1462 2008 1591 2062 mortem
1616 2004 1824 2062 demonstrant

992 2097 1080 2170 panis
1095 2097 1120 2154 ei
1136 2097 1234 2170 datur,
1248 2113 1318 2154 cum
1340 2093 1593 2168 contemplatione
1606 2092 1757 2162 refieitur;
1779 2108 1823 2150 re-

993 2204 1062 2259 gem
1084 2187 1115 2243 iii
1140 2187 1247 2243 decore
1272 2201 1328 2241 suo
1343 2185 1453 2251 vident,
1470 2183 1542 2256 quia
1557 2182 1634 2238 ultra
1648 2181 1823 2256 semetipsos

992 2274 1081 2348 rapti,
1096 2273 1208 2355 inipso
1223 2272 1341 2330 deitatis
1355 2271 1470 2342 iiilgore
1485 2269 1589 2326 oculos
1604 2269 1704 2327 cordis
1716 2269 1822 2340 ligimt.

994 2363 1149 2436 Sequitur:

1027 2455 1114 2509 vass.
1131 2455 1175 2510 30.
1190 2452 1277 2508 Palla·
1297 2452 1362 2521 ejus
1387 2449 1518 2506 amboni
1532 2447 1720 2518 sanquinem.
1736 2475 1771 2488 -
1783 2445 1824 2500 Ac

993 2542 1016 2597 si
1032 2546 1132 2616 aperte
1158 2541 1322 2596 diceretur:
1349 2544 1416 2612 ipsa
1431 2537 1554 2610 quidem
1570 2531 1824 2608 contemplatione
1877 2527 1881 2547 '

991 2630 1152 2688 divinitatis
1167 2630 1310 2704 pascitur,
1324 2627 1377 2686 sed
1391 2627 1462 2700 quia
1481 2626 1634 2683 auditores
1655 2625 1721 2698 ejus
1733 2623 1825 2680 deita-

992 2720 1028 2776 tis
1040 2719 1193 2792 percipere
1217 2734 1328 2775 arcana
1343 2732 1540 2790 nequaquam
1560 2719 1697 2790 possunt,
1713 2711 1824 2786 cogniti

993 2807 1126 2864 crucifixi
1135 2807 1252 2864 Domini
1263 2822 1368 2862 cruore
1381 2805 1538 2862 satiantur.
1553 2803 1737 2872 Sanguinem
1751 2802 1825 2860 iam-

993 2897 1074 2965 bere,
1099 2899 1143 2952 est
1167 2894 1318 2968 passionis
1344 2892 1506 2950 Dominieaa
1532 2891 1654 2947 infirme
1676 2889 1823 2946 venerari.

992 2981 1066 3042 Hinc
1090 2983 1198 3040 Paulus
1224 2981 1377 3056 discipulis
1391 2980 1448 3038 ait:
1477 2983 1569 3036 «Non
1594 2979 1674 3036 enini
1693 2977 1826 3048 judicavi

991 3090 1041 3131 nie
1054 3072 1144 3130 scrire
1159 3070 1273 3144 aliquid
1286 3069 1362 3126 inter
1383 3084 1448 3138 vus,
1464 3067 1521 3125 nisi
1541 3069 1643 3122 lesum
1662 3064 1824 3132 Christum,

992 3168 1021 3220 et
1041 3164 1123 3220 buno
1142 3159 1319 3218 crucifixum
1340 3158 1370 3230 tl
1393 3158 1462 3216 Gar.
1477 3163 1509 3225 ii,
1528 3156 1589 3228 2).»
1610 3153 1749 3226 Sequitur
1763 3170 1770 3210 :
1785 3152 1826 3208 lit

992 3254 1161 3324 ubicunque
1175 3249 1305 3308 cadaver
1315 3248 1422 3318 suerit,
1437 3249 1540 3304 stettin
1552 3244 1683 3302 citest-
1693 3241 1826 3300 Cadaver

992 3339 1105 3413 quippe
1120 3355 1139 3396 a
1152 3353 1227 3394 casu
1237 3335 1354 3392 dieitur.
1363 3337 1396 3392 iit
1408 3349 1470 3390 non
1484 3332 1634 3390 immerito
1648 3345 1758 3404 corpus
1772 3331 1827 3386 ilo·

993 3428 1067 3486 mini
1081 3433 1203 3501 propter
1214 3441 1320 3484 casum
1333 3424 1449 3494 mortis,
1459 3422 1587 3480 cadaver
1602 3424 1737 3478 vocatur.
1753 3418 1826 3476 Hinc

102 3489 142 3546 iffi
170 3489 331 3592 [muisimi
359 3487 537 3560 ⁸⁰3³¹⁰fflm
566 3488 666 3588 ⁰¹¹⁰ss
691 3488 765 3588 quia.
793 3503 866 3588 W?
892 3503 940 3586 ⁰9¹
993 3517 1059 3590 ipsa
1073 3517 1184 3574 Veritas
1199 3515 1258 3572 ait:
1283 3511 1485 3586 «Ubicunque
1509 3510 1597 3568 luerit
1619 3524 1739 3584 corpus,
1755 3507 1825 3564 illuc

102 3597 170 3638 rum
197 3579 316 3648 occidit,
331 3595 402 3653 pars
423 3594 494 3636 vero
518 3580 671 3634 remansit.
689 3579 743 3644 Oui
758 3581 865 3647 integri
877 3592 941 3650 qm-
993 3605 1258 3678 congregabuntur
1268 3607 1298 3661 οἱ
1310 3601 1420 3676 aquilae
1435 3602 1558 3674 (Hm
1574 3615 1659 3668 mv,
1676 3599 1750 3670 43„
1765 3596 1825 3654 ffi-

103 3669 175 3772 dem.
188 3674 273 3728 stam
286 3683 340 3769 ΡΨ
362 3668 542 3767 qualitatem.
554 3666 660 3734 ΜΨ
677 3666 731 3724 sed
750 3666 872 3740 ’Πρωὶ
887 3682 942 3736 ΙΨ·
993 3701 1055 3754 tei:
1073 3696 1176 3754 Omnis
1191 3693 1272 3750 enim
1287 3693 1339 3766 qui
1354 3693 1385 3748 in
1399 3690 1515 3765 peceati
1528 3693 1657 3746 mortem
1676 3686 1824 3756 ceciderit,

103 3776 176 3816 mem
206 3761 381 3856 quanume.
402 3761 565 3854 prmum*
595 3761 717 3830 pmpwr
753 3757 832 3812 h³⁰⁰
867 3771 941 3853 ΡΨ·
994 3802 1056 3846 non
1069 3783 1310 3841 inconvenienter
1335 3781 1443 3854 poterit
1465 3779 1595 3838 cadaver
1609 3777 1718 3834 vocari.
1735 3775 1826 3842 Quasi

102 3848 279 3922 ruptionem
303 3845 450 3902 mediator
464 3848 553 3912 venit,
569 3848 602 3900 ut
623 3859 799 3914 mensuram
814 3843 941 3900 coelsstis
995 3873 1141 3934 exanimis
1156 3887 1290 3944 namque
1301 3871 1391 3943 jace„
1407 3869 1459 3942 qui
1481 3867 1604 3940 justum
1622 3863 1826 3922 vivificantem

101 3939 209 4010 pamm
238 3935 416 4035 l⁰pupl⁰fiu⁸
443 3934 581 4034 somffffl.
594 3932 771 4034 minari&
801 3932 880 4032 Hm,
903 3933 941 3990 ‘¹⁰
996 3963 1134 4036 spiritum
1148 3975 1211 4016 non
1225 3959 1334 4028 habet:
1356 3960 1477 4014 sanctus
1491 3959 1592 4011 autem
1605 3953 1735 4026 quisque
1749 3968 1826 4025 prie-

100 4029 189 4124 ΡΨ
215 4024 342 4122 ἀίῨῙΨΗ
366 4045 380 4074 “
394 4025 606 4119 pr⁰p⁰⁵u¹t.¹¹¹
620 4037 656 4078 ⁰⁰
671 4037 703 4078 ¹¹²
717 4021 940 4119 d¹⁸p⁸¹¹⁸f³²¹⁰¹3⁰
996 4053 1121 4120 dicator,
1150 4048 1219 4104 illuc
1244 4044 1464 4120 praedicationis
1486 4041 1610 4098 utilitate
1642 4037 1745 4110 tendit,
1774 4038 1827 4096 ubi

99 4111 304 4188 plemam
336 4113 517 4210 .¹⁰mp(.³mm
558 4111 725 4207 mimum
770 4123 882 4207 mina.
910 4125 940 4164 ¹¹¹
996 4140 1142 4216 prodesse
1156 4135 1311 4211 prospicit,
1325 4137 1357 4190 ut
1371 4149 1409 4190 ex
1431 4147 1467 4190 eo
1482 4129 1566 4204 quod
1578 4129 1643 4202 jam
1657 4125 1828 4201 spiritaliter

101 4203 236 4268 Obristo,
251 4215 320 4273 quas
333 4215 364 4255 in
379 4197 504 4298 coeliset
515 4213 586 4298 quae
601 4211 632 4251 in
648 4201 724 4297 terra
738 4200 808 4252 sunt
829 4211 941 4269 inipso
961 4213 1078 4298 ovim,
1105 4227 1170 4285 aliis
1194 4227 1225 4282 in
1244 4228 1339 4282 mom
1363 4237 1419 4280 sua
1439 4218 1610 4292 jaoenfihus
1632 4216 1738 4292 prosi,
1754 4219 1829 4274 Em

102 4293 229 4366 (Ep'm'
244 4307 266 4358 ¹'
279 4295 306 4361 θ’
323 4289 400 4361 ¹⁰)'”
415 4290 825 4387 ¹9⁸¹³n³mf¹¹m¹n³⁰⁰⁰⁵ffae
840 4301 939 4358 ruffi
997 4320 1110 4394 quippe
1135 4319 1287 4390 justorum
1314 4317 1368 4381 est,
1395 4309 1550 4370 conversio
1574 4313 1776 4382 peccatorum,
1789 4305 1828 4364 de

102 4383 192 4440 ltordi
206 4380 290 4438 enim
303 4381 496 4453 peccatorum
507 4377 667 4476 bominum
685 4375 773 4434 valde
787 4391 942 4432 inaccessa
996 4425 1058 4482 qua
1068 4407 1193 4466 dicitur:
1210 4427 1224 4456 «
1240 4401 1411 4478 operamini
1425 4415 1487 4458 non
1503 4398 1604 4456 eibum
1612 4397 1666 4472 qui
1680 4397 1766 4471 pem·
1775 4393 1829 4454 sed

102 4479 147 4530 est
162 4471 288 4529 claritas
310 4467 498 4539 angelorum,
515 4479 586 4539 quia
605 4465 708 4538 quoad
730 4464 857 4538 pulchra
880 4480 942 4520 eoi·
997 4498 1050 4572 qui
1063 4499 1220 4568 permane,
1242 4494 1274 4552 in
1297 4493 1390 4552 vitm
1413 4495 1557 4548 mmm
1576 4488 1676 4554 Hom
1693 4503 1732 4553 Ἦ,
1746 4485 1828 4556 m„

102 4561 223 4634 walia
238 4557 355 4662 ⁰9⁰idjt’
370 4573 406 4615 ⁶⁰
429 4555 610 4630 “spirituali
629 4554 727 4627 ⁵9⁰⁰i⁰
742 4553 941 4610 ⁰⁰¹¹l⁰³⁰¹⁸¹b
998 4589 1125 4646 Sanctus
1140 4585 1242 4658 itaqua
1256 4582 1311 4640 tob
1335 4583 1420 4638 tanta
1444 4579 1502 4634 bae
1521 4575 1705 4634 districtione
1719 4571 1828 4644 flagelli

103 4653 151 4710 ΒΗ·
168 4653 332 4725 S⁰q¹²¹m¹²
998 4691 1060 4734 non
1072 4673 1231 4732 estimavit
1244 4670 1348 4742 augeri
1358 4667 1414 4726 sibi
1427 4659 1546 4732 inedia,
1562 4663 1616 4720 scd
1630 4662 1702 4720 vitia
1716 4675 1829 4718 reseca·

139 4777 226 4834 Veiis.
241 4775 288 4832 29.
308 4767 382 4832 Inde
395 4773 732 4842 conienpicinrescam.
747 4801 781 4810 -
792 4767 825 4826 ld
837 4769 890 4836 est,
905 4779 941 4824 ex
998 4767 1033 4826 ri.
1048 4767 1119 4831 Quas
1134 4763 1207 4836 quia
1231 4761 1262 4816 iii
1284 4775 1315 4816 se
1331 4755 1415 4814 nulla
1428 4752 1579 4825 cognovit,
1596 4765 1773 4824 percussum
1786 4748 1830 4808 in·

102 4861 161 4924 illis
178 4865 284 4924 choris
296 4859 439 4935 angelicis
454 4861 547 4919 tendit
561 4859 683 4918 oculum
699 4857 806 4915 mentis
818 4855 858 4915 ad
872 4871 942 4913 con·
997 4855 1122 4927 justese
1136 4849 1270 4916 eredidit,
1286 4851 1315 4904 et
1328 4843 1543 4920 percutientem
1566 4855 1691 4915 prorsus
1704 4853 1829 4912 arguere

103 4947 456 5030 templandamgloriam
469 4962 607 5024 superna
619 4947 941 5020 majestatis,quianon
998 4949 1043 5002 est
1057 4942 1094 4998 de
1116 4937 1307 5014 percussione
1332 4947 1531 4991 murmurare.
1554 4929 1752 4989 considerans
1778 4943 1830 4986 eu·

102 5047 168 5102 visu
182 5045 289 5103 adhuc
301 5042 400 5112 esurit,
416 5051 478 5114 qna
499 5039 623 5096 tandem
636 5037 701 5094 risa
716 5035 848 5093 sadatur.
866 5031 941 5093 Scri·
998 5033 1058 5086 tem
1074 5027 1218 5084 Dominus
1230 5023 1313 5096 quod
1327 5037 1364 5079 aa
1378 5035 1446 5095 quaa
1460 5019 1593 5094 protulit,
1604 5033 1666 5075 non
1679 5033 1716 5074 ex
1730 5021 1828 5114 tunin-

102 5141 193 5208 ptum
213 5133 330 5208 quippe
353 5135 410 5188 est:
436 5131 518 5186 «Pro
532 5141 568 5186 eo
582 5127 667 5201 qnod
680 5125 943 5184 laboradtanlma
997 5133 1029 5176 re
1044 5114 1203 5190 superbier,
1220 5113 1273 5170 aad
1297 5127 1334 5172 ex
1357 5109 1500 5185 qualitate
1515 5105 1764 5180 codegeratvite,
1779 5115 1828 5174 pia

102 5224 182 5295 ejus,
197 5221 312 5280 videbit
332 5223 361 5277 et
384 5217 541 5276 mdabitur
562 5218 631 5290 (lia.
654 5231 714 5288 ini,
731 5214 813 5286 11).»
833 5215 866 5270 Et
879 5229 942 5270 rui·
996 5207 1082 5264 illuni
1093 5206 1239 5278 increpat,
1255 5201 1358 5260 dicens
1370 5201 1445 5275 (⁶5)²

103 5329 196 5369 sum:
213 5309 321 5366 «Beati
334 5308 387 5382 qui
401 5306 567 5376 esuriunt‚»
581 5310 635 5362 ete.
645 5305 765 5377 (diutili.
780 5319 809 5372 v,
819 5307 845 5369 a,
859 5301 899 5374 8.)
910 5303 944 5358 lit
1033 5295 1123 5352 Vens.
1143 5293 1187 5352 32.
1202 5291 1349 5363 Nunqaid
1362 5292 1415 5364 qni
1428 5288 1580 5385 contendit
1598 5297 1665 5342 cam
1676 5281 1748 5347 Dec,
1766 5281 1828 5336 tem

103 5401 198 5458 item:
216 5397 326 5456 «Beati
340 5395 456 5454 mundo
472 5395 667 5462 cordanetc.
683 5389 943 5464 iiiiaaissqui·
995 5383 1245 5459 facilequa'escit‘l
1262 5383 1363 5454 utique
1385 5380 1437 5451 qni
1459 5378 1563 5474 orauit
1586 5373 1680 5468 dacin
1703 5365 1787 5426 dedet
1801 5371 1829 5466 et

103 5497 154 5550 tur
165 5509 172 5548 ι
191 5491 284 5548 ocuti
296 5491 361 5560 aas
374 5487 412 5544 de
423 5485 719 5557 mendacitatem.
730 5511 763 5526 -·
779 5483 943 5550 Quantum·
996 5476 1176 5548 respondere
1196 5473 1246 5531 i'tli
1257 5472 1271 5528 ‘t
1283 5501 1319 5512 -
1331 5473 1373 5528 aa
1387 5467 1412 5524 si
1425 5467 1557 5538 apertius
1584 5457 1731 5518 dicaretur
1745 5475 1752 5514 :
1775 5456 1829 5518 Qui

102 5625 104 5630 ’
142 5619 204 5688 ion)
215 5611 345 5674 Praeterit
356 5613 460 5672 auctor
479 5603 558 5669 Vera.
575 5610 619 5680 tl,
633 5607 687 5667 ubi
703 5607 821 5686 sleziae
836 5603 947 5684 adtecd
960 5599 1104 5661 mainus
1116 5604 1144 5659 et
1159 5597 1276 5657 locatas
1288 5597 1332 5653 est
1343 5589 1384 5650 ad
1394 5581 1460 5647 roi.
