4106 6148
118 119 172 182 eae
366 91 368 96 ’
544 175 546 180 .
744 109 919 192 rrrsroen
937 108 981 176 111
998 107 1207 173 Pulvunera.
1776 125 1830 192 tro

117 221 156 278 sit
167 235 223 295 pro
237 219 422 278 coniectione
436 219 575 281 chrisma
588 217 636 276 rcl
650 217 812 283 oblatione,
828 222 857 274 et
868 215 945 274 ordi·
1003 216 1166 276 venerabili
1177 221 1360 279 monasterio
1380 222 1555 294 regulariter
1572 227 1784 300 promovendis
1798 229 1829 286 in

117 311 238 368 natione
251 310 484 385 presbiterorum
500 325 554 365 seu
564 308 773 373 diaconorum,
784 312 813 364 et
827 305 946 363 subdia·
1002 309 1190 380 perpetuum.

117 415 274 469 cenorum,
293 405 322 458 et
343 399 447 458 altaria
469 398 708 456 conscaraudum
728 393 946 471 qualemvobis
1037 395 1186 460 Quoniam
1200 395 1251 470 pia
1266 395 1612 474 sollieitudineeonvenit
1626 422 1749 484 nospro
1765 405 1830 466 uni-

6 509 9 544 l
116 490 262 565 placuerit
294 489 470 562 episcopum
495 487 693 546 invitandum.
709 490 862 560 dymnum
878 498 947 540 vero
1000 481 1095 539 versis
1110 483 1161 542 Dei
1177 485 1313 544 Ecclesiis
1325 504 1443 564 semper
1457 489 1658 566 invigilarem
1672 499 1734 554 tota
1744 513 1830 557 men·

6 581 10 636 1
117 579 288 652 angelicum
302 595 356 654 per
382 578 444 636 dies
459 577 630 634 Dominicos
654 581 684 636 et
709 575 836 636 testibus
864 572 962 631 omni-
1001 567 1037 628 tis
1063 570 1227 632 intentione
1251 575 1468 636 venerabilium
1492 579 1629 638 locorum
1650 579 1830 658 integritates

10 684 13 730 e
116 673 251 742 tempore
266 667 306 724 ed
320 667 482 724 missarum
497 665 650 722 solemniis
663 665 826 722 dicendum
839 677 947 720 conec·
1001 674 1174 736 procurare,
1189 661 1257 721 ideo
1272 665 1395 722 utilitate
1422 665 1551 738 illorum,
1568 673 1596 727 et
1622 671 1753 730 maxime
1775 689 1831 750 pro

115 757 228 826 dimus,
240 760 268 812 et
281 756 368 813 liceat
381 755 467 813 vobis
481 753 602 828 signum
616 753 737 832 pulsare
745 757 808 812 tam
821 753 853 810 in
867 751 947 809 diur·
1001 749 1101 822 quiete
1118 753 1348 824 monachorum,
1371 759 1512 830 optamus
1534 756 1670 816 subsidia
1685 761 1830 834 conterre,

8 871 12 908 ς
115 845 174 913 nis,
191 860 285 918 quam
308 843 339 900 in
353 844 507 901 nocturnis
532 843 614 900 horis
629 842 754 920 quando
781 841 868 900 vobis
881 839 947 915 pla·
1002 843 1034 894 ut
1048 839 1156 896 divinae
1172 841 1367 900 misericodiae
1380 847 1650 904 remunerationem
1665 849 1696 906 in
1710 849 1832 909 sidereis

6 957 11 996 ;
115 933 296 998 auaritiam
309 932 341 989 in
362 933 428 1005 J'am
449 933 528 990 dicto
549 933 743 1004 monasterio,
759 943 853 1006 quam
875 927 948 986 etin
1002 925 1121 984 arcibus
1135 945 1369 1004 consequamur.
1385 932 1476 1002 Igitur
1488 933 1559 1006 quia
1574 933 1688 1010 petistis
1702 933 1830 1002 anobis,

6 1049 12 1086 ÷
114 1021 196 1082 cellis
211 1023 288 1096 ejus,
305 1023 333 1079 et
343 1021 444 1078 nullus
459 1023 620 1098 episcopus
630 1021 789 1090 prohibeat
801 1017 948 1094 populum
1004 1019 1038 1073 ut
1052 1017 1268 1076 monasterium
1279 1019 1360 1078 beati
1374 1020 1521 1080 Vincentii
1528 1025 1679 1097 martyris,
1687 1041 1749 1082 una
1761 1041 1832 1084 cum

6 1139 10 1176 ς
115 1111 168 1168 lici
181 1107 309 1182 ingredi,
324 1109 432 1167 tamin
452 1109 644 1174 monasterio,
661 1125 756 1186 quam
771 1107 844 1164 etin
869 1104 949 1162 cellis
1003 1105 1146 1164 omnibus
1159 1108 1215 1165 sihi
1227 1110 1454 1186 pertinentibus,
1467 1113 1664 1184 monasteriis,
1677 1113 1767 1188 cellis,
1783 1132 1832 1174 ca·

9 1242 15 1254 .
115 1199 178 1256 suis
200 1198 239 1256 ad
249 1197 435 1256 audiendum
450 1197 576 1256 verbum
587 1198 648 1254 Dei.
663 1197 788 1270 Insuper
800 1193 889 1252 etiam
901 1209 951 1250 vo-
1004 1195 1101 1272 pellis,
1127 1198 1219 1263 terris,
1241 1203 1269 1256 et
1287 1199 1426 1270 castellis,
1447 1199 1550 1272 serris,
1567 1207 1596 1260 et
1621 1202 1746 1276 ancillis,
1761 1221 1832 1262 cum

6 1319 12 1357 2
111 1288 216 1345 lumus
239 1291 273 1344 ut
286 1285 389 1344 nullus
402 1287 562 1363 episcopus
574 1290 740 1362 praesumat
762 1284 792 1341 in
805 1282 951 1358 jamdicto
1006 1286 1151 1342 universis
1164 1262 1381 1345 redditiom'hus
1396 1288 1458 1346 suis
1468 1289 1739 1363 subjurisdictione
1748 1308 1833 1349 sanc·

6 1411 11 1448 ι,
112 1375 307 1444 monasterio,
321 1373 369 1432 vel
380 1375 411 1432 in
427 1375 568 1448 subjectis
584 1376 645 1432 suis
664 1373 796 1432 ecclesiis
809 1371 950 1430 sacerdo·
1005 1377 1042 1430 tae
1070 1377 1214 1434 Romanae
1229 1375 1376 1441 Ecclesia,
1393 1377 1440 1434 cui
1455 1381 1515 1436 lieo
1534 1384 1656 1436 auctore
1675 1381 1833 1451 servimus,

6 1499 14 1538 ρ
111 1471 156 1524 tes
180 1464 454 1533 excommunicare,
470 1465 518 1522 vel
532 1463 572 1522 ed
591 1463 744 1538 synodum
770 1475 949 1536 provocare,
1006 1464 1100 1520 nostri
1121 1463 1266 1539 privilegii
1295 1465 1469 1525 auctoritate
1492 1465 1689 1538 muniremus,
1710 1468 1831 1542 idcirco,

6 1591 8 1626 ,
112 1559 166 1614 aut
178 1554 330 1623 abbatem,
346 1555 375 1611 et
386 1553 554 1611 monaches
569 1551 623 1628 qui
632 1551 745 1609 ibidem
758 1551 788 1607 in
811 1554 948 1622 tempore
1005 1551 1067 1621 tibi,
1097 1551 1216 1627 tuisque
1249 1555 1471 1612 successoribus
1505 1553 1644 1628 legitimis
1671 1556 1832 1616 abbatibus

6 1681 14 1718 ,
113 1643 209 1716 luerit,
222 1643 309 1702 liceat
319 1641 409 1702 ctiam
421 1642 508 1701 vebis
518 1639 670 1712 clericum,
683 1639 945 1708 seusacerdotem,
1004 1635 1079 1696 illud
1094 1639 1288 1698 concedimus
1302 1641 1508 1716 detinendum,
1523 1646 1556 1702 ut
1576 1643 1688 1702 nullius
1711 1645 1832 1704 alterius

6 1775 10 1810 7
111 1733 161 1793 vel
181 1733 354 1804 diaconum,
369 1750 422 1790 scu
438 1733 660 1790 subdiaconum
684 1731 722 1788 de
743 1729 946 1806 qualicunque
1002 1728 1139 1787 Ecclesiae
1147 1729 1311 1788 ditionibus
1321 1731 1523 1801 submittatur,
1539 1731 1593 1790 sed
1607 1749 1677 1790 cum
1689 1731 1832 1793 omnibus

6 1863 15 1900 ς
114 1823 293 1900 episcopatu
320 1821 408 1879 luerit
430 1822 583 1896 suscipere
609 1821 649 1878 ab
671 1817 884 1890 habitandum,
899 1815 948 1874 vel
1001 1817 1058 1874 sibi
1080 1817 1224 1894 subjectis
1248 1819 1446 1888 monasteriis,
1463 1826 1492 1878 et
1515 1820 1605 1892 cellis,
1616 1819 1753 1879 videlicet
1766 1838 1833 1878 mo-

113 1911 326 1972 monachicum
336 1909 475 1968 habitum
487 1909 694 1987 recipiendum
704 1925 773 1965 cum
786 1908 877 1966 rebus
885 1905 947 1964 suis
999 1907 1164 1965 nestorium
1177 1907 1259 1966 beati
1296 1905 1372 1966 Petri
1396 1907 1523 1982 apostoli
1538 1909 1671 1986 positum
1682 1911 1769 1987 juxta
1779 1909 1834 1968 tlu-

6 1987 16 2064 s.
114 2001 232 2076 absque
264 1999 465 2076 prohibitione
499 1999 635 2057 omnium
667 1999 890 2074 episcoporum,
919 1998 947 2053 et
998 1995 1082 2053 vium
1108 1995 1230 2057 sabbati
1253 1995 1398 2054 territorio
1415 1997 1480 2070 jam
1508 1997 1587 2055 dicto
1611 1999 1832 2068 Beneventano,
1909 2031 1912 2045 ·

112 2089 202 2148 liceat
227 2088 324 2160 vobis,
349 2091 531 2161 tuorumque
558 2087 716 2145 monachis
729 2085 782 2144 tihi
803 2083 947 2158 subjectis
1000 2083 1217 2142 monasterium
1234 2089 1345 2144 sanctae
1361 2085 1411 2144 liei
1428 2083 1578 2158 genitricis
1597 2087 1693 2145 llariae
1716 2088 1747 2146 in
1765 2086 1833 2146 loco

6 2167 19 2250 „
110 2176 248 2250 judicare
262 2181 325 2235 tam
339 2175 557 2234 monasterium
570 2176 714 2246 virorum,
731 2179 759 2233 et
774 2172 946 2232 coenobium
1001 2175 1090 2238 Sane,
1107 2173 1324 2231 monasterium
1338 2167 1455 2231 lldmini
1465 2175 1636 2250 salvatoris
1655 2175 1738 2252 quod
1752 2176 1833 2250 posi-

6 2255 18 2337 ]
112 2265 283 2340 puellarum
298 2266 414 2340 absque
431 2263 566 2322 saeculari
589 2267 746 2340 potestate,
762 2269 791 2322 et
811 2261 946 2338 prohibi·
999 2267 1064 2320 tum
1086 2267 1131 2319 est
1154 2261 1186 2320 in
1210 2261 1296 2330 Alite,
1311 2262 1530 2323 monasterium
1550 2269 1660 2322 sancte
1685 2265 1781 2327 iterim
1802 2263 1834 2324 in

6 2407 18 2428 ,
112 2355 192 2414 tione
203 2355 361 2429 cujuslibet
374 2354 524 2428 episcopi;
539 2353 563 2410 si
577 2354 645 2428 quis
660 2357 771 2426 autem,
785 2350 869 2429 quod
883 2365 946 2408 non
997 2349 1066 2408 loco
1107 2350 1274 2426 Apinianici
1311 2351 1457 2409 territorio
1488 2351 1671 2418 Marsicano,
1712 2367 1834 2412 monas-

6 2441 17 2520 ³‚
111 2447 264 2519 optamus,
285 2441 400 2500 nelarie
428 2458 507 2500 ausu
528 2439 763 2521 praesumpserit,
784 2443 812 2498 et
835 2455 946 2514 quaa
998 2439 1107 2498 terium
1145 2444 1254 2498 sanctae
1282 2439 1376 2498 llariea
1415 2440 1446 2498 in
1472 2441 1549 2500 duas
1587 2440 1741 2510 basilicas,
1769 2459 1834 2512 me,

111 2531 201 2590 nobis
209 2531 248 2590 ad
259 2531 383 2590 laudem
392 2529 442 2588 nei
452 2547 507 2606 pro
523 2529 682 2588 stabilitate
692 2527 829 2604 jamdicti
841 2545 946 2586 mona·
998 2529 1164 2586 hasterium
1200 2531 1310 2588 saneta
1343 2529 1440 2588 itariae
1481 2529 1514 2588 in
1546 2529 1625 2590 duas
1649 2531 1833 2608 castanieto,

6 2602 15 2700 ζ
112 2619 193 2678 sterii
204 2623 317 2678 statuta
331 2623 400 2676 sunt
411 2617 561 2690 refragare
576 2621 628 2675 aut
642 2617 673 2674 in
687 2631 844 2694 quoquam
852 2620 946 2672 trans·
998 2617 1216 2674 monasterium
1244 2620 1355 2675 sanctae
1386 2617 1482 2676 itariae
1521 2616 1553 2678 in
1579 2618 1691 2690 Palere,
1720 2618 1835 2678 territo·

6 2711 15 2719 '
113 2707 208 2782 gredi,
225 2707 298 2767 sciat
318 2724 361 2782 se,
374 2707 433 2764 nisi
447 2705 614 2780 resipuerit,
629 2703 830 2764 anathematis
844 2704 946 2762 rincu·
998 2706 1043 2764 rio
1067 2707 1173 2778 Domo,
1198 2705 1417 2768 monasterium
1452 2712 1563 2766 sanctae
1590 2709 1686 2768 llariae
1710 2709 1742 2766 in
1768 2708 1834 2766 Ple·

6 2777 14 2886 ᾗ
111 2797 142 2855 lo
156 2795 346 2866 innodatum,
362 2799 391 2853 et
404 2812 424 2854 e
446 2810 540 2868 regno
562 2794 614 2851 liei
638 2793 811 2864 alienatum,
825 2796 855 2850 ot
875 2807 945 2848 cum
997 2793 1066 2867 nisi,
1081 2794 1297 2853 monasterium
1311 2796 1405 2852 sancti
1420 2797 1497 2854 Petri
1510 2797 1543 2854 in
1566 2796 1672 2874 Vipera
1684 2813 1755 2864 cum
1767 2797 1835 2870 ipso

6 2890 15 2902 '
113 2883 364 2958 dial>010‚0i0j11⁵
379 2883 575 2942 firmissimis
595 2881 726 2958 impis,
743 2885 771 2940 et
787 2880 864 2938 luda
877 2883 945 2937 lesu
962 2884 983 2940 c
1000 2882 1099 2942 casale
1110 2883 1224 2952 Leonis,
1236 2883 1455 2942 monasterium
1467 2884 1563 2944 saneti
1573 2885 1648 2942 Petri
1662 2885 1693 2944 in
1703 2885 1834 2943 Tentole·

114 2975 220 3034 Christi
247 2973 366 3032 Domini
394 2973 487 3031 nostri
514 2971 665 3038 traditore,
692 2971 795 3028 aeterni
817 2963 949 3027 incendii
1004 2972 1221 3030 monasterium
1245 2973 1340 3029 sancti
1366 2973 1442 3030 Petri
1467 2971 1500 3030 in
1527 2973 1603 3042 trite,
1618 2975 1836 3034 monasterium

6 3071 16 3146 ᾗ
120 3061 267 3138 supplicio
286 3059 526 3120 concremandus
536 3060 573 3118 sit
586 3059 756 3134 deputatus.
771 3062 807 3116 at
817 3074 887 3115 vero
897 3055 950 3132 qui
1006 3065 1116 3120 sanetae
1142 3060 1238 3119 Mariae
1261 3059 1292 3118 in
1317 3065 1449 3126 Musaue,
1480 3062 1697 3123 monasterium
1723 3067 1835 3123 sanctas

6 3151 16 3172 '³
116 3151 167 3226 pio
194 3151 302 3208 intuitu
327 3151 504 3208 observatos
532 3153 561 3206 et
587 3149 619 3205 in
645 3147 787 3206 omnibus
807 3145 950 3204 exstiterit
1005 3149 1101 3210 llariae
1115 3149 1146 3206 in
1162 3149 1262 3224 hrcle,
1277 3151 1495 3208 monasterium
1505 3151 1600 3209 sancti
1614 3151 1730 3224 Georgii
1743 3151 1773 3210 in
1786 3154 1836 3213 Sa-

6 3227 14 3264 ²
117 3237 392 3311 eustodienshujus
407 3239 500 3295 nostri
522 3235 677 3311 apostolici
692 3236 851 3306 constituti,
867 3235 950 3292 etad
1004 3239 1099 3310 lerno,
1129 3239 1348 3298 monasterium
1373 3239 1469 3298 sancti
1493 3239 1636 3308 vincentii
1664 3241 1696 3312 in
1722 3243 1835 3320 Capua,

116 3329 231 3386 cultum
246 3329 296 3385 Dei
308 3327 548 3402 respicientibus,
560 3326 777 3384 benedictionis
790 3325 918 3396 gratiam
932 3339 950 3382 a
1004 3330 1224 3388 monasterium
1252 3331 1347 3388 sancti
1373 3329 1498 3402 llartini,
1514 3335 1542 3388 et
1557 3335 1668 3390 sanetae
1684 3331 1784 3390 Crucis
1803 3331 1836 3390 in

6 3443 8 3446 ·
116 3417 396 3478 misericordissimo
418 3419 478 3474 Deo
505 3421 607 3474 nostro
627 3432 682 3492 per
701 3415 948 3473 intercessionem
1004 3423 1106 3478 monle
1137 3417 1272 3493 Marsico,
1300 3417 1518 3479 monesterium
1549 3425 1659 3485 sanetae
1684 3419 1836 3482 Columba

6 3501 12 3538 '³
115 3506 196 3564 beati
211 3507 361 3566 Benedicti
379 3506 581 3581 multipliciter
604 3509 816 3580 consequatur,
833 3509 861 3562 ct
885 3503 950 3562 vitae
1003 3509 1035 3566 in
1063 3511 1146 3578 Sora,
1183 3509 1401 3568 monasterium
1435 3509 1530 3568 sancti
1562 3509 1664 3577 Mauri,
1690 3513 1718 3568 et
1742 3509 1838 3570 sancti

9 3603 12 3610 ’
116 3601 235 3653 aetarnae
263 3598 423 3670 particeps,
446 3593 523 3652 effici
547 3599 705 3652 mereatur.
723 3594 872 3669 Scriptum
895 3607 950 3666 per
1004 3597 1154 3656 Valentini
1185 3599 1217 3656 in
1249 3598 1345 3671 Atina,
1371 3598 1588 3658 monasterium
1615 3599 1837 3662 remunerati

6 3683 9 3718 ἓ
116 3701 245 3742 manum
259 3686 364 3742 Leonis
380 3684 535 3756 notarii,et
548 3683 718 3755 regionarii,
731 3680 950 3759 etquescrinia-
1005 3703 1075 3744 cum
1102 3686 1215 3760 inclyte
1243 3686 1319 3744 valla
1342 3689 1467 3746 Serena.
1483 3691 1550 3744 Haeo
1578 3688 1692 3758 omnia,
1713 3691 1743 3746 et
1767 3705 1836 3753 eum

6 3771 13 3804 ‘²
116 3773 153 3831 rii
167 3778 278 3832 sanctae
285 3775 429 3830 Romanae
445 3772 621 3829 Ecclesiaein
634 3771 887 3828 menseJanuario
898 3783 951 3843 per
1006 3774 1149 3832 omnibus
1167 3775 1225 3832 sibi
1241 3775 1308 3847 iura
1322 3775 1540 3852 pertinentibus
1561 3775 1653 3834 rebus
1667 3774 1724 3834 sub
1746 3776 1838 3835 tutela

6 3865 7 3872 ³
115 3861 312 3920 indictionem
341 3861 578 3936 suprascriptum
604 3859 780 3918 secundam.
797 3863 874 3917 Bene
901 3874 953 3916 va·
1006 3863 1267 3938 sedisapostolicae
1290 3868 1400 3920 nostrae
1413 3863 1455 3920 ita
1475 3863 1646 3936 recipimus,
1666 3866 1698 3920 ut
1711 3863 1838 3941 qutunli·

6 3965 8 3988 ³
115 3953 184 4009 lete.
203 3954 276 4008 [ieta
287 3965 330 4008 uu
346 3951 412 4008 Kal.
427 3949 581 4007 Februarii
595 3964 649 4023 per
663 3965 790 4006 manum
803 3947 952 4005 Benedicti
1005 3951 1057 4008 bet
1078 3951 1327 4010 christianitatem
1348 3951 1516 4022 indigentes
1528 3951 1560 4008 in
1576 3949 1702 4026 praelato
1717 3967 1838 4012 venera·

6 4045 8 4050 ’
119 4039 254 4116 episcopi
270 4043 380 4096 sanctae
393 4037 489 4114 sylvae
501 4037 799 4106 CandidaeEcclesioe,
809 4035 952 4094 etbiblio-
1006 4039 1059 4098 bili
1081 4039 1274 4110 monasterio,
1290 4039 1389 4116 qualis
1412 4039 1572 4112 episeopus
1593 4040 1633 4098 ad
1647 4038 1837 4100 invitandum

7 4135 8 4140 ’
120 4129 243 4187 theearii
263 4133 373 4186 sanctae
393 4128 473 4184 sedis
488 4127 659 4202 apostolicae
673 4141 764 4195 anno,
781 4128 841 4183 lieo
853 4125 954 4200 propi-
1006 4126 1168 4196 volueritis,
1186 4127 1323 4186 habeatis
1337 4126 1514 4187 omnimodo
1536 4129 1725 4200 potestatem.
1752 4127 1838 4186 Simi-

7 4253 8 4256 =
120 4215 172 4289 tio,
183 4215 375 4292 pontificatus
391 4215 497 4273 domni
511 4216 604 4274 nostri
618 4215 733 4274 llartini
746 4213 857 4272 summi
875 4229 952 4288 pon·
970 4249 992 4303 D
1006 4217 1072 4276 liter
1097 4218 1137 4276 ad
1158 4217 1301 4276 eeclesias
1321 4217 1553 4288 consecrandas,
1568 4223 1596 4275 et
1617 4217 1838 4280 ordinationem

6 4315 8 4350 ῑ
120 4305 217 4378 tiliois,
233 4309 262 4362 et
284 4303 463 4362 universalis
484 4303 609 4361 secundi
621 4302 762 4378 papeia
790 4301 953 4360 sacratissi-
1008 4307 1045 4366 de
1062 4305 1280 4374 sacerdotibus,
1301 4313 1329 4364 et
1354 4305 1532 4368 diaconibus
1558 4323 1613 4382 per
1637 4312 1773 4382 tempora
1796 4308 1838 4366 la·

6 4434 10 4443 ,
122 4411 175 4452 ma
189 4393 259 4452 sede
271 4393 352 4452 beati
362 4393 438 4452 Petri
452 4393 582 4470 apostoli
595 4393 730 4450 secundo
744 4391 776 4449 in
790 4407 895 4450 mense
909 4393 954 4450 te·
1008 4397 1157 4466 ciendam,
1167 4401 1195 4454 et
1209 4395 1247 4454 de
1260 4397 1344 4454 omni
1358 4396 1455 4470 gradu
1468 4395 1582 4454 ibidem
1597 4396 1836 4472 adimplendum.

6 4497 9 4532 2
120 4483 242 4556 noerio,
258 4483 421 4543 indictione
436 4483 580 4542 secunda.
1008 4488 1212 4546 Protestamus
1239 4485 1360 4558 etenim,
1377 4490 1411 4544 ut
1437 4484 1538 4546 nullus
1552 4485 1712 4566 episcopus
1727 4485 1839 4546 debeat

6 4583 10 4592 '
522 4629 545 4684 v
1008 4575 1115 4637 exinde
1130 4575 1331 4676 sacerdotem,
1346 4574 1391 4676 rel
1403 4573 1566 4675 maccam
1585 4573 1625 4636 ad
1641 4591 1838 4676 euemsyno-

547 4669 554 4684 ·
1009 4665 1083 4724 dum
1110 4681 1286 4743 provocare,
1301 4680 1360 4722 msr
1373 4679 1429 4722 sua
1441 4663 1530 4727 iuerat
1551 4678 1675 4746 proprio
1688 4665 1838 4739 vellentne,

6 4765 7 4800 3
122 4749 211 4792 nulla
236 4747 336 4793 numm
357 4749 436 4792 rm
455 4749 475 4791 11
494 4749 547 4792 mo
573 4747 748 4792 llorttsmlo
771 4748 797 4792 S·
817 4745 953 4792 mcum
1008 4759 1061 4812 aut
1083 4753 1237 4826 abbatem,
1262 4751 1312 4810 vel
1336 4752 1510 4815 monachos
1529 4753 1750 4830 QuoqussmOdO
1761 4755 1841 4828 J'udi.

439 4837 636 4882 mmm·
1008 4859 1088 4918 earo,
1103 4842 1148 4902 vol
1162 4841 1434 4902 excommunicare.
1454 4839 1614 4910 Volumus,
1629 4845 1659 4900 et
1670 4843 1840 4920 apostolica

446 4950 543 5022 (Am
557 4951 632 5018 944),
1008 4932 1197 5034 injungimus
1211 4931 1388 5032 auctoritate
1400 4929 1489 4990 vebis
1502 4931 1671 5031 vestrisque
1682 4932 1839 5010 supradie-

225 5075 388 5148 urau
403 5075 560 5142 aaa·
573 5073 686 5144 aaa·
702 5077 724 5144 ι
739 5089 763 5142 ,
777 5075 854 5148 a,
1008 5019 1839 5180 leultullruuutlhueuu

161 5203 286 5258 llaurus
315 5199 475 5276 episeopus
499 5214 603 5256 servus
628 5212 783 5254 servorum
803 5197 863 5271 Dei,
875 5213 955 5256 meru
1008 5200 1181 5274 gregatione
1194 5199 1410 5274 mahumetes
1436 5199 1638 5262 monasticum
1656 5193 1839 5276 suscipiendi

125 5289 288 5348 venerabili
315 5289 418 5349 abbati
435 5307 472 5346 ex
494 5286 677 5346 monasterio
692 5285 797 5345 Christi
814 5287 954 5362 martyris
1007 5288 1147 5348 habitum
1171 5305 1202 5346 se
1220 5287 1409 5360 contuderint,
1425 5287 1525 5347 statim
1539 5283 1729 5358 recipiantur.
1744 5283 1839 5343 Chris-

127 5381 283 5452 Viueentii,
304 5379 388 5456 quod
401 5380 491 5437 situm
499 5377 580 5436 estin
593 5376 729 5452 partibus
744 5377 882 5446 Samnite,
898 5381 954 5434 ter·
1009 5395 1060 5436 ma
1079 5394 1150 5435 vero
1174 5395 1192 5434 a
1213 5377 1296 5451 quali
1317 5378 1459 5451 episcopo
1482 5373 1567 5430 vobis
1590 5371 1728 5430 veluntas
1752 5373 1840 5432 luerit

126 5469 228 5528 ritorio
245 5473 453 5527 Beneventano
480 5483 570 5542 super
584 5465 696 5524 iontem
712 5465 846 5524 Vulturni
858 5465 954 5523 llumi-
1011 5465 1201 5542 impetrandi,
1222 5467 1311 5524 liceat
1336 5477 1455 5536 semper
1479 5459 1646 5518 seeundum
1660 5461 1744 5536 quod
1766 5463 1840 5521 dixi·

128 5558 186 5638 nis,
200 5565 230 5618 et
239 5575 296 5636 pro
311 5563 338 5620 tc
353 5557 467 5617 cunctis
480 5557 705 5616 successorihus
728 5555 786 5615 tuis
801 5555 833 5612 in
846 5553 953 5614 eodem
1009 5573 1079 5615 mus
1105 5557 1162 5616 sub
1187 5554 1353 5629 apostoliea
1369 5553 1472 5613 nostra
1493 5552 1649 5624 potestate.
1665 5553 1700 5611 ut
1717 5567 1840 5618 omnem
