4156 6182
145 134 178 228 ιι
660 159 932 220 ιιιοιιιοιιιιιιι.
953 190 988 200 -
1006 155 1161 218 saccina
1180 159 1209 216 s.
1230 159 1369 217 ononis.
1821 157 1855 214 ιι

175 293 219 348 ιιι.
232 292 285 346 Per
296 288 327 344 id
341 291 460 361 tempus
472 291 562 344 acala
574 293 600 343 et
616 287 758 342 continua
774 284 859 354 [edre
871 297 969 338 corre·
988 280 1013 333 Α
1026 279 1120 336 finem
1129 279 1201 338 anni
1213 283 1265 337 ιιι
1279 279 1415 350 legentur
1428 295 1435 333 :
1448 297 1464 332 a
1478 279 1611 336 Domuus
1624 276 1688 334 0do
1696 275 1855 334 venerabi-

140 385 223 454 ptus,
237 377 341 436 etsiad
351 377 500 434 eoelestem
516 377 607 432 vitam
623 374 786 436 anhelaret,
798 388 912 440 magno
928 377 971 428 ta-
1025 365 1061 422 lis
1076 367 1182 434 abbas,
1205 366 1369 423 mullorum
1396 369 1578 422 restaurator
1603 365 1854 422 monasteriorum

141 485 211 526 men
235 467 384 525 desiderio
411 465 536 523 affectus
570 470 615 522 est
646 464 795 521 revisendi
824 461 973 519 tumulum
1027 461 1198 530 sancteque
1211 454 1322 526 regulae
1336 458 1500 528 reparator,
1517 453 1641 510 Τιιιοιιιι
1659 453 1733 510 obiit
1756 459 1785 510 et
1809 470 1854 511 se·

143 559 238 616 sancti
253 557 376 628 llarlini,
392 560 425 614 ut
439 556 496 612 illic
512 556 647 630 spiritum
664 559 775 625 ageret,
793 553 843 610 ubi
859 553 973 625 primos
1027 543 1129 616 pullus
1143 547 1188 600 est
1201 542 1284 616 apud
1299 545 1437 598 sasseium
1463 541 1627 598 lulianum·
1644 561 1659 594 ι
1676 541 1750 600 Nihil
1775 541 1857 598 lucu·

141 647 200 722 pies
212 648 278 706 vite
292 660 389 703 annos
398 647 548 702 hauserat.
565 647 598 700 Ει
609 661 639 701 ιι
652 643 774 716 quidem
792 659 861 698 vera
872 641 902 697 id
917 655 974 696 coa·
1027 631 1135 688 leutius
1150 630 1248 688 afferri
1263 635 1360 704 potest
1382 635 1446 714 tum
1460 629 1499 685 ad
1523 629 1627 686 mortis
1642 645 1767 700 annum,
1792 635 1855 686 tum

142 736 211 792 linis
223 735 350 792 obtinuit
362 733 467 806 optimi
482 732 600 806 patroni
615 731 738 794 meritis,
750 746 841 803 quem
855 743 975 800 semper
1029 721 1068 776 ad
1083 721 1242 794 sepulturae
1255 719 1355 776 looirm
1370 717 1574 790 deligendum.
1607 721 1639 774 ut
1654 735 1726 776 sane
1740 719 1787 776 hic
1801 735 1855 776 an·

142 828 296 898 tantopere
316 821 459 879 coluerat.
488 819 655 882 convaluit,
671 818 766 879 rediit,
787 821 896 889 optatae
909 815 975 885 ejus
1028 825 1087 864 nus
1102 808 1294 881 consequitur
1319 824 1356 864 ex
1384 807 1499 864 ιιιιιιιο
1526 806 1661 878 loannis,
1676 807 1728 880 qui
1748 824 1779 862 se
1795 823 1857 864 non

141 912 321 970 solemnitati
330 928 361 968 ιι
376 911 445 968 idus
461 909 637 966 Novembris
652 907 783 966 interfuit
800 924 806 960 :
823 905 875 961 sed
888 919 976 977 quar·
1029 913 1082 970 per
1096 897 1245 968 integrum
1260 897 1416 954 biennium
1429 895 1525 954 Odoni
1548 895 1714 952 convixisse
1734 901 1858 954 testatur

142 1005 172 1057 ta
184 1000 263 1057 intra
274 1004 414 1058 octavam
429 998 489 1066 die,
503 998 639 1054 rediviva
653 996 738 1065 febre
758 995 858 1050 ιιιιιιιο
873 1009 976 1049 eccen-
1028 987 1059 1042 in
1069 986 1121 1042 lib·
1136 1003 1178 1049 ιιι.
1193 1002 1275 1042 ιιιιιιι.
1290 991 1305 1041 5
1324 1003 1330 1042 :
1349 1007 1363 1038 ιι
1382 985 1483 1042 infelix
1496 1002 1563 1056 ego,
1580 986 1630 1055 ait,
1641 985 1693 1058 qui
1708 1001 1763 1042 nec
1784 986 1857 1042 duo-

141 1090 237 1156 ditur,
265 1089 363 1145 donec
378 1088 503 1143 tandem
517 1085 560 1140 vir
574 1085 681 1140 beatus
698 1084 802 1140 divina
820 1083 875 1138 illc
889 1088 975 1139 etse·
1029 1075 1086 1131 bus
1114 1075 1238 1148 expletis
1269 1075 1355 1132 annis
1376 1075 1415 1130 illi
1442 1076 1536 1131 merui
1549 1075 1698 1132 famulari.
1715 1097 1728 1124 ι
1746 1075 1776 1131 ιιι
1787 1091 1857 1130 vero

144 1178 240 1234 lutari
252 1177 437 1248 pinguedine
457 1181 609 1232 recreatas
631 1181 659 1230 et
680 1173 846 1241 vivificanti
856 1171 973 1240 poentio,
1029 1164 1156 1220 adhffsii
1171 1164 1228 1220 sub
1243 1163 1326 1220 initio
1339 1163 1409 1220 anni
1427 1165 1488 1230 940,
1503 1179 1538 1220 ex
1554 1164 1639 1220 diclls
1653 1165 1684 1220 in
1698 1163 1794 1238 capite
1810 1180 1858 1219 su-

144 1265 244 1322 idest
270 1263 388 1332 viatico,
412 1269 573 1335 vegetans,
587 1263 720 1318 Martiae
734 1259 973 1316 discernendum
1029 1253 1150 1325 periori.
1176 1251 1321 1308 eumdem
1350 1267 1464 1308 annum
1493 1253 1628 1321 assignat
1652 1253 1737 1322 llugo
1761 1252 1857 1308 abbas

145 1355 255 1424 migrat
277 1353 503 1415 quartadecima
526 1352 574 1407 die
598 1356 668 1407 ente
692 1350 889 1406 Decembrem.
907 1348 976 1404 Haec
1030 1341 1261 1398 Flaviniacensis
1276 1342 1306 1396 in
1321 1341 1463 1397 chronico
1480 1360 1485 1396 :
1503 1361 1518 1394 ι
1534 1345 1593 1397 tloc
1623 1357 1704 1398 anno
1725 1342 1857 1399 domnus

143 1440 281 1514 pluribus
295 1442 427 1496 loannes
441 1439 472 1496 in
487 1437 546 1494 fine
561 1437 612 1494 lib.
630 1455 671 1493 ιιι.
1030 1430 1094 1487 Οιιο
1110 1429 1298 1497 venerabilis,
1312 1430 1475 1486 mullorum
1487 1429 1738 1486 monasteriorum
1749 1435 1859 1486 restau-

179 1530 223 1586 ιι.
253 1528 398 1596 Quadam
425 1527 589 1598 singularia
614 1526 777 1601 superaldit
812 1525 973 1595 Nalgodus,
1029 1524 1120 1586 rator,
1136 1535 1206 1574 cum
1217 1518 1346 1574 multum
1358 1517 1525 1574 laborasset
1535 1518 1564 1574 in
1576 1517 1774 1574 restauranda
1786 1533 1859 1590 pace

144 1629 255 1687 nempe
280 1613 416 1670 odonem
442 1611 547 1669 iratres
569 1627 764 1678 convocasse,
791 1609 975 1667 monasteria
994 1607 1106 1682 ginter
1119 1607 1274 1678 lingonem
1292 1623 1394 1678 regem
1411 1607 1498 1664 italie
1513 1612 1543 1662 et
1569 1607 1738 1664 hibericum
1754 1609 1860 1664 Roma-

144 1702 201 1758 sibi
224 1701 388 1758 commissa
415 1699 609 1774 disposuisse,
637 1699 831 1756 Cluniacense
853 1697 976 1754 commi·
1030 1697 1322 1770 norumpatricium,
1338 1695 1412 1754 obiit
1427 1696 1588 1754 Turonis.»
1603 1695 1861 1766 arcorrigendum

145 1792 221 1848 sisse
233 1794 311 1848 lieo:
326 1813 339 1840 ιι
356 1790 503 1864 capellam
518 1789 710 1846 solummodo
725 1805 824 1852 suam,
837 1811 851 1838 ιι
861 1788 918 1844 hoc
933 1791 978 1843 est
1031 1787 1061 1842 id
1084 1787 1166 1860 qnod
1184 1786 1318 1860 sequitur
1337 1804 1343 1842 :
1367 1807 1382 1838 e
1399 1785 1595 1858 sepultusque
1610 1791 1654 1842 est
1668 1785 1707 1842 nd
1722 1790 1860 1842 sanctum

144 1879 356 1952 supellectilem
369 1895 497 1949 sacram,
514 1878 553 1934 ed
566 1878 667 1934 missae
682 1876 914 1934 celebrationem
930 1891 975 1931 re·
1031 1876 1188 1932 llartinum
1202 1893 1209 1942 ;
1225 1893 1240 1928 s
1260 1891 1328 1948 quie
1344 1874 1433 1930 ctiam
1448 1873 1534 1930 lectio
1547 1874 1707 1930 adhibetur
1721 1873 1760 1930 ad
1775 1889 1861 1930 oram

145 1968 271 2024 tinuisse
284 1986 291 2036 ;
320 1971 428 2024 ιιιιιιι
454 1966 630 2022 ctuniacum
655 1965 901 2022 retransmisisse.
929 1967 977 2020 lise
1032 1963 1164 2021 chronici
1180 1963 1341 2020 Frodoardi
1354 1963 1385 2020 in
1400 1967 1482 2020 textu
1495 1963 1588 2037 paulo
1604 1963 1742 2036 superius
1755 1962 1859 2020 relato.

147 2054 392 2112 lorsanauctoris
408 2055 596 2125 conjecturae.
623 2053 735 2110 Certius
750 2052 890 2124 estquod
906 2051 977 2107 sub-
1031 2057 1067 2108 ιιι
1086 2052 1224 2108 vitiosam
1252 2052 1331 2108 hano
1356 2067 1421 2108 esse
1445 2051 1604 2108 lectionem
1632 2056 1749 2108 constat
1762 2068 1798 2107 ex
1813 2067 1862 2108 eo-

147 2143 191 2198 dit
206 2142 357 2215 sepultum
371 2141 464 2198 fuisse
480 2139 616 2197 Odoncm
629 2139 753 2196 Turonis
779 2162 792 2190 ιι
810 2139 840 2194 in
855 2139 979 2196 ecclesia
1032 2139 1103 2196 dem
1131 2141 1272 2198 chronico
1301 2141 1340 2198 ad
1368 2156 1484 2197 annum
1504 2141 1860 2213 eis,qu0ann0reou10

147 2230 228 2288 beati
238 2230 358 2301 iuliani,
373 2245 467 2304 quam
480 2229 545 2302 ipse
559 2245 577 2285 a
589 2228 794 2286 fundamentis
809 2231 980 2284 construve-
1032 2228 1211 2286 Turonensis
1226 2229 1470 2302 archiepiscopus
1485 2229 1604 2296 abiisse,
1619 2233 1710 2302 atque
1730 2249 1745 2284 ‹
1759 2229 1788 2286 in
1799 2245 1862 2286 mo·

147 2324 232 2386 rat,›
249 2318 279 2375 id
294 2323 339 2375 ιιι
349 2317 525 2386 restituerat,
540 2321 680 2390 sumptus
694 2316 903 2390 suppeditante
911 2319 981 2372 Teo·
1032 2316 1164 2374 naslerio
1193 2316 1287 2372 sancti
1310 2315 1430 2382 iuliani,
1457 2317 1542 2390 quod
1569 2316 1650 2372 idam
1672 2317 1715 2373 vir
1739 2323 1860 2374 sanctus

148 2406 248 2464 tolcae
262 2405 499 2479 archiepiscopo,
519 2409 551 2461 ιιι
565 2405 703 2478 superius
718 2405 831 2462 dictum
845 2409 900 2462 est.
927 2404 979 2460 llio
1033 2421 1155 2462 summa
1167 2403 1491 2474 institueratreligione,
1501 2405 1586 2476 juxta
1598 2405 1768 2478 sepulcrum
1778 2406 1863 2462 dom·

147 2493 291 2568 loquendi
316 2493 425 2551 modus
440 2493 595 2552 familiaris
612 2493 695 2566 apud
718 2499 855 2550 auctores
870 2492 979 2566 aliique
1033 2495 1063 2550 ni
1078 2493 1190 2552 odonis
1205 2494 1379 2550 humatus»
1404 2494 1593 2568 perbihetur;
1620 2499 1680 2552 «et
1693 2494 1800 2552 exinde
1819 2495 1862 2568 ip-

149 2582 270 2640 similes.
280 2581 338 2641 Sed
347 2581 517 2640 audiendus
528 2582 651 2656 insuper
661 2581 842 2653 n'ecrologus
850 2581 980 2638 coenobii
1033 2599 1101 2640 sum
1114 2582 1261 2656 templum
1282 2582 1391 2640 divinis
1415 2583 1555 2640 illustrari
1584 2584 1737 2642 miraculis
1766 2583 1863 2642 decla-

149 2673 243 2730 sancti
269 2672 401 2730 iuliani:
419 2693 434 2726 ι
454 2675 616 2746 Postquam
644 2671 911 2728 reverendissimus
935 2671 980 2727 vir
1033 2677 1125 2730 ratur.
1152 2690 1167 2724 s
1206 2671 1406 2742 Corrigendus
1446 2672 1547 2746 itaque
1588 2673 1748 2747 praedictus
1776 2673 1863 2744 Hugo

151 2757 215 2815 Odo
228 2757 324 2814 multa
338 2757 520 2814 monasteria
535 2761 752 2826 construxerat,
766 2755 896 2830 plurima
919 2771 981 2812 cor·
1035 2759 1262 2818 Flaviniacensis
1291 2777 1297 2814 :
1327 2760 1523 2830 corrigendus
1551 2760 1621 2817 item
1651 2765 1750 2818 Petrus
1775 2761 1862 2834 Equi-

151 2850 276 2914 rexcrat,
291 2847 402 2904 multos
418 2845 525 2903 mundi
539 2845 656 2902 ludicra
671 2861 812 2918 spernere
826 2845 979 2914 docuerat,
1035 2848 1124 2918 linus,
1145 2848 1198 2922 qui
1223 2849 1360 2906 Odonem
1390 2849 1582 2906 ‹cluniaci›
1609 2851 1760 2924 sepultum
1786 2849 1864 2906 affir-

151 2952 186 2992 ac
200 2936 283 2993 utilia
298 2936 434 2993 Ecclesiae
461 2935 629 3008 scripserat,
651 2936 782 3006 hymnos
795 2939 824 2990 el
842 2934 981 3008 antipho·
1001 2942 1107 3032 Cmat.
1135 2940 1221 2994 Recte
1235 2937 1360 2994 omnino
1375 2949 1547 3010 anonymus
1560 2939 1640 3010 apud
1658 2938 1819 2996 Chesnium
1833 2937 1864 2994 in

151 3041 207 3082 nas
234 3024 314 3082 beati
342 3023 454 3082 llartini
479 3023 602 3080 laudem
619 3027 737 3096 compte
751 3027 980 3096 composuerat;
1036 3030 1119 3082 tomo
1135 3027 1180 3090 ιιι,
1196 3041 1266 3098 pag.
1280 3026 1329 3081 ιιι
1349 3043 1355 3080 :
1374 3048 1388 3074 ι
1399 3026 1510 3082 Eodem
1521 3027 1611 3082 etiam
1623 3043 1714 3094 enno,
1727 3047 1742 3080 »
1755 3042 1865 3099 nempe

147 3115 214 3186 iam
230 3114 395 3184 silicernus,
406 3113 472 3185 jam
486 3113 577 3184 longe
592 3113 686 3170 etatis
700 3113 783 3169 senio
797 3112 905 3183 fessus,
919 3117 984 3169 tan-
1038 3112 1178 3169 Ludovici
1205 3113 1283 3184 regis
1300 3115 1354 3181 Vll,
1379 3133 1394 3166 ‹
1416 3113 1562 3186 requievit
1590 3114 1620 3170 in
1645 3130 1720 3187 pace
1733 3113 1866 3170 domnus

152 3219 245 3276 quam
257 3203 401 3276 prescius
417 3219 478 3259 susa
493 3201 668 3270 vocationis,
688 3205 854 3275 optaverat,
872 3206 904 3258 ut
918 3217 983 3258 sar·
1039 3201 1113 3272 Ode,
1129 3201 1226 3258 abbas
1249 3200 1414 3258 multorum
1442 3202 1693 3259 monasteriorum
1708 3203 1866 3274 rebgiosus

153 3293 221 3350 cina
246 3291 384 3365 deposita
411 3292 509 3348 carnis
536 3290 656 3362 glebam
682 3291 728 3347 sui
743 3290 877 3363 corporis
898 3291 984 3362 juxta
1037 3297 1066 3348 et
1079 3290 1224 3364 prudens,
1240 3290 1384 3348 litteratus
1410 3297 1439 3348 et
1452 3291 1607 3365 eloquens,
1626 3295 1655 3348 ιι
1669 3291 1803 3366 sepultus
1823 3297 1867 3350 est

154 3397 264 3454 eorpus
277 3380 435 3454 peculiaris
446 3381 492 3438 sui
504 3382 632 3454 patroni,
652 3380 768 3436 domini
785 3379 895 3438 scilicet
909 3383 984 3437 llar-
1038 3379 1163 3437 Turonis
1177 3379 1260 3452 apud
1275 3384 1413 3436 sanctum
1432 3379 1596 3436 lulianum.
1614 3403 1628 3430 ιι
1644 3381 1756 3437 Locum
1771 3380 1867 3454 sepul·

154 3467 217 3538 tini,
233 3470 258 3526 si
272 3474 384 3544 posset,
400 3470 542 3528 tumulari
570 3469 610 3528 ad
630 3469 787 3542 proprium
811 3469 983 3526 cenobium
1039 3474 1111 3527 turae
1126 3474 1204 3526 recte
1216 3473 1300 3526 notat
1314 3469 1476 3526 chronicon
1487 3468 1688 3539 belloacense,
1704 3469 1783 3548 male
1804 3469 1867 3526 obi-

156 3573 246 3619 suum
260 3562 392 3618 Turones
401 3559 497 3616 redire
507 3559 665 3632 disposuit.
675 3562 789 3616 interea
807 3558 984 3616 adveniente
1038 3563 1087 3617 tus
1099 3575 1214 3616 annum
1235 3563 1298 3616 938.
1326 3558 1374 3616 Ηιι
1395 3558 1537 3616 omnibus
1563 3559 1679 3616 accedit
1703 3558 1867 3616 chronicon

155 3647 234 3706 beati
259 3647 446 3706 solemnitate
474 3648 597 3716 liertini,
621 3647 800 3704 venerabilis
815 3653 900 3722 pater
914 3664 983 3704 cum
1040 3647 1164 3706 Dolense
1178 3647 1261 3720 apud
1276 3647 1429 3704 labbeum
1444 3647 1474 3703 in
1490 3652 1571 3704 tomo
1587 3651 1596 3704 ι
1613 3647 1798 3705 Βιιιιιιιιιιιιιι
1813 3661 1868 3704 no·

156 3738 217 3822 suis
230 3738 386 3796 monacbis
402 3738 442 3794 ad
455 3737 663 3796 llatutinorum
678 3736 826 3794 solemnia
838 3737 986 3812 prooessit
1039 3753 1084 3794 vae
1095 3752 1166 3810 pag,
1178 3738 1229 3794 ala
1244 3754 1251 3792 ι
1264 3755 1280 3790 ιι
1295 3741 1381 3793 hano
1394 3737 1446 3794 ala
1460 3735 1534 3793 obiit
1547 3741 1668 3794 sanctus
1680 3736 1744 3794 Odo
1763 3753 1867 3794 secun-

155 3825 250 3883 multo
274 3829 343 3896 ante
370 3825 515 3884 lucem...
525 3827 637 3884 Octavo
655 3824 840 3882 incommodi
859 3824 907 3882 die
921 3841 986 3882 sen·
1040 3828 1098 3885 dus
1112 3827 1208 3886 abbas
1220 3826 1365 3884 Dolensis.
1382 3845 1397 3880 ι
1412 3830 1514 3901 ltaque
1529 3841 1611 3884 anno
1624 3827 1677 3886 ele
1687 3827 1727 3884 ad
1741 3843 1868 3902 superos

156 3915 231 3972 tiens
244 3915 301 3972 sibi
312 3915 419 3973 boram
433 3914 591 3972 imminere
601 3919 776 3984 extremam,
792 3914 986 3972 circumstan-
1040 3914 1180 3984 migravit
1195 3914 1269 3983 Odo,
1296 3930 1394 3972 annos
1416 3919 1505 3972 natus
1524 3919 1654 3988 quatuor
1664 3919 1693 3972 et
1704 3915 1868 3986 sexaginta,

156 4004 237 4062 tibus
249 4003 363 4060 cunctis
375 4002 527 4072 trabibus,
541 4001 649 4058 viadco
663 4002 798 4074 corporis
821 4006 851 4058 et
864 4003 983 4074 sangui·
1041 4003 1195 4072 regiminis
1210 4003 1415 4060 cluniacensis
1431 4019 1511 4060 anno
1527 4004 1773 4077 quintodecimo.

157 4093 205 4149 nis
220 4090 339 4148 Domini
353 4107 384 4147 se
409 4089 535 4146 fideliter
548 4090 659 4146 muniri
685 4090 819 4146 curavit:
833 4091 942 4147 deinde
956 4091 987 4146 in
1079 4091 1123 4146 43.
1154 4091 1223 4160 Ejus
1246 4089 1380 4162 reliquiae
1405 4091 1437 4146 in
1468 4091 1568 4146 Sancti
1597 4091 1706 4146 iuliani
1746 4091 1871 4147 ecclesie

157 4179 315 4238 ecclesiam
330 4178 424 4236 sancti
436 4177 546 4250 Albini,
561 4194 630 4252 quae
644 4177 783 4252 prosima
795 4182 867 4246 erat,
890 4193 923 4234 se
940 4177 990 4234 de-
1044 4181 1166 4234 servaloe
1193 4181 1263 4234 sunt
1286 4176 1392 4233 saltem
1416 4193 1512 4252 usque
1526 4177 1565 4234 ad
1579 4179 1722 4236 secutum
1736 4195 1780 4235 xv.
1800 4179 1870 4252 Ejus

157 4269 333 4342 ierri‘jussit,
350 4267 578 4342 luminibusque
592 4266 650 4341 piis
670 4283 705 4325 ac
720 4265 862 4324 manibus
885 4266 917 4324 in
932 4282 987 4324 coe-
1044 4267 1087 4324 rei
1101 4265 1234 4340 primum
1261 4271 1473 4337 argumentum
1498 4266 1577 4324 sumi
1603 4271 1700 4340 potest
1720 4283 1757 4324 ex
1770 4267 1872 4326 litteris

157 4361 221 4418 lum
234 4358 365 4430 intentis,
381 4357 496 4416 Christo
511 4356 647 4414 animam
660 4355 800 4414 reddidit.
815 4375 830 4410 s
849 4358 991 4430 Superest
1046 4355 1206 4427 societatis,
1219 4355 1395 4414 cluniacum
1406 4357 1483 4415 inter
1496 4361 1525 4415 et
1539 4357 1633 4424 sancti
1647 4357 1759 4417 iuliani
1773 4375 1872 4418 coeno-

159 4448 269 4506 adhoc
284 4461 380 4520 usquc
401 4449 521 4520 tempus
548 4445 628 4502 istud
645 4445 740 4504 sancti
763 4444 862 4502 albim
889 4449 989 4502 orato·
1043 4447 1129 4504 bium
1139 4446 1218 4504 initae
1229 4451 1385 4504 ιιιιιοιιιι
1395 4464 1498 4506 meuse
1512 4447 1631 4506 Octobri
1647 4464 1723 4522 :quo
1739 4454 1872 4523 tempore

159 4537 237 4594 rium
250 4535 329 4593 intra
343 4534 476 4593 claustra
502 4533 637 4609 praedicti
659 4533 786 4591 caenobii
802 4551 808 4590 :
823 4553 839 4589 ‹
853 4533 931 4591 Obiit
942 4550 991 4590 ιιι
1046 4556 1062 4591 ι
1077 4537 1209 4594 domnus
1223 4536 1344 4594 ronnas
1356 4537 1455 4594 abbas
1469 4537 1603 4596 liuniaci
1616 4537 1761 4596 orationis
1778 4539 1873 4610 palia

161 4625 222 4683 Kal.
239 4623 411 4682 Decembris
427 4643 434 4681 ι
451 4623 585 4698 sepultus
600 4626 644 4680 est
660 4627 760 4680 autem
784 4639 897 4697 asaepe
911 4623 992 4681 dieto
1045 4626 1169 4682 Turonis
1184 4624 1224 4684 ad
1236 4629 1373 4683 sanctum
1388 4627 1545 4684 ιιιιιιιιιιιιι
1559 4626 1724 4684 honorilice
1737 4628 1828 4696 venit,
1845 4632 1874 4684 et

160 4713 338 4772 Theotelone
352 4712 493 4787 pontifice
507 4712 539 4768 in
558 4716 663 4786 crypta
678 4711 774 4770 sancti
797 4711 919 4784 Juliani,
935 4711 992 4768 sub
1046 4713 1086 4771 ad
1106 4729 1190 4771 nos»
1214 4713 1267 4786 (sic
1295 4714 1437 4772 monachi
1461 4715 1557 4772 sancti
1579 4713 1688 4772 ιιιιιιιιι
1712 4715 1744 4770 in
1771 4713 1873 4771 litteris

162 4803 253 4860 altare
264 4801 360 4876 ipsius
374 4801 526 4875 martyris,
538 4800 577 4859 ad
591 4801 745 4858 dexteram
754 4805 881 4874 partem.
896 4819 911 4854 s
927 4803 993 4857 llaec
1046 4801 1219 4875 loquuntur)
1247 4821 1263 4856 ιι
1278 4817 1334 4875 pro
1349 4817 1452 4859 amore
1466 4801 1546 4860 beati
1561 4802 1672 4859 odonis
1688 4801 1807 4874 patroni
1822 4817 1874 4858 no

162 4909 199 4949 ex
212 4891 422 4965 llartymlogio
436 4891 494 4948 loci
521 4895 666 4948 renovato
688 4889 728 4948 ad
743 4889 872 4948 formam
886 4889 994 4948 veteris
1048 4890 1099 4946 stri
1112 4889 1217 4962 suique
1229 4889 1422 4948 devotissime
1432 4889 1560 4962 divertit,
1581 4889 1661 4948 etad
1676 4906 1786 4965 corpus
1809 4891 1874 4964 ejus

164 4997 244 5039 anno
259 4983 338 5050 ilde,
350 4997 453 5039 meuse
463 4981 551 5050 lulio,
567 4979 660 5038 Paulo
674 4979 695 5038 ll
722 4981 873 5055 pontifice,
900 4980 995 5038 Ludo-
1048 4977 1148 5050 vigilia
1163 4979 1257 5036 sancti
1272 4979 1404 5052 Dionysii
1418 4996 1488 5036 cum
1508 4979 1617 5038 nostris
1631 4979 1752 5054 suisque
1767 4996 1874 5040 mona·

164 5069 231 5127 vico
242 5074 274 5128 ill
289 5087 369 5144 rege,
385 5071 448 5129 Elia
475 5070 712 5144 archiepiscopo,
728 5070 780 5144 qui
806 5057 994 5128 characteres
1048 5067 1113 5124 cbis
1122 5067 1247 5125 missam
1263 5066 1300 5124 de
1315 5067 1381 5141 ipso
1403 5067 1577 5126 beatissimo
1597 5068 1700 5128 Odonc
1716 5067 1876 5126 celebravit

164 5163 235 5216 sunt
247 5159 400 5218 reiormati
410 5159 619 5238 llarlyrologii.
1049 5155 1161 5213 Deinde
1176 5161 1332 5230 assumpto
1348 5173 1452 5214 secum
1467 5157 1618 5216 Bernardo
1646 5161 1752 5217 Crasso
1777 5156 1876 5228 priore

199 5247 243 5306 ta.
256 5249 378 5306 hunum
401 5265 463 5323 quo
487 5260 571 5306 mors
586 5247 698 5306 edonis
713 5247 995 5319 occidit‚Nalgodus
1039 5263 1115 5316 suo,
1132 5245 1257 5319 aliisque
1273 5245 1423 5316 iratribus,
1439 5247 1471 5304 in
1484 5247 1653 5322 Capitulum
1667 5249 1807 5304 nostrum
1827 5259 1877 5302 ve-

165 5335 446 5410 signat945,quem
464 5339 529 5410 ejus
546 5335 744 5406 ordinationis
763 5350 879 5392 annum
897 5335 996 5392 lanu·
1049 5335 1134 5404 nit,›
1162 5339 1218 5391 ele.
1248 5337 1346 5407 Longe
1375 5341 1445 5410 post
1476 5336 1507 5392 id
1536 5341 1666 5410 tempus,
1692 5332 1723 5388 id
1738 5335 1876 5392 estauno

164 5430 271 5484 merat.
288 5429 398 5482 verum
410 5425 595 5498 preferenda
604 5429 650 5483 est
662 5423 834 5492 Frodoardi‚
844 5425 996 5498 scriptoris
1053 5424 1130 5490 ιιθι,
1155 5425 1286 5481 loannes
1308 5425 1488 5482 Turonensis
1515 5421 1768 5498 archiepiscopus,
1791 5441 1810 5480 a
1824 5427 1878 5480 Ro-

149 5517 302 5590 ‚equalis,
319 5513 492 5586 ιιιιιοιιιιι,
506 5516 558 5588 qui
573 5517 708 5574 odonem
721 5515 844 5572 biennio
863 5519 931 5572 ιιιιι
945 5515 996 5572 de·
1049 5513 1134 5570 berto
1149 5513 1243 5570 sancti
1254 5515 1268 5567 ι
1273 5512 1365 5570 aliani
1380 5514 1489 5572 abbate
1502 5511 1652 5580 invitatus,
1667 5511 1811 5588 reliquias
1833 5525 1879 5566 sa·

165 5605 290 5664 cessisse
304 5605 436 5666 affirmat
449 5601 496 5660 bis
508 5603 617 5678 verbis,
629 5622 698 5680 qua
726 5605 758 5662 in
781 5603 923 5662 chronico
938 5603 996 5661 sub
1050 5619 1117 5660 cras
1145 5601 1176 5660 in
1208 5617 1302 5660 novas
1326 5602 1428 5658 ιιιιιιι
1462 5597 1619 5674 transtulit,
1649 5617 1751 5660 coram
1788 5596 1878 5658 heria
