4106 6148
125 135 176 189 ιιι
386 122 388 127 ’
750 137 926 194 nrrsroua
945 135 987 192 nr
1005 133 1209 190 rnuruucu.
1753 195 1756 202 ,
1779 147 1832 202 aas

6 251 9 280 ²
125 270 157 311 se
170 270 273 312 coram
288 255 388 316 divium
401 257 514 330 judicic
534 262 708 330 cognoscat,
718 261 747 315 et
760 259 819 316 uisi
831 275 868 316 ea
881 273 950 332 quae
963 261 989 316 ι
1007 256 1123 313 indulta
1136 256 1347 330 perpetualiter
1358 257 1501 316 inviolata
1514 263 1690 332 permaneat
1703 267 1832 324 auctori·

124 359 142 400 a
158 361 190 401 se
205 345 283 402 male
297 350 364 403 acta
378 352 447 404 sunt
462 347 611 416 deleverit,
628 364 647 404 a
662 348 867 406 sacratissimo
885 364 951 406 cor·
1006 347 1066 402 tate
1080 343 1219 402 subnixa.

123 447 197 504 pore
213 433 331 490 Domini
344 435 436 491 nostri
447 437 515 492 teau
536 435 640 493 Christi
661 436 776 494 alienus
790 437 852 505 liat,
862 443 952 509 atque
1042 433 1192 506 Scriptum
1205 449 1260 508 per
1274 449 1401 492 manum
1415 435 1562 492 Theodori
1571 436 1679 494 ιιοιιιιιι
1692 439 1830 512 regiona·

123 523 235 577 aeterno
250 521 381 578 examini
396 522 538 580 districtae
554 523 673 580 ultionis
691 524 856 596 subjaceat.
873 527 952 582 Cun—
1004 520 1040 578 rii
1053 526 1144 595 atque
1168 523 1312 580 scriniarii
1336 525 1446 580 sanctae
1474 526 1617 582 nomana
1638 526 1774 586 Ecclesia
1799 531 1830 588 in

122 609 177 664 ctis
205 615 305 666 autem
330 610 427 668 eidem
453 611 520 668 loco
542 612 624 684 justa
639 614 828 670 servantibus
842 613 879 669 sit
890 629 951 687 pax
1004 624 1109 666 mense
1124 610 1226 668 llarfio
1240 614 1269 668 et
1282 610 1445 668 indictione
1460 610 1567 683 prima.

130 698 248 754 Domini
262 699 432 756 nostritesu
443 700 558 770 Christi,
569 706 716 774 quatenus
726 703 810 760 ethic
821 701 951 760 fructum
1040 699 1149 754 Datum
1163 715 1193 754 vr
1209 699 1276 756 Kal.
1289 698 1381 772 April.
1394 714 1449 772 per
1462 714 1588 756 manum
1603 702 1714 761 Nicolai
1726 704 1830 779 primi·

122 785 213 841 bonae
223 786 348 844 actionis
359 787 503 860 recipiant
512 792 540 845 et
553 789 634 863 apud
645 789 951 861 districtumjudicem
1005 787 1075 844 cerii
1089 804 1216 845 summae
1230 789 1419 863 aspostolicae
1431 788 1612 860 sedis,auno
1627 793 1686 849 ileo
1700 791 1830 866 propitio

120 874 247 946 praemia
256 879 374 931 aeternae
388 877 473 949 pacis
488 876 651 934 inveniant.
1005 876 1198 948 pontificatus
1213 877 1328 936 domini
1352 877 1447 935 nostri
1461 877 1574 935 Martini
1591 879 1702 936 summi
1713 881 1830 953 pontifi-

157 960 305 1034 Scriptum
320 978 374 1035 per
387 979 513 1022 manum
538 965 645 1022 azotus
669 965 815 1022 scriniarii
840 971 950 1023 sanctas
1005 965 1047 1020 cis
1072 969 1101 1021 et
1124 965 1301 1023 raniversalia
1318 966 1446 1038 junioris
1470 981 1557 1040 papae
1578 965 1609 1022 in
1630 967 1831 1026 sacratissima

118 1052 263 1107 Romania
278 1051 415 1109 Ecclesiae
439 1053 470 1109 in
497 1069 603 1112 mense
620 1053 789 1123 Februario,
813 1054 948 1112 indictio-
1005 1052 1075 1109 sede
1090 1052 1171 1110 beati
1186 1055 1260 1112 Petri
1275 1053 1511 1128 apostoiiprimo
1526 1054 1558 1112 iu
1571 1070 1685 1125 meuse,
1696 1059 1726 1114 et
1738 1055 1830 1112 indic·

120 1143 196 1194 net.
1004 1139 1084 1198 tione
1097 1140 1205 1213 prima.

156 1229 262 1283 itatau
287 1230 388 1286 Nonas
414 1229 554 1300 Februar,
569 1247 624 1305 per
649 1247 776 1289 manum
800 1231 949 1290 Benedicti
1390 1231 1437 1286 ιιι.

6 1339 13 1350 ·
118 1314 251 1388 episcopi
264 1319 293 1372 et
310 1315 530 1375 bibliothecarii
544 1323 657 1376 sanctae
670 1319 750 1376 sedis
764 1319 947 1394 apostolica,
1081 1331 1194 1374 ιιιιιιιιιι
1213 1333 1290 1374 rara
1310 1333 1330 1373 ιι
1349 1334 1526 1374 rmumcruu
1548 1335 1601 1376 ano
1619 1334 1751 1377 semusta

6 1417 11 1494 ’ἱ
118 1418 211 1473 anno,
226 1406 285 1460 ileo
296 1403 437 1477 propitio,
453 1407 645 1478 pontificatus
657 1407 773 1464 domini
787 1407 880 1465 nostri
892 1410 949 1464 lla·
1314 1423 1518 1463 resarsurum.

117 1490 176 1548 rini
200 1491 312 1548 summi
334 1493 485 1565 pontificis
500 1497 530 1552 et
543 1495 720 1554 universalia
743 1511 842 1569 papa,
857 1495 888 1552 in
903 1511 949 1553 sa·
1320 1494 1419 1566 (huno
1433 1497 1509 1565 94³.)

6 1647 13 1654 Ι
119 1580 288 1638 cratissima
314 1581 386 1638 sede
412 1581 493 1640 beati
515 1583 592 1640 Petri
616 1584 751 1658 apostoli
770 1599 851 1641 anno
876 1583 983 1658 l,in13
1002 1581 1102 1654 [Apud
1126 1580 1250 1650 Ugbelli,
1266 1582 1360 1640 [talio
1383 1583 1490 1652 Sucro,
1506 1585 1579 1640 tom.
1595 1555 1669 1655 VIII,
1683 1599 1753 1658 pag.
1770 1585 1829 1656 50.]

120 1685 224 1727 mense
240 1669 393 1740 Februan,
409 1671 512 1730 indict.
529 1677 554 1730 l.
1037 1672 1163 1727 Eurinus
1188 1669 1468 1743 episcopusservus
1495 1687 1649 1728 servorum
1664 1673 1725 1741 bei,
1740 1673 1829 1730 dilcc-

515 1764 550 1818 ιι.
1002 1757 1119 1816 tissime
1133 1761 1224 1830 atque
1238 1757 1344 1815 merito
1358 1758 1529 1816 honorabili
1538 1762 1636 1816 Joauur
1650 1765 1761 1818 sancta
1775 1763 1827 1818 Be-

178 1864 354 1906 rnrruacrurr
375 1864 488 1905 usaruu
507 1865 623 1906 aaran
643 1865 695 1906 rau
716 1865 889 1907 acuasraruc
1001 1849 1178 1902 neventauae
1193 1844 1491 1920 Ecclesiaeepiscopo,
1507 1845 1627 1920 tuisque
1650 1847 1828 1906 successori·

362 1954 388 1995 s.
408 1954 546 1996 aonnucu
566 1955 706 1996 ruunausr.
1001 1933 1060 1992 bus
1070 1934 1101 1991 in
1116 1939 1306 2008 perpetuum.

437 2027 536 2098 (Anno
550 2028 626 2100 94³.)
1037 2025 1112 2080 Cum
1136 2039 1263 2079 summac
1277 2027 1306 2080 et
1326 2022 1497 2096 apostolicae
1512 2023 1664 2094 dignitatis
1679 2023 1828 2082 christiin

200 2114 341 2186 turoniae,
359 2115 430 2172 Cod.
447 2116 571 2186 dapum.
585 2116 688 2185 ibid,
703 2130 774 2190 pag.
791 2117 867 2189 3l8.]
1001 2110 1059 2167 hac
1080 2109 1182 2168 divina
1208 2109 1386 2183 praefectura
1407 2111 1485 2167 nitor
1496 2110 1691 2182 dignoscatur
1709 2111 1829 2184 pratul-

154 2205 279 2260 llaruuus
294 2203 467 2278 episcopus,
483 2220 587 2261 servus
602 2221 756 2262 servorum
781 2205 842 2274 ltei,
856 2208 948 2262 Eunu·
1002 2214 1082 2270 gere,
1097 2199 1165 2256 etin
1179 2199 1352 2256 exercendis
1365 2198 1415 2256 itai
1436 2198 1579 2256 laudibus
1600 2199 1647 2256 sui
1659 2199 1828 2274 impensius

118 2307 195 2348 uano
206 2291 346 2364 religioso
356 2293 459 2350 abbati
471 2292 650 2350 venerabilis
663 2293 837 2352 monasterii
852 2293 948 2352 sancti
1002 2287 1119 2344 studeat
1139 2285 1252 2344 laboris
1268 2287 1407 2344 exhibere
1422 2291 1585 2356 certamen,
1597 2287 1637 2344 ob
1651 2289 1709 2344 boc
1727 2288 1830 2346 debita

6 2429 12 2444 ,
117 2379 226 2436 Christi
247 2381 388 2454 martyris
402 2381 546 2440 Bonilacii
567 2386 597 2440 et
621 2397 676 2456 per
699 2398 770 2440 eum
784 2383 814 2439 in
838 2382 947 2441 eodem
1000 2392 1057 2433 nos
1071 2375 1207 2448 etusdem
1234 2375 1405 2450 apostolice
1428 2375 1572 2452 pastorali
1585 2375 1729 2450 compulit
1750 2377 1828 2434 solli·

9 2459 15 2554 ἐ
116 2467 279 2526 venerabili
307 2470 491 2528 monasterio
519 2469 637 2544 tuisque
661 2471 887 2528 successoribus
915 2471 947 2529 in
1000 2466 1139 2524 citudinis
1154 2483 1236 2535 cura,
1250 2483 1379 2540 quaque
1392 2467 1431 2524 ad
1447 2465 1638 2524 stabilitatem
1653 2467 1773 2540 piorum
1784 2467 1827 2524 lo-

118 2560 308 2630 perpetuum.
999 2571 1105 2612 corum
1118 2555 1317 2628 promulgari,
1328 2560 1357 2613 et
1371 2555 1542 2630 apostolicae
1555 2555 1749 2612 institutionis
1761 2572 1827 2613 cen-

155 2645 305 2710 Quoniam
316 2660 435 2720 semper
448 2652 517 2704 sunt
529 2647 724 2706 concedenda
738 2663 806 2722 quaa
817 2648 947 2708 rationa-
1000 2661 1071 2702 sura
1094 2645 1277 2703 confirmari.
1303 2644 1396 2716 Igitur
1420 2645 1493 2719 quia
1517 2645 1677 2719 postulasti
1694 2645 1825 2714 anobis,

6 2713 13 2784 J'
117 2731 229 2789 bilibus
243 2725 414 2805 congruunt
425 2735 590 2803 desideriis,
617 2739 734 2809 oportet
748 2740 781 2792 ut
794 2735 946 2794 devotioni
999 2739 1150 2808 quatenus
1165 2733 1244 2790 sedis
1258 2733 1465 2808 apostolica...
1476 2733 1637 2791 decoratur
1646 2738 1675 2791 at
1687 2734 1827 2808 antiquos

6 2821 14 2889 Τ,
116 2822 280 2879 conditoris
295 2823 352 2896 pia
363 2824 592 2881 constructionis
606 2823 768 2881 auctoritas
782 2824 813 2880 in
824 2823 945 2898 privile·
999 2824 1143 2881 terminos
1158 2822 1256 2879 eidem
1278 2838 1437 2881 concessos
1452 2822 1492 2879 ab
1507 2823 1749 2880 antecessoribus
1770 2840 1827 2882 no·

115 2911 172 2982 giis
185 2912 364 2984 praestandis
378 2912 504 2970 minime
516 2912 689 2984 denegetur.
701 2913 792 2983 Igitur
805 2913 878 2986 quia
893 2929 945 2987 po
959 2949 981 3004 c
1000 2911 1066 2968 stris
1078 2909 1272 2984 pontificibus
1280 2909 1529 2967 confirmaremus
1537 2910 1594 2982 piis
1602 2910 1660 2967 tuis
1671 2910 1826 2968 desideriis

6 2993 13 3012 ⁴
115 2998 264 3058 stulastia
278 2999 380 3073 nobis,
390 3005 540 3075 quatenus
550 3001 768 3058 monasterium
784 3001 945 3059 salvatoris
998 3001 1142 3068 lavantes,
1157 2999 1214 3056 hoc
1229 3003 1333 3056 nostra
1348 2998 1522 3057 auctoritate
1534 2999 1575 3068 id,
1587 2999 1670 3072 quod
1693 3001 1827 3075 exposci-

6 3086 14 3163 s
115 3092 256 3146 asancto
279 3089 433 3146 Bonifacio
455 3089 595 3164 primitus
622 3093 829 3148 constructum
843 3095 943 3148 etate
998 3093 1056 3162 tur,
1071 3089 1211 3146 ellectum
1235 3088 1463 3161 mancipamus;
1480 3087 1677 3144 concedentes
1690 3087 1743 3146 tibi
1757 3093 1827 3146 tuae-

6 3183 12 3192 '
114 3177 231 3234 noviter·
245 3176 427 3234 aedificatum
449 3177 481 3234 in
501 3178 569 3236 loco
594 3178 724 3236 Boconia
746 3193 818 3250 erga
844 3179 943 3252 ripam
999 3195 1059 3252 quc
1083 3180 1194 3234 sanctae
1220 3179 1434 3234 &carantana
1462 3175 1609 3245 Ecclesia,
1636 3191 1826 3251 quacunque

114 3265 249 3322 lluminis
274 3265 367 3322 Eulda
389 3265 536 3341 privilegii
563 3267 641 3324 sedis
655 3267 827 3340 apostolicas
841 3267 942 3324 intulis
1000 3265 1143 3338 legaliter,
1166 3269 1195 3322 et
1214 3264 1430 3322 rationabiliter
1453 3263 1579 3338 antiquo
1598 3263 1666 3336 jnre
1691 3269 1825 3340 tempore

6 3335 10 3373 ³
113 3354 272 3411 decoretur
287 3359 315 3410 et
329 3355 387 3412 sub
398 3355 606 3427 jurisdictione
620 3360 730 3414 nostroe
743 3356 790 3412 cui
802 3360 860 3412 ileo
873 3373 942 3414 auc·
1002 3356 1258 3432 predecessorum
1272 3360 1392 3411 tuorum
1406 3355 1472 3412 visa
1485 3358 1530 3412 est
1551 3354 1715 3426 possidere,
1729 3355 1762 3412 id
1782 3360 1827 3414 est

6 3427 9 3462 ²
115 3447 176 3500 tore
192 3443 380 3500 deseruimus
395 3445 532 3502 Ecclesiae
547 3447 741 3502 constitutum
765 3445 854 3502 nullis
868 3445 940 3503 alte-
1005 3446 1152 3515 Bivinum,
1172 3443 1326 3516 Asculum,
1342 3444 1494 3512 Larinum,
1511 3444 1679 3522 Sipontum,
1693 3449 1722 3502 et
1735 3445 1826 3502 ecclc-

6 3531 9 3538 “
113 3533 176 3589 rius
192 3533 329 3590 Ecclesiae
339 3534 597 3606 jurisdictionibus
613 3535 817 3600 submittatur;
830 3535 941 3593 idcirco
1004 3535 1078 3591 siam
1093 3533 1188 3590 sancti
1197 3532 1345 3591 Michaelis
1354 3531 1526 3602 archangeli
1535 3531 1567 3588 in
1576 3535 1678 3590 monte
1687 3535 1825 3604 Gargano

6 3615 8 3636 ⁵
113 3622 171 3695 piis
186 3622 341 3679 desideriis
367 3622 501 3681 faventes
526 3624 583 3681 bac
606 3628 708 3681 nostra
723 3623 897 3681 auctoritate
909 3624 941 3681 id
999 3640 1069 3682 cum
1084 3622 1225 3680 omnibus
1236 3636 1338 3678 earum
1353 3621 1587 3694 pertinentiis,et
1598 3597 1825 3696 emniapraeffia

6 3723 8 3732 ’
113 3709 198 3782 quod
221 3709 393 3783 exposcitur
419 3711 536 3767 effectui
564 3712 786 3784 mancipamus.
813 3714 846 3768 Et
872 3711 941 3768 idco
998 3729 1067 3768 cum
1082 3711 1228 3780 Ecclesiis,
1244 3709 1365 3766 familiis
1380 3710 1534 3783 utriusque
1548 3715 1691 3782 sexus,.ei
1703 3711 1824 3780 massis,

113 3814 235 3854 omnem
248 3798 407 3868 cujuslibet
421 3799 558 3855 Ecclesiae
569 3800 754 3856 sacerdotum
770 3799 817 3856 vel
830 3799 943 3872 epist-o·
997 3805 1119 3872 totaque
1133 3798 1211 3854 infra
1226 3802 1309 3854 tuam
1325 3797 1500 3868 parochiam
1512 3796 1590 3865 loca,
1610 3797 1723 3854 ditione
1750 3799 1825 3855 anti-

6 3875 8 3912 ³
112 3903 189 3960 pum
214 3885 244 3941 in
270 3887 394 3958 praelato
410 3888 592 3944 monasterio
607 3888 750 3944 ditionem
777 3888 944 3961 quamlibet
996 3903 1058 3960 qua
1081 3890 1139 3942 tuoe
1154 3884 1299 3955 religioni,
1314 3883 1600 3958 successoribusque
1620 3884 1678 3941 tuis
1689 3885 1826 3943 concedi·

112 3973 225 4032 babere
241 3975 942 4049 autauctoritatempraetersedemapostoticam
997 3991 1066 4030 mus
1089 3972 1287 4045 dominanda,
1298 3977 1326 4028 et
1337 3971 1480 4042 legaliter,
1495 3975 1585 4046 atque
1609 3975 1753 4030 canonice
1767 3974 1826 4030 dis·

112 4063 322 4138 probibemus,
332 4063 373 4120 ita
388 4067 421 4120 ul
430 4064 487 4120 nisi
498 4064 538 4120 ab
548 4064 658 4122 abbate
669 4065 843 4121 monasterii
856 4064 945 4122 luerit
997 4061 1141 4136 ponenda
1154 4077 1224 4118 cum
1237 4059 1379 4117 omnibus
1394 4059 1456 4116 suis
1477 4059 1672 4133 pertinentiis,
1685 4061 1746 4118 sive
1767 4061 1826 4120 sint

6 4147 8 4178 ³
112 4152 265 4221 invitatus,
292 4169 347 4209 nec
384 4153 547 4211 missarum
583 4153 696 4210 ibidem
724 4153 944 4212 solemnitatem
997 4151 1141 4224 civitates,
1157 4167 1211 4208 scu
1224 4165 1415 4224 quacunque
1430 4155 1528 4207 castra
1541 4165 1683 4224 possessa
1706 4151 1824 4210 dudum

112 4241 265 4316 quispiam
279 4246 444 4315 praesumat
458 4242 583 4299 omnino
598 4241 758 4312 celebrare,
768 4247 800 4300 ut
809 4243 943 4317 prolecto
997 4241 1037 4300 ab
1052 4238 1296 4299 antecessoribus
1312 4237 1370 4295 tuis
1385 4237 1547 4312 episcopis,
1561 4237 1721 4297 constituta
1734 4239 1825 4314 siqui-

110 4332 199 4404 juxta
212 4330 244 4386 id
257 4331 339 4404 quod
355 4331 525 4403 subJ'cctum
539 4331 712 4406 apostolica
726 4331 942 4398 sedifirmitate
956 4297 978 4353 Β
997 4329 1067 4386 dem
1091 4329 1215 4400 insuper
1240 4341 1378 4395 censura,
1392 4325 1486 4384 divini
1501 4326 1558 4384 sub
1577 4326 1683 4399 iudicii
1696 4327 1825 4388 obtesta-

113 4419 262 4494 privilegii
275 4419 410 4477 consistit
423 4420 602 4478 inconcusse
617 4421 753 4478 dotatum
766 4425 943 4494 permaneat
996 4419 1086 4486 tione,
1103 4422 1132 4474 ct
1145 4416 1264 4486 validis,
1283 4420 1374 4490 atque
1402 4415 1599 4473 atrocioribus
1625 4417 1825 4476 anathematis

112 4507 187 4564 locis
201 4513 230 4565 et
242 4507 334 4564 rebus
343 4513 405 4565 tam
416 4509 459 4566 cis
468 4525 545 4582 quas
559 4509 707 4566 moderno
719 4515 853 4582 tempore
865 4513 942 4568 tenet
995 4505 1265 4576 interdictionibus,
1281 4508 1313 4562 ul
1327 4504 1428 4562 nullus
1444 4521 1580 4580 unquam
1599 4504 1719 4562 alterius
1728 4506 1824 4580 digni-

112 4596 161 4653 vel
188 4597 332 4670 possidet,
348 4614 442 4670 quam
463 4615 541 4672 quas
568 4598 675 4656 tuturis
703 4598 889 4672 temporibus
909 4599 941 4656 in
998 4597 1065 4654 tatis
1080 4598 1225 4670 potestate
1240 4593 1383 4668 praeditus
1395 4593 1488 4650 homo
1510 4597 1684 4667 praesumat,
1700 4593 1763 4650 sive
1787 4593 1824 4652 sit

109 4687 181 4758 jura
204 4685 299 4759 ipsius
324 4687 503 4745 venerabilis
517 4687 691 4745 monasterii
716 4687 819 4744 dimna
847 4687 941 4761 pietas
999 4685 1049 4742 illa
1063 4699 1186 4756 magna,
1197 4683 1259 4740 sive
1272 4698 1367 4756 parra
1376 4697 1516 4755 persona,
1530 4685 1583 4738 aut
1594 4681 1712 4738 Gracus
1725 4682 1757 4738 in
1771 4685 1824 4740 tua

112 4789 224 4844 augere
238 4774 364 4832 voluerit
377 4792 414 4832 ex
435 4774 524 4832 donis
538 4781 567 4834 et
581 4775 784 4833 oblationibus
801 4774 940 4832 decimis·
1000 4779 1104 4831 sancta
1118 4775 1326 4830 beneventana
1349 4769 1478 4828 Ecclesia
1493 4769 1627 4843 aliquam
1639 4786 1699 4828 um
1713 4769 1822 4840 facere,

112 4879 172 4936 que
186 4863 320 4920 fidelium
331 4865 447 4939 absque
461 4865 549 4922 ullius
559 4881 696 4941 persona
706 4865 940 4924 contradictione
998 4863 1046 4920 rel
1059 4861 1229 4935 deiis,quac
1242 4859 1268 4917 ei
1278 4859 1425 4933 pertinere
1439 4858 1578 4917 videmur
1591 4873 1715 4932 quoquo
1730 4860 1823 4918 modo

111 4951 253 5009 firmitate
279 4958 424 5027 perpetua
439 4953 618 5028 pcrlruatur.
636 4955 849 5014 Censtituimus
864 4971 939 5028 quo-
997 4953 1122 5020 aulerre,
1134 4957 1186 5008 aut
1211 4949 1353 5017 alienare,
1366 4947 1415 5006 vel
1435 4947 1478 5004 eis
1503 4947 1639 5005 minuere
1667 4949 1821 5022 terminos,

111 5057 171 5113 que
185 5056 239 5114 per
251 5041 343 5114 hujus
358 5043 468 5100 decreti
482 5043 576 5100 nostri
589 5043 732 5116 paginam
759 5049 791 5101 ut
811 5044 939 5118 quicun-
994 5047 1023 5100 et
1045 5057 1101 5098 nec
1124 5038 1292 5114 quamlibet
1318 5036 1466 5108 militiam,
1488 5039 1541 5094 aut
1564 5035 1739 5108 tracturam,
1758 5053 1822 5095 mo-

111 5143 171 5202 que
182 5129 344 5204 cujuslibet
357 5131 494 5188 Ecclesia
508 5131 620 5206 praesul
631 5131 677 5188 vel
698 5147 879 5206 quacunque
893 5133 939 5190 di·
993 5131 1117 5202 lestiam⁵
1137 5130 1168 5186 in
1198 5127 1305 5186 eadem
1333 5125 1441 5184 inferre
1467 5141 1651 5200 quocunque
1675 5131 1820 5199 tempore,

111 5217 225 5288 gnitate
252 5234 383 5292 persona
412 5221 492 5278 banc
514 5221 608 5277 nostri
633 5220 778 5293 privilegii
805 5221 941 5278 chartam
993 5236 1049 5277 nec
1071 5217 1190 5276 licentia
1211 5217 1258 5286 sit,
1281 5219 1314 5272 ut
1334 5215 1448 5274 dictum
1469 5219 1514 5272 est
1536 5231 1573 5272 ex
1593 5230 1640 5284 eo,
1664 5211 1820 5270 velomni-

111 5322 206 5380 quam
222 5310 396 5367 auctoritate
409 5309 554 5383 principis
567 5308 773 5383 apostolorum
783 5307 941 5366 firmamus
994 5308 1052 5366 bus
1067 5307 1165 5365 eidem
1188 5305 1418 5381 pertinentibus,
1432 5319 1591 5378 nunquam
1611 5315 1731 5371 magnae
1752 5315 1821 5374 par·

112 5399 257 5454 temerare
272 5397 437 5465 tentaverit,
451 5397 614 5454 anathema
638 5397 686 5464 sit,
702 5399 730 5454 et
744 5397 821 5453 iram
835 5397 941 5455 belin-
993 5413 1101 5470 vaeque
1126 5410 1263 5470 personae
1292 5393 1418 5462 auferre,
1446 5395 1477 5448 ut
1513 5392 1638 5462 praetato
1664 5388 1751 5460 juxta
1777 5387 1818 5458 id,

110 5485 939 5556 currensacoetuomniumsanctorumexlorrisexistat‚
994 5485 1078 5559 quod
1103 5501 1121 5542 a
1149 5483 1236 5540 nobis
1260 5485 1404 5540 statutum
1428 5481 1482 5544 est,
1507 5476 1613 5535 eadem
1641 5475 1818 5534 venerabilis

110 5572 306 5631 nihilominus
326 5573 440 5648 praelati
462 5575 635 5632 monasterii
658 5575 787 5648 dignitas
809 5591 828 5632 a
850 5573 940 5634 nobis
995 5580 1100 5632 sancta
1121 5575 1330 5630 Beneventano
1342 5565 1473 5624 Ecclesia
1493 5563 1664 5640 apostolicis
1678 5566 1817 5624 constitu-
