4106 6148
293 147 347 204 939

868 145 904 198 S..
918 143 1045 198 obortis
1067 139 1228 198 ARCHIEP.
1250 143 1427 202 CANTUAR.
1905 163 1940 215 pta

292 267 455 326 advertere.
472 263 586 321 Exstitit
601 264 681 320 euim
697 268 724 320 et
738 263 891 320 sanctitate
904 263 1076 331 laudabilis,
1089 265 1118 320 et
1137 268 1160 320 Α
1176 263 1289 334 derant,
1306 268 1357 340 qui
1369 283 1475 324 verum
1491 267 1668 338 sanguinem
1682 271 1746 327 inde
1768 289 1872 332 manare
1892 295 1939 335 ecn-

292 355 437 430 sapieutia
452 352 650 426 admirabilis,
661 355 690 410 et
700 353 866 410 constantia
880 352 1049 422 singularis.

291 455 440 513 Edredum
458 468 554 524 repent
580 457 675 524 ungit.
701 452 903 507 Eucharistiae
931 451 1119 508 adversaries

537 525 686 580 miracuta
713 524 868 579 conuertit.

328 628 371 681 ld.
386 625 464 694 Rege
477 625 578 680 autem
589 621 770 678 Eadmundo
779 623 807 676 in
819 621 910 677 <loma
923 639 978 677 sna
992 622 1117 678 malitio-

290 732 322 771 se
336 715 499 781 interfecto,
511 712 600 768 frater
610 711 675 784 ejus
693 711 826 767 Edredus
846 712 962 784 imperii
975 711 1117 782 dignitate

289 803 420 872 functus,
433 817 451 859 a
464 800 593 872 glorioso
609 801 711 857 Odone
740 800 968 856 t'arrtuariornm
997 815 1118 856 summo

290 893 432 965 pontifice
447 891 478 948 in
492 907 594 961 regem
609 906 693 947 sacra
707 895 751 946 est
761 890 1057 962 unctioneperfnsns.
1069 890 1118 945 His

290 979 397 1037 diebus
412 981 457 1037 vir
471 980 630 1053 praecipuae
646 978 801 1052 probitatis
816 983 995 1048 ttunstauus,
1008 980 1119 1035 Clasto-

290 1069 402 1127 niensis
416 1067 545 1125 caenobii
555 1067 749 1140 dignissimus
765 1067 871 1136 abhas
892 1084 1022 1136 magnus
1037 1066 1119 1140 apud

291 1175 404 1229 regem,
419 1162 447 1215 et
473 1157 657 1214 honorabilis
686 1158 767 1214 omni
798 1158 911 1230 populo
941 1157 1119 1213 habebatur.

292 1253 396 1306 Beatus
411 1252 511 1304 autem
527 1247 590 1304 Ode
609 1245 785 1304 moribuset
814 1252 898 1303 aetate
928 1247 1117 1317 grandaevus.

290 1337 432 1410 religione
448 1341 475 1394 et
483 1335 629 1393 industria
639 1336 763 1409 pollens,
779 1337 951 1392 anctoritate
966 1341 992 1392 et
1004 1336 1120 1392 modes-

277 1419 331 1486 'tia
355 1433 509 1501 praestans,
534 1425 705 1484 Christianis
730 1425 846 1494 legibus
872 1430 967 1482 totum
992 1441 1118 1496 regnum

290 1515 522 1590 prudentissime
536 1513 722 1571 nobilitabat.
740 1518 799 1569 Rex
813 1516 876 1587 ipse
891 1517 985 1570 [teum
999 1515 1119 1586 timens,

1177 357 1354 429 spexissent.

1324 447 1435 502 Mittam
1449 447 1480 503 in
1492 449 1708 505 restauratione
1721 451 1835 507 certesiae

1213 539 1253 590 tt.
1271 534 1357 590 alind
1372 551 1494 608 quoque
1506 535 1640 592 divinum
1655 552 1685 592 re
1697 554 1763 593 vera
1772 539 1913 597 miraculum
1922 545 1938 599 in

1174 623 1298 680 eeclesia
1315 625 1362 680 cui
1378 630 1504 697 praeerat
1519 623 1587 681 fecit
1603 644 1609 694 3
1623 625 1683 682 imo
1698 627 1758 699 ipse
1771 645 1824 684 nou
1835 631 1894 689 ferit.
1907 637 1938 688 sei

1174 712 1225 783 qui
1240 712 1321 767 solus
1334 713 1424 769 habet
1440 713 1625 769 divinitatem
1637 713 1668 770 in
1682 713 1730 771 illo
1748 715 1815 772 fecit.
1839 721 1895 774 Nam
1916 727 1939 777 tr·

1174 801 1400 872 etumejusdem
1409 801 1550 872 ecclesiae,
1560 803 1791 860 nimiovetustote
1804 813 1939 880 corruptan.

1175 889 1344 962 semiruptis
1355 905 1408 963 per
1425 895 1517 946 toturn
1533 891 1666 964 partibus
1680 891 1825 964 pendebat.
1838 896 1901 960 Onod
1911 897 1940 952 iltr

1176 995 1321 1036 renovare
1338 980 1471 1053 cupiens,
1487 997 1668 1054 murumque
1680 981 1709 1037 in
1719 984 1895 1054 porrectiorem
1906 987 1941 1040 rei-

1177 1068 1337 1124 situdinem
1353 1069 1482 1125 exaltare
1495 1069 1677 1138 desiderans,
1702 1076 1865 1141 congregatis
1884 1073 1942 1128 artifi-

1175 1157 1260 1213 cibus
1275 1158 1416 1231 praecepit
1428 1161 1457 1214 et
1471 1158 1553 1231 quod
1568 1159 1744 1216 dissolutum
1768 1159 1877 1234 desuper
1894 1163 1941 1217 eni-

1175 1247 1394 1320 nebatpcnitus
1408 1247 1482 1320 tolli,
1511 1253 1538 1304 et
1558 1249 1642 1322 quod
1670 1249 1765 1305 minus
1786 1249 1812 1304 in
1833 1249 1941 1306 altitudine

1175 1353 1280 1392 murus
1293 1335 1424 1393 babebat
1436 1337 1525 1408 jussit
1536 1336 1646 1393 extolli,
1677 1338 1731 1396 Sed
1754 1338 1818 1412 quia
1840 1339 1910 1394 clerus
1921 1355 1941 1394 ac

1175 1425 1306 1498 populus
1321 1425 1438 1499 absque
1455 1425 1573 1482 servitio
1588 1425 1688 1482 divine
1701 1442 1762 1482 asse
1778 1443 1831 1482 noa
1853 1427 1940 1490 valebat,

1175 1519 1203 1569 et
1218 1519 1308 1570 tante
1324 1515 1541 1585 magnitudinis
1554 1515 1701 1589 templum
1715 1531 1773 1572 non
1793 1515 1943 1588 reperiebatur

291 1607 389 1664 bonos
402 1621 540 1679 quosque
557 1603 678 1677 speciali
693 1603 803 1659 amoris
816 1603 973 1659 dulcedine
1004 1603 1118 1671 foveae,
1139 1621 1160 1673 g
1175 1619 1243 1676 quae
1257 1603 1296 1660 ad
1309 1605 1488 1678 capiendam
1499 1621 1667 1662 numerosa
1677 1605 1768 1679 plebis
1778 1605 1943 1662 mutuans

292 1695 389 1752 malos
402 1711 482 1762 vero,
496 1710 534 1750 ne
549 1709 604 1748 sua
616 1691 773 1765 tyrannide
797 1691 873 1747 hene
902 1697 1024 1762 agentes
1053 1709 1121 1747 con-

292 1783 456 1852 turbarent,
472 1782 585 1839 fortiter
597 1797 746 1855 premens,
762 1781 835 1836 boni
851 1781 993 1854 principis
1021 1798 1120 1838 mores

293 1877 321 1929 et
334 1875 417 1929 actus
432 1871 662 1946 exsequebatur.
675 1871 736 1927 Hoc
751 1869 843 1925 ferme
853 1870 1121 1943 temporequidam

294 1963 402 2035 cleriei,
419 1961 553 2032 maligno
569 1977 667 2018 errore
698 1960 773 2032 (270)
801 1961 924 2034 seducti,
951 1975 1121 2017 asseverare

294 2052 481 2110 conabantur
495 2066 605 2125 panem
619 2055 647 2107 et
661 2050 765 2106 vinum
780 2065 847 2123 quae
861 2050 892 2105 in
908 2049 993 2107 altari
1004 2065 1122 2124 ponun-

293 2149 349 2212 tur,
361 2145 430 2216 post
445 2140 700 2198 consecrationem
715 2139 745 2196 in
761 2139 851 2212 priori
867 2140 1034 2196 substantia
1053 2155 1121 2213 per-

293 2245 425 2298 manere,
436 2233 465 2286 et
478 2228 609 2300 figuram
622 2229 833 2286 tantummodo
849 2245 915 2284 esse
942 2229 1075 2302 corporis
1094 2233 1122 2285 et

294 2318 448 2389 sanguinis
464 2318 578 2385 Christi,
608 2335 669 2374 non
693 2335 798 2374 verum
824 2317 927 2375 Christi
956 2334 1065 2392 corpus
1094 2321 1122 2373 et

294 2409 482 2479 sanguinem.
498 2409 631 2474 Quorum
649 2423 803 2464 enormem
830 2407 988 2480 perfidiam
1012 2407 1120 2463 beatus

294 2499 357 2555 Odo
372 2499 523 2554 destruere
538 2499 672 2570 cupiens,
686 2497 759 2552 dum
775 2497 909 2568 quadam
923 2497 970 2552 die
987 2497 1017 2552 in
1033 2513 1120 2552 cons-

293 2591 382 2660 pectu
396 2587 485 2644 totius
500 2587 604 2660 populi
616 2586 814 2642 sacrosanctis
829 2585 992 2641 missarum
1015 2585 1120 2641 solem·

293 2674 351 2730 niis
370 2673 494 2730 devotus
522 2674 698 2740 intenderet,
728 2674 875 2747 expressis
902 2669 1043 2747 lacrymis
1071 2675 1122 2732 Dei

294 2763 506 2836 omnipotentis
523 2764 712 2820 clementiam
726 2763 756 2820 in
769 2780 824 2820 suo
839 2763 1002 2820 ministerio
1017 2764 1120 2820 adfore

293 2853 465 2926 postulavit,
478 2869 545 2926 quae
557 2853 596 2909 ad
608 2853 801 2928 depellendos
823 2853 981 2910 hominum
1006 2869 1121 2910 errores

294 2941 513 3000 substantivam
523 2941 693 2999 divinorum
717 2943 928 3016 mysteriorum
957 2943 1148 3028 declararet(

293 3030 514 3103 proprietatem.
529 3033 663 3104 Cumque
688 3029 727 3086 ad
755 3031 988 3086 confractionem
1012 3030 1118 3086 vivifici

288 3121 379 3198 panis
395 3125 517 3178 ventum
528 3121 631 3176 fuisset
644 3139 663 3177 o
676 3121 859 3176 iness'abilem
880 3121 930 3176 itai
955 3120 1118 3176 miseratio-

290 3225 396 3279 nem,o
405 3215 581 3283 praesentem
590 3215 707 3266 reternre
719 3211 884 3282 nrajestatis
895 3210 1097 3265 ostensionem
1112 3211 1117 3264 t

291 3298 446 3354 confestim
474 3315 607 3372 namque
633 3299 709 3355 inter
734 3315 844 3354 manus
859 3299 1017 3372 pontilicis,
1044 3299 1119 3368 frag-

290 3393 391 3444 menta
404 3388 538 3461 corporis
554 3389 659 3446 Christi
675 3389 811 3448 tenentis.
838 3389 960 3458 sanguis
981 3389 1117 3458 guttatim

290 3475 420 3532 defluere
435 3477 534 3548 erepit.
548 3479 634 3532 Stans
644 3476 743 3548 itaque
759 3477 902 3548 pontifex,
919 3483 946 3532 et
959 3495 1019 3549 prae
1044 3493 1117 3543 gau-

289 3563 339 3619 dio
354 3565 460 3620 uberes
475 3565 627 3636 lacrymas
655 3565 795 3630 fundens,
828 3567 923 3621 innuit
951 3566 1118 3622 astantibus

288 3652 431 3708 ministris
446 3658 478 3709 ut
490 3653 530 3708 ilfi
546 3654 737 3726 potissimum
751 3654 890 3726 proprius
907 3655 1051 3711 accedant
1065 3657 1117 3728 qui

287 3755 384 3814 nuper
398 3741 429 3797 in
444 3741 504 3798 tide
520 3741 728 3799 titubaverant
754 3743 854 3798 Vocati
868 3742 957 3813 igitur
985 3743 1117 3800 celeriter

286 3831 408 3900 adsunt,
424 3835 514 3905 atque
529 3831 725 3889 intactarum
748 3847 848 3888 rerum
878 3832 1115 3891 consideratione

285 3920 495 3992 perterrefacti,
509 3921 654 3994 pavitanti
670 3937 742 3977 voce
753 3921 923 3977 exclamant
938 3941 945 3991 ;
962 3923 984 3980 Ο
999 3926 1025 3979 tc
1039 3923 1116 3979 inter

194 3995 202 4004 '
284 4009 643 4067 hominesteiicissimum
658 4011 756 4078 hodie,
772 4011 920 4067 curritius
946 4012 994 4068 ner
1018 4029 1114 4068 seme-

285 4099 396 4172 tipsum
411 4100 443 4157 in
454 4115 543 4156 carne
558 4099 753 4170 dignatusest
767 4100 899 4156 revelare
913 4101 919 4156 t
934 4104 967 4157 Et
976 4117 1111 4158 rursum:

284 4189 390 4258 Exora,
405 4188 554 4262 inquiunt,
575 4189 743 4262 paululum,
768 4193 861 4257 Pater,
879 4206 969 4246 exora
995 4191 1112 4248 Domini

1176 1691 1311 1749 sufficere
1326 1693 1488 1765 videretur,
1505 1695 1684 1768 deprecatus
1698 1700 1740 1752 est
1751 1695 1863 1768 pontifex
1878 1695 1942 1750 honn-

1175 1797 1250 1838 num
1265 1787 1295 1839 ut
1310 1799 1469 1856 quousque
1485 1800 1561 1857 opus
1577 1785 1740 1858 incaeptum
1754 1787 1942 1840 consummatum

1175 1871 1287 1942 suiset,
1300 1873 1381 1930 nulla
1393 1873 1558 1930 autiufusio
1566 1873 1777 1946 imbrium,aut
1786 1873 1943 1930 usventornn

1175 1959 1392 2032 intremuere
1407 1961 1538 2018 ecclesiae
1551 1961 1755 2032 descenderet,
1767 1977 1827 2035 que
1837 1975 1901 2016 cosa
1916 1959 1943 2013 di·

1174 2049 1243 2104 vino
1256 2066 1346 2123 opere
1359 2051 1517 2123 prohibere
1530 2051 1653 2108 valeret.
1668 2052 1836 2124 Factumque
1848 2053 1882 2105 cst
1889 2051 1911 2102 nt
1926 2049 1943 2102 in

1176 2138 1219 2193 trit
1238 2155 1269 2193 ·1s
1284 2139 1371 2195 annis
1382 2139 1493 2212 quibus
1504 2139 1638 2196 ecciesiae
1648 2140 1724 2196 mari
1739 2141 1767 2196 in
1785 2139 1864 2195 altum
1884 2135 1944 2209 perri·

1176 2229 1334 2299 gehantur,
1348 2233 1410 2284 tota
1421 2227 1535 2284 fabrica
1549 2229 1680 2302 desuper
1689 2233 1806 2302 pateret,
1817 2231 1943 2283 nectanen.

1175 2331 1237 2372 uon
1251 2317 1318 2373 dico
1330 2317 1408 2374 infra
1424 2317 1572 2374 ambitum
1589 2318 1683 2374 solius
1701 2317 1831 2384 eeclesia,
1856 2315 1893 2370 sed
1911 2329 1943 2367 ner

1176 2405 1253 2460 intra
1269 2423 1371 2462 muros
1386 2406 1476 2462 totius
1492 2407 1620 2462 civitatis
1635 2407 1730 2463 imber
1744 2403 1882 2479 aliquande
1901 2401 1935 2456 des

1177 2495 1324 2564 uenderet,
1338 2494 1390 2566 qui
1404 2495 1450 2550 vel
1463 2495 1575 2551 clerum
1589 2495 1622 2550 in
1647 2495 1767 2552 ecclesia
1788 2493 1944 2550 consistentem

1177 2581 1216 2636 ab
1227 2581 1324 2638 officio
1340 2583 1529 2656 praepediret,
1547 2583 1592 2638 vel
1605 2585 1750 2658 poprdum
1778 2583 1812 2638 ad
1834 2579 1944 2636 ecclesian

1177 2677 1402 2729 concurrentem
1442 2673 1635 2746 aliquatenus
1665 2677 1762 2747 posset
1789 2672 1823 2728 ab
1856 2671 1944 2737 inrupto

1176 2761 1324 2817 cohibere.
1361 2763 1488 2834 Eratque
1522 2777 1569 2817 res
1591 2762 1686 2834 digna
1721 2757 1876 2834 spectaculo,
1900 2768 1944 2809 cun

1175 2848 1291 2905 videres
1319 2849 1422 2906 omnia
1450 2850 1575 2907 civitatis
1600 2851 1735 2923 pomeria
1760 2849 1835 2923 aquis
1857 2841 1943 2905 infundi,

1175 2941 1202 2993 at
1230 2939 1294 3008 ejus
1319 2939 1432 2995 moenia
1446 2937 1529 2994 nulla
1543 2939 1715 3011 pluviarum
1729 2936 1893 2996 inundatione
1905 2945 1944 2986 na·
1993 3009 1994 3024 χ

1174 3025 1287 3084 defieri.

1175 3125 1328 3194 ditarem,
1363 3143 1460 3199 regern
1492 3129 1697 3193 libidinosum,
1721 3143 1774 3198 per
1794 3127 1943 3182 maranae,

1342 3205 1404 3255 tum
1416 3215 1472 3269 per
1485 3215 1515 3256 se
1530 3202 1691 3257 emendare
1700 3203 1824 3256 conatur.

1211 3305 1253 3356 tf.
1266 3302 1338 3357 uum
1355 3301 1456 3354 autam
1470 3313 1522 3354 rex
1535 3297 1671 3354 Edredus
1696 3295 1872 3354 transitoriam
1883 3288 1942 3342 ritem

1169 3390 1233 3446 'vita
1245 3388 1366 3462 perenni
1378 3393 1587 3460 permutasset,
1606 3389 1704 3445 Edvris
1720 3387 1794 3442 titius
1813 3396 1885 3454 snpra
1903 3393 1942 3431 ne-

1172 3479 1279 3536 mcrati
1289 3478 1366 3547 regis
1381 3477 1560 3544 liadmnndi,
1574 3477 1605 3532 in
1622 3476 1832 3549 regemelectus
1848 3473 1888 3526 est.
1908 3463 1942 3558 Oti

1172 3569 1307 3625 moribus
1323 3573 1351 3622 et
1363 3571 1448 3622 atate
1457 3565 1651 3637 juvenculus,
1673 3567 1811 3638 J'uvenum
1831 3575 1890 3634 quos
1908 3553 1942 3607 siit

1172 3658 1295 3714 comites
1309 3661 1399 3728 atque
1422 3655 1562 3710 satellites
1590 3656 1788 3712 associaverat
1808 3665 1866 3706 mox
1884 3641 1942 3712 currit

1171 3746 1302 3803 consiliis
1314 3745 1365 3810 uti,
1379 3745 1486 3818 spretis
1499 3743 1633 3812 senibus,
1650 3761 1726 3818 quos
1741 3745 1802 3810 vitu,
1816 3731 1942 3795 merihnsri

1169 3841 1253 3892 aetate
1266 3849 1378 3904 magna
1392 3833 1691 3906 prreditosindnstria
1705 3837 1732 3889 et
1740 3827 1887 3889 auctoritate
1895 3833 1941 3912 conj

1169 3925 1276 3982 stabat.
1289 3923 1372 3980 Unde
1387 3927 1541 3995 correptus
1557 3937 1575 3979 a
1589 3921 1751 3979 fortissimo
1770 3909 1849 3976 milite
1872 3908 1941 4000 Christ

1168 4014 1282 4084 Odone,
1298 4011 1514 4084 aliquantisper
1529 4028 1559 4067 se
1570 4011 1766 4085 temperabat,
1780 4019 1868 4064 verens
1880 4015 1906 4055 ne
1926 4009 1941 4090 e

1167 4101 1252 4158 illum
1274 4101 1457 4157 omnimodis
1483 4115 1545 4156 non
1574 4101 1702 4172 audiret,
1730 4097 1812 4169 regiae
1833 4089 1941 4162 dignitatis

1169 4191 1406 4248 benedictionem
1421 4189 1496 4246 ultra
1510 4194 1616 4246 votum
1630 4207 1719 4246 suum
1733 4189 1786 4244 sihi
1795 4187 1856 4242 dare
1874 4177 1940 4236 dititt·

284 4277 481 4348 majestatem,
496 4283 528 4336 ut
538 4279 569 4334 in
583 4279 740 4351 pristinam
755 4279 883 4335 formam
898 4295 1030 4352 praesens
1046 4297 1113 4337 san·
1161 4285 1219 4338 ret.
1236 4285 1271 4336 At
1285 4279 1337 4336 ubi
1352 4279 1458 4336 eadem
1472 4279 1684 4336 benedictione
1696 4277 1801 4354 pob'tus
1822 4275 1867 4336 est,
1889 4263 1940 4321 iiiiro

284 4366 350 4435 guis
365 4371 574 4435 commutetur,
589 4383 627 4422 ne
640 4384 695 4423 nos
709 4373 831 4441 propter
852 4367 1036 4426 infidelitatis
1063 4385 1109 4425 er·
1166 4369 1251 4443 quasi
1268 4368 1387 4424 effrenis
1394 4367 1529 4437 effectus,
1546 4383 1653 4424 omnes
1665 4367 1761 4426 cordis
1776 4363 1817 4420 sui
1837 4351 1940 4444 sequeha·

281 4469 381 4511 rorem
389 4454 491 4512 divina
504 4455 574 4512 ultio
586 4459 736 4528 sequatur,
752 4457 853 4514 Oravit
865 4473 936 4528 ergo
947 4459 1086 4515 sacerdos
1102 4477 1108 4528 ;
1164 4463 1212 4516 tur
1227 4458 1360 4515 affectus.
1387 4460 1491 4514 factus
1513 4461 1558 4514 est
1576 4457 1667 4528 igitur
1684 4455 1856 4530 voluptatum
1876 4451 1940 4508 maps

281 4547 349 4616 post
363 4543 528 4600 orationem
542 4543 580 4600 ad
594 4560 679 4601 aram
694 4545 833 4618 respexit,
850 4549 878 4601 et
892 4545 944 4600 ubi
955 4545 1111 4604 dimiserat
1165 4563 1258 4621 quam
1272 4547 1333 4619 Dei,
1357 4537 1482 4603 luxuriae
1510 4561 1605 4619 quam
1634 4543 1807 4611 sobrietatis,
1824 4531 1939 4622 mitium

282 4635 472 4706 sanguinem,
482 4639 658 4691 cousuetam
669 4635 727 4691 vini
738 4635 1111 4710 reperitSpeciem.Sump-
1164 4653 1258 4711 quam
1274 4636 1414 4693 castitatis
1423 4639 1550 4692 amator.
1563 4635 1739 4708 lbatitaque
1747 4633 1825 4706 Juxta
1834 4617 1939 4682 desidera

281 4721 318 4778 tis
346 4729 447 4779 autem
489 4723 658 4780 coeicstibus
698 4724 904 4794 sacramentis,
940 4724 1109 4782 letantibus
1163 4726 1332 4793 eordissui,
1349 4723 1723 4798 etiniquagerensaenis
1745 4710 1938 4778 benedcebatnr-

280 4813 395 4867 cernetis
408 4813 459 4886 qul
471 4814 559 4870 tantis
571 4813 729 4870 interfuere
751 4813 937 4888 spectaculis,
968 4816 1110 4890 praecepit
1163 4815 1257 4887 Super
1271 4815 1334 4869 hrac
1347 4829 1383 4869 ea
1401 4813 1448 4868 die
1460 4830 1521 4888 qua
1534 4813 1617 4884 regni
1628 4827 1769 4870 coronam
1783 4809 1810 4865 in
1819 4797 1938 4872 compedit

279 4901 411 4972 pontifex
426 4919 482 4974 pro
497 4903 667 4968 testimonio
682 4903 901 4986 lantredvirtutis
920 4921 1027 4962 omnes
1054 4923 1108 4962 un·
1162 4904 1250 4960 totius
1264 4901 1401 4958 Ecclesiae
1415 4901 1446 4958 in
1460 4903 1555 4976 capite
1569 4903 1669 4974 gessit,
1683 4901 1779 4974 gravis
1792 4889 1939 4952 insaniem

278 4989 437 5064 docunque
449 5007 595 5064 pauperes
608 4993 775 5064 aggregari,
798 4997 827 5051 et
846 4994 980 5052 solemne
1007 4996 1107 5053 couvi·
1161 4995 1322 5048 tamtantue
1334 4991 1435 5062 gloriae
1448 4991 1545 5049 etsibi
1558 4991 1690 5063 ingessit.
1717 4993 1787 5048 Cum
1806 4982 1872 5041 enin
1894 4971 1938 5068 fii

277 5076 360 5134 vium
375 5077 675 5153 eisdeorpraeparari.
694 5087 756 5154 lpse
772 5087 872 5140 uatem
892 5101 961 5141 cum
986 5084 1049 5141 suis
1076 5084 1107 5140 in
1160 5081 1293 5138 officium
1309 5081 1543 5140 ecclesiasticum
1556 5097 1618 5140 una
1644 5097 1714 5138 cum
1743 5071 1935 5152 arehiepi⁵⁰0f¹⁵j

276 5184 388 5240 magna
400 5168 564 5240 gratiarum
580 5170 694 5226 actione
707 5171 839 5230 laetitiam
853 5173 971 5244 agebat,
987 5177 1106 5248 propte·
1159 5173 1319 5247 episcopis,
1333 5173 1495 5230 abbatibus
1507 5173 1682 5246 ceterisque
1695 5164 1862 5244 principibus
1880 5159 1936 5250 Ψ

276 5275 327 5315 rea
342 5257 425 5332 quod
436 5259 535 5316 omnis
547 5275 629 5316 error
642 5260 679 5316 de
694 5261 848 5318 dominico
862 5263 1106 5337 corpereinpcc·
1156 5262 1221 5334 jam
1235 5277 1367 5338 pransus
1393 5259 1517 5333 sederet,
1545 5261 1643 5319 subito
1668 5258 1797 5326 exsilivit,
1821 5257 1845 5308 et
1867 5241 1935 5302 ¹0¹¹⁰¹⁰

276 5351 338 5404 tore
354 5365 477 5406 suorum
489 5349 618 5408 abolitus
631 5350 755 5416 fuisset;
781 5367 836 5408 nee
847 5352 925 5410 ultra
940 5369 1051 5426 panem
1074 5353 1104 5410 in
1159 5351 1309 5408 consortio
1320 5353 1467 5421 omniurn,
1483 5351 1513 5408 in
1525 5351 1713 5408 secretiorem
1737 5362 1798 5404 sese
1824 5337 1934 5396 canter811¹

274 5433 359 5491 altari
380 5439 510 5509 positum
536 5457 641 5496 verum
666 5440 771 5497 Christi
796 5457 906 5513 corpus
934 5458 999 5497 esse
1026 5441 1103 5498 diffr-
1159 5441 1293 5512 contulit,
1332 5443 1462 5498 duarum
1501 5441 1679 5497 feminarum
1713 5437 1768 5494 illic
1802 5445 1859 5488 eum
1889 5432 1933 5486 ap»

309 5543 379 5614 (270)
402 5547 466 5624 llaec
482 5548 604 5603 totidem
619 5547 718 5604 verbis
744 5547 924 5606 ffaiheuvius
950 5549 1040 5606 refert
1067 5566 1103 5606 ex
1158 5551 1212 5606 sed
1226 5551 1427 5625 capgravium
1440 5551 1586 5608 hactenus
1610 5549 1696 5606 nobis
1724 5549 1876 5616 recuperare
1892 5533 1933 5580 ⁰⁰¹¹

271 5619 449 5687 capgravio,
462 5618 514 5689 qui
527 5619 652 5690 proinde
668 5621 748 5677 hunc
763 5621 898 5679 libellam
908 5621 973 5693 jam
988 5621 1101 5682 edidit:
1158 5621 1249 5680 licuit.
