<?xml version="1.0" encoding="UTF-8"?>
<!DOCTYPE html PUBLIC "-//W3C//DTD XHTML 1.0 Transitional//EN"
    "http://www.w3.org/TR/xhtml1/DTD/xhtml1-transitional.dtd">
<html xmlns="http://www.w3.org/1999/xhtml" xml:lang="en" lang="en">
 <head>
  <title>
</title>
<meta http-equiv="Content-Type" content="text/html;charset=utf-8" />
  <meta name='ocr-system' content='tesseract 3.04.00' />
  <meta name='ocr-capabilities' content='ocr_page ocr_carea ocr_par ocr_line ocrx_word'/>
</head>
<body>
  <div class='ocr_page' id='page_1' title='image "./patrologiaecurs107unkngoog/patrologiaecurs107unkngoog_0301.png"; bbox 0 0 4104 6162; ppageno 0'>
   <div class='ocr_carea' id='block_1_1' title="bbox 87 161 1796 227">
    <p class='ocr_par' dir='ltr' id='par_1_1' title="bbox 87 161 1796 227">
     <span class='ocr_line' id='line_1_1' title="bbox 87 161 1796 227; baseline 0.006 -12"><span class='ocrx_word' id='word_1_1' title='bbox 87 161 132 216; x_wconf 78' lang='lat'><strong>593</strong></span> <span class='ocrx_word' id='word_1_2' title='bbox 610 161 856 220; x_wconf 68' lang='lat' dir='ltr'><strong>cellariorum</strong></span> <span class='ocrx_word' id='word_1_3' title='bbox 872 161 962 218; x_wconf 85' lang='lat' dir='ltr'>LIBRI</span> <span class='ocrx_word' id='word_1_4' title='bbox 977 163 1074 218; x_wconf 85' lang='lat' dir='ltr'><strong>TRES.</strong></span> <span class='ocrx_word' id='word_1_5' title='bbox 1090 193 1124 203; x_wconf 92' lang='lat'>—</span> <span class='ocrx_word' id='word_1_6' title='bbox 1141 163 1204 218; x_wconf 79' lang='lat' dir='ltr'><strong>ala.</strong></span> <span class='ocrx_word' id='word_1_7' title='bbox 1220 165 1266 220; x_wconf 90' lang='lat' dir='ltr'><strong>iil.</strong></span> <span class='ocrx_word' id='word_1_8' title='bbox 1744 173 1796 227; x_wconf 74' lang='grc'><strong>594</strong></span> 
     </span>
    </p>
   </div>
   <div class='ocr_carea' id='block_1_2' title="bbox 73 280 1795 3104">
    <p class='ocr_par' dir='ltr' id='par_1_2' title="bbox 73 280 1795 3104">
     <span class='ocr_line' id='line_1_2' title="bbox 85 280 1795 362; baseline 0.006 -24"><span class='ocrx_word' id='word_1_9' title='bbox 85 297 171 356; x_wconf 91' lang='lat' dir='ltr'><strong>quem</strong></span> <span class='ocrx_word' id='word_1_10' title='bbox 179 280 304 339; x_wconf 91' lang='lat' dir='ltr'><strong>articulo</strong></span> <span class='ocrx_word' id='word_1_11' title='bbox 316 283 458 356; x_wconf 89' lang='lat' dir='ltr'><strong>temporis</strong></span> <span class='ocrx_word' id='word_1_12' title='bbox 468 283 558 354; x_wconf 69' lang='lat' dir='ltr'><strong>bruas</strong></span> <span class='ocrx_word' id='word_1_13' title='bbox 567 283 911 342; x_wconf 83' lang='lat' dir='ltr'><strong>aheocredimusreser-</strong></span> <span class='ocrx_word' id='word_1_14' title='bbox 967 285 1035 358; x_wconf 91' lang='lat' dir='ltr'><strong>plus</strong></span> <span class='ocrx_word' id='word_1_15' title='bbox 1051 285 1094 341; x_wconf 91' lang='lat' dir='ltr'><strong>eis</strong></span> <span class='ocrx_word' id='word_1_16' title='bbox 1107 283 1248 357; x_wconf 79' lang='lat' dir='ltr'>prodesse</span> <span class='ocrx_word' id='word_1_17' title='bbox 1263 299 1317 358; x_wconf 92' lang='lat' dir='ltr'><strong>per</strong></span> <span class='ocrx_word' id='word_1_18' title='bbox 1330 285 1548 358; x_wconf 87' lang='lat' dir='ltr'><strong>providentiam</strong></span> <span class='ocrx_word' id='word_1_19' title='bbox 1564 287 1669 359; x_wconf 79' lang='lat' dir='ltr'><strong>possit,</strong></span> <span class='ocrx_word' id='word_1_20' title='bbox 1681 295 1795 362; x_wconf 91' lang='lat' dir='ltr'><strong>quanto</strong></span> 
     </span>
     <span class='ocr_line' id='line_1_3' title="bbox 84 369 1792 448; baseline 0.006 -22"><span class='ocrx_word' id='word_1_21' title='bbox 84 375 193 437; x_wconf 90' lang='lat' dir='ltr'><strong>vatum,</strong></span> <span class='ocrx_word' id='word_1_22' title='bbox 207 369 245 426; x_wconf 91' lang='lat' dir='ltr'><strong>ad</strong></span> <span class='ocrx_word' id='word_1_23' title='bbox 258 369 332 426; x_wconf 91' lang='lat' dir='ltr'><strong>illud</strong></span> <span class='ocrx_word' id='word_1_24' title='bbox 357 370 556 444; x_wconf 88' lang='lat' dir='ltr'><strong>apostolicum</strong></span> <span class='ocrx_word' id='word_1_25' title='bbox 584 371 737 444; x_wconf 92' lang='lat' dir='ltr'><strong>studeatis,</strong></span> <span class='ocrx_word' id='word_1_26' title='bbox 762 371 911 444; x_wconf 77' lang='lat' dir='ltr'><strong>corripere</strong></span> <span class='ocrx_word' id='word_1_27' title='bbox 967 374 1089 430; x_wconf 89' lang='lat' dir='ltr'><strong>terrenis</strong></span> <span class='ocrx_word' id='word_1_28' title='bbox 1101 373 1193 430; x_wconf 90' lang='lat' dir='ltr'><strong>rebus</strong></span> <span class='ocrx_word' id='word_1_29' title='bbox 1209 373 1345 432; x_wconf 91' lang='lat' dir='ltr'><strong>animum</strong></span> <span class='ocrx_word' id='word_1_30' title='bbox 1360 387 1422 430; x_wconf 91' lang='lat' dir='ltr'><strong>non</strong></span> <span class='ocrx_word' id='word_1_31' title='bbox 1437 375 1588 448; x_wconf 79' lang='lat' dir='ltr'><strong>supponit.</strong></span> <span class='ocrx_word' id='word_1_32' title='bbox 1605 380 1645 432; x_wconf 81' lang='lat' dir='ltr'><strong>Ae</strong></span> <span class='ocrx_word' id='word_1_33' title='bbox 1659 376 1768 436; x_wconf 90' lang='lat' dir='ltr'><strong>deinde</strong></span> <span class='ocrx_word' id='word_1_34' title='bbox 1785 397 1792 436; x_wconf 91' lang='lat'>:</span> 
     </span>
     <span class='ocr_line' id='line_1_4' title="bbox 84 459 1794 538; baseline 0.005 -21"><span class='ocrx_word' id='word_1_35' title='bbox 84 459 216 518; x_wconf 89' lang='lat' dir='ltr'><strong>videlicet</strong></span> <span class='ocrx_word' id='word_1_36' title='bbox 230 460 389 534; x_wconf 90' lang='lat' dir='ltr'><strong>inquietos,</strong></span> <span class='ocrx_word' id='word_1_37' title='bbox 413 459 561 518; x_wconf 89' lang='lat' dir='ltr'><strong>consolari</strong></span> <span class='ocrx_word' id='word_1_38' title='bbox 582 461 801 534; x_wconf 89' lang='lat' dir='ltr'><strong>pusillanimes,</strong></span> <span class='ocrx_word' id='word_1_39' title='bbox 816 461 911 518; x_wconf 90' lang='lat' dir='ltr'><strong>susci·</strong></span> <span class='ocrx_word' id='word_1_40' title='bbox 966 463 988 519; x_wconf 94' lang='lat'>0</span> <span class='ocrx_word' id='word_1_41' title='bbox 1003 478 1097 536; x_wconf 90' lang='lat' dir='ltr'><strong>quam</strong></span> <span class='ocrx_word' id='word_1_42' title='bbox 1111 462 1183 518; x_wconf 91' lang='lat' dir='ltr'><strong>mihi</strong></span> <span class='ocrx_word' id='word_1_43' title='bbox 1196 463 1272 520; x_wconf 88' lang='lat' dir='ltr'><strong>dura</strong></span> <span class='ocrx_word' id='word_1_44' title='bbox 1285 462 1420 520; x_wconf 90' lang='lat' dir='ltr'><strong>suntiste</strong></span> <span class='ocrx_word' id='word_1_45' title='bbox 1433 478 1502 534; x_wconf 88' lang='lat' dir='ltr'><strong>quoe</strong></span> <span class='ocrx_word' id='word_1_46' title='bbox 1521 462 1640 536; x_wconf 87' lang='lat' dir='ltr'><strong>loquor,</strong></span> <span class='ocrx_word' id='word_1_47' title='bbox 1656 465 1730 538; x_wconf 90' lang='lat' dir='ltr'><strong>quia</strong></span> <span class='ocrx_word' id='word_1_48' title='bbox 1744 483 1794 524; x_wconf 91' lang='lat' dir='ltr'><strong>me</strong></span> 
     </span>
     <span class='ocr_line' id='line_1_5' title="bbox 83 549 1794 626; baseline 0.005 -20"><span class='ocrx_word' id='word_1_49' title='bbox 83 565 150 626; x_wconf 87' lang='lat' dir='ltr'><strong>pere</strong></span> <span class='ocrx_word' id='word_1_50' title='bbox 159 549 306 618; x_wconf 88' lang='lat' dir='ltr'><strong>infirmos,</strong></span> <span class='ocrx_word' id='word_1_51' title='bbox 314 554 344 606; x_wconf 93' lang='lat' dir='ltr'><strong>et</strong></span> <span class='ocrx_word' id='word_1_52' title='bbox 354 549 395 608; x_wconf 91' lang='lat' dir='ltr'><strong>ita</strong></span> <span class='ocrx_word' id='word_1_53' title='bbox 402 549 565 624; x_wconf 89' lang='lat' dir='ltr'><strong>patientem</strong></span> <span class='ocrx_word' id='word_1_54' title='bbox 577 567 643 608; x_wconf 91' lang='lat' dir='ltr'><strong>esse</strong></span> <span class='ocrx_word' id='word_1_55' title='bbox 656 551 696 609; x_wconf 90' lang='lat' dir='ltr'><strong>ad</strong></span> <span class='ocrx_word' id='word_1_56' title='bbox 707 551 913 609; x_wconf 81' lang='lat' dir='ltr'><strong>omueslieati</strong></span> <span class='ocrx_word' id='word_1_57' title='bbox 964 551 1066 625; x_wconf 92' lang='lat' dir='ltr'><strong>ipsum</strong></span> <span class='ocrx_word' id='word_1_58' title='bbox 1079 551 1232 626; x_wconf 92' lang='lat' dir='ltr'><strong>loquendo</strong></span> <span class='ocrx_word' id='word_1_59' title='bbox 1247 551 1337 608; x_wconf 86' lang='lat' dir='ltr'><strong>ferio!</strong></span> <span class='ocrx_word' id='word_1_60' title='bbox 1354 550 1409 608; x_wconf 92' lang='lat' dir='ltr'><strong>sed</strong></span> <span class='ocrx_word' id='word_1_61' title='bbox 1421 550 1532 620; x_wconf 89' lang='lat' dir='ltr'><strong>dicam,</strong></span> <span class='ocrx_word' id='word_1_62' title='bbox 1542 550 1643 608; x_wconf 92' lang='lat' dir='ltr'><strong>dicam</strong></span> <span class='ocrx_word' id='word_1_63' title='bbox 1659 559 1691 611; x_wconf 92' lang='lat' dir='ltr'><strong>ut</strong></span> <span class='ocrx_word' id='word_1_64' title='bbox 1702 555 1794 614; x_wconf 88' lang='lat' dir='ltr'><strong>etiam</strong></span> 
     </span>
     <span class='ocr_line' id='line_1_6' title="bbox 83 638 1793 714; baseline 0.004 -18"><span class='ocrx_word' id='word_1_65' title='bbox 83 638 211 710; x_wconf 82' lang='lat' dir='ltr'><strong>Gregorii</strong></span> <span class='ocrx_word' id='word_1_66' title='bbox 225 638 376 712; x_wconf 89' lang='lat' dir='ltr'><strong>quosdam</strong></span> <span class='ocrx_word' id='word_1_67' title='bbox 390 643 526 714; x_wconf 90' lang='lat' dir='ltr'><strong>raptores</strong></span> <span class='ocrx_word' id='word_1_68' title='bbox 541 639 748 713; x_wconf 81' lang='lat' dir='ltr'><strong>aequanimiter</strong></span> <span class='ocrx_word' id='word_1_69' title='bbox 763 639 913 698; x_wconf 89' lang='lat' dir='ltr'><strong>toleretis:</strong></span> <span class='ocrx_word' id='word_1_70' title='bbox 965 654 1019 713; x_wconf 90' lang='lat' dir='ltr'><strong>per</strong></span> <span class='ocrx_word' id='word_1_71' title='bbox 1031 657 1080 698; x_wconf 90' lang='lat' dir='ltr'><strong>me</strong></span> <span class='ocrx_word' id='word_1_72' title='bbox 1105 657 1203 698; x_wconf 91' lang='lat' dir='ltr'><strong>sermo</strong></span> <span class='ocrx_word' id='word_1_73' title='bbox 1218 639 1268 698; x_wconf 79' lang='lat' dir='ltr'><strong>liei</strong></span> <span class='ocrx_word' id='word_1_74' title='bbox 1284 645 1370 698; x_wconf 89' lang='lat' dir='ltr'><strong>sonet</strong></span> <span class='ocrx_word' id='word_1_75' title='bbox 1395 643 1499 697; x_wconf 78' lang='lat' dir='ltr'><strong>conha</strong></span> <span class='ocrx_word' id='word_1_76' title='bbox 1511 655 1569 696; x_wconf 88' lang='lat' dir='ltr'><strong>me.</strong></span> <span class='ocrx_word' id='word_1_77' title='bbox 1596 643 1693 712; x_wconf 85' lang='lat' dir='ltr'><strong>Cogor</strong></span> <span class='ocrx_word' id='word_1_78' title='bbox 1706 659 1793 703; x_wconf 91' lang='lat' dir='ltr'><strong>nam·</strong></span> 
     </span>
     <span class='ocr_line' id='line_1_7' title="bbox 83 727 1794 803; baseline 0.004 -19"><span class='ocrx_word' id='word_1_79' title='bbox 83 727 265 802; x_wconf 89' lang='lat' dir='ltr'><strong>quibusdam</strong></span> <span class='ocrx_word' id='word_1_80' title='bbox 279 741 351 784; x_wconf 90' lang='lat' dir='ltr'><strong>vero</strong></span> <span class='ocrx_word' id='word_1_81' title='bbox 365 727 422 784; x_wconf 90' lang='lat' dir='ltr'><strong>suh</strong></span> <span class='ocrx_word' id='word_1_82' title='bbox 437 727 536 785; x_wconf 91' lang='lat' dir='ltr'><strong>studio</strong></span> <span class='ocrx_word' id='word_1_83' title='bbox 553 733 679 786; x_wconf 82' lang='lat' dir='ltr'><strong>servatae</strong></span> <span class='ocrx_word' id='word_1_84' title='bbox 693 728 846 787; x_wconf 88' lang='lat' dir='ltr'><strong>charitatis</strong></span> <span class='ocrx_word' id='word_1_85' title='bbox 860 729 914 786; x_wconf 78' lang='lat' dir='ltr'><strong>oh</strong></span> <span class='ocrx_word' id='word_1_86' title='bbox 964 745 1024 803; x_wconf 90' lang='lat' dir='ltr'><strong>que</strong></span> <span class='ocrx_word' id='word_1_87' title='bbox 1036 729 1129 787; x_wconf 91' lang='lat' dir='ltr'><strong>modo</strong></span> <span class='ocrx_word' id='word_1_88' title='bbox 1143 729 1348 798; x_wconf 88' lang='lat' dir='ltr'><strong>ecclesiarum,</strong></span> <span class='ocrx_word' id='word_1_89' title='bbox 1357 728 1449 786; x_wconf 90' lang='lat' dir='ltr'><strong>modo</strong></span> <span class='ocrx_word' id='word_1_90' title='bbox 1463 727 1714 788; x_wconf 77' lang='lat' dir='ltr'><strong>monasteriorum</strong></span> <span class='ocrx_word' id='word_1_91' title='bbox 1724 747 1794 791; x_wconf 78' lang='lat' dir='ltr'><strong>rau·</strong></span> 
     </span>
     <span class='ocr_line' id='line_1_8' title="bbox 82 815 1792 892; baseline 0.003 -19"><span class='ocrx_word' id='word_1_92' title='bbox 82 816 174 874; x_wconf 89' lang='lat' dir='ltr'><strong>vietis.</strong></span> <span class='ocrx_word' id='word_1_93' title='bbox 191 815 249 872; x_wconf 89' lang='lat' dir='ltr'><strong>Sed</strong></span> <span class='ocrx_word' id='word_1_94' title='bbox 262 831 302 872; x_wconf 91' lang='lat' dir='ltr'><strong>ne</strong></span> <span class='ocrx_word' id='word_1_95' title='bbox 315 815 353 872; x_wconf 92' lang='lat' dir='ltr'><strong>de</strong></span> <span class='ocrx_word' id='word_1_96' title='bbox 369 816 488 874; x_wconf 80' lang='lat' dir='ltr'><strong>raritate</strong></span> <span class='ocrx_word' id='word_1_97' title='bbox 501 816 654 874; x_wconf 88' lang='lat' dir='ltr'><strong>bonorum</strong></span> <span class='ocrx_word' id='word_1_98' title='bbox 668 816 794 875; x_wconf 88' lang='lat' dir='ltr'><strong>fratrum</strong></span> <span class='ocrx_word' id='word_1_99' title='bbox 810 832 913 875; x_wconf 89' lang='lat' dir='ltr'><strong>cause·</strong></span> <span class='ocrx_word' id='word_1_100' title='bbox 965 833 1014 876; x_wconf 91' lang='lat' dir='ltr'><strong>sas</strong></span> <span class='ocrx_word' id='word_1_101' title='bbox 1030 817 1188 884; x_wconf 88' lang='lat' dir='ltr'><strong>discutere,</strong></span> <span class='ocrx_word' id='word_1_102' title='bbox 1205 817 1395 890; x_wconf 83' lang='lat' dir='ltr'><strong>singtdorum</strong></span> <span class='ocrx_word' id='word_1_103' title='bbox 1408 817 1500 874; x_wconf 88' lang='lat' dir='ltr'><strong>vitam</strong></span> <span class='ocrx_word' id='word_1_104' title='bbox 1514 819 1660 890; x_wconf 87' lang='lat' dir='ltr'><strong>actusque</strong></span> <span class='ocrx_word' id='word_1_105' title='bbox 1681 833 1792 892; x_wconf 90' lang='lat' dir='ltr'><strong>pensa·</strong></span> 
     </span>
     <span class='ocr_line' id='line_1_9' title="bbox 82 904 1793 980; baseline 0.002 -17"><span class='ocrx_word' id='word_1_106' title='bbox 82 905 163 974; x_wconf 90' lang='lat' dir='ltr'><strong>mini,</strong></span> <span class='ocrx_word' id='word_1_107' title='bbox 177 909 358 962; x_wconf 90' lang='lat' dir='ltr'><strong>mementote</strong></span> <span class='ocrx_word' id='word_1_108' title='bbox 372 905 445 979; x_wconf 90' lang='lat' dir='ltr'><strong>quia</strong></span> <span class='ocrx_word' id='word_1_109' title='bbox 459 904 540 962; x_wconf 91' lang='lat' dir='ltr'><strong>solus</strong></span> <span class='ocrx_word' id='word_1_110' title='bbox 555 911 619 963; x_wconf 90' lang='lat' dir='ltr'><strong>erat</strong></span> <span class='ocrx_word' id='word_1_111' title='bbox 632 905 774 976; x_wconf 83' lang='lat' dir='ltr'><strong>Ezechiel,</strong></span> <span class='ocrx_word' id='word_1_112' title='bbox 791 905 873 964; x_wconf 91' lang='lat' dir='ltr'><strong>solus</strong></span> <span class='ocrx_word' id='word_1_113' title='bbox 885 910 914 963; x_wconf 90' lang='lat' dir='ltr'><strong>et</strong></span> <span class='ocrx_word' id='word_1_114' title='bbox 963 907 1105 976; x_wconf 91' lang='lat' dir='ltr'><strong>re,modo</strong></span> <span class='ocrx_word' id='word_1_115' title='bbox 1119 907 1261 980; x_wconf 75' lang='lat' dir='ltr'><strong>quasdam</strong></span> <span class='ocrx_word' id='word_1_116' title='bbox 1276 907 1386 964; x_wconf 90' lang='lat' dir='ltr'><strong>civium</strong></span> <span class='ocrx_word' id='word_1_117' title='bbox 1401 905 1522 977; x_wconf 89' lang='lat' dir='ltr'><strong>negotia</strong></span> <span class='ocrx_word' id='word_1_118' title='bbox 1535 904 1793 976; x_wconf 86' lang='lat' dir='ltr'><strong>sustinere,modo</strong></span> 
     </span>
     <span class='ocr_line' id='line_1_10' title="bbox 82 993 1793 1069; baseline 0.005 -22"><span class='ocrx_word' id='word_1_119' title='bbox 82 993 235 1061; x_wconf 80' lang='lat' dir='ltr'><strong>ieremias,</strong></span> <span class='ocrx_word' id='word_1_120' title='bbox 250 995 280 1050; x_wconf 95' lang='lat' dir='ltr'><strong>et</strong></span> <span class='ocrx_word' id='word_1_121' title='bbox 289 995 389 1050; x_wconf 91' lang='lat' dir='ltr'><strong>tamen</strong></span> <span class='ocrx_word' id='word_1_122' title='bbox 403 1007 466 1050; x_wconf 95' lang='lat' dir='ltr'><strong>non</strong></span> <span class='ocrx_word' id='word_1_123' title='bbox 477 993 637 1050; x_wconf 74' lang='lat' dir='ltr'><strong>cessabant</strong></span> <span class='ocrx_word' id='word_1_124' title='bbox 651 993 746 1068; x_wconf 91' lang='lat' dir='ltr'><strong>loqui.</strong></span> <span class='ocrx_word' id='word_1_125' title='bbox 963 997 1144 1054; x_wconf 90' lang='lat' dir='ltr'><strong>irruentibus</strong></span> <span class='ocrx_word' id='word_1_126' title='bbox 1159 996 1359 1054; x_wconf 88' lang='lat' dir='ltr'><strong>barbarorum</strong></span> <span class='ocrx_word' id='word_1_127' title='bbox 1375 995 1482 1069; x_wconf 80' lang='lat' dir='ltr'><strong>gladiis</strong></span> <span class='ocrx_word' id='word_1_128' title='bbox 1506 995 1621 1068; x_wconf 91' lang='lat' dir='ltr'><strong>timere,</strong></span> <span class='ocrx_word' id='word_1_129' title='bbox 1638 997 1731 1054; x_wconf 90' lang='lat' dir='ltr'><strong>modo</strong></span> <span class='ocrx_word' id='word_1_130' title='bbox 1746 1013 1793 1056; x_wconf 88' lang='lat' dir='ltr'><strong>ra-</strong></span> 
     </span>
     <span class='ocr_line' id='line_1_11' title="bbox 116 1081 1794 1160; baseline 0.005 -23"><span class='ocrx_word' id='word_1_131' title='bbox 116 1084 146 1138; x_wconf 88' lang='lat' dir='ltr'><strong>V.</strong></span> <span class='ocrx_word' id='word_1_132' title='bbox 155 1084 190 1139; x_wconf 88' lang='lat' dir='ltr'><strong>tit</strong></span> <span class='ocrx_word' id='word_1_133' title='bbox 204 1085 305 1139; x_wconf 89' lang='lat' dir='ltr'><strong>autem</strong></span> <span class='ocrx_word' id='word_1_134' title='bbox 319 1081 453 1155; x_wconf 83' lang='lat' dir='ltr'><strong>pontifex</strong></span> <span class='ocrx_word' id='word_1_135' title='bbox 467 1081 645 1155; x_wconf 88' lang='lat' dir='ltr'><strong>pontificum</strong></span> <span class='ocrx_word' id='word_1_136' title='bbox 660 1082 802 1140; x_wconf 89' lang='lat' dir='ltr'><strong>innitatur</strong></span> <span class='ocrx_word' id='word_1_137' title='bbox 813 1097 911 1140; x_wconf 84' lang='lat' dir='ltr'><strong>exem·</strong></span> <span class='ocrx_word' id='word_1_138' title='bbox 963 1090 1065 1160; x_wconf 89' lang='lat' dir='ltr'><strong>ptores</strong></span> <span class='ocrx_word' id='word_1_139' title='bbox 1090 1085 1244 1160; x_wconf 90' lang='lat' dir='ltr'><strong>quosdam</strong></span> <span class='ocrx_word' id='word_1_140' title='bbox 1260 1085 1469 1160; x_wconf 73' lang='lat' dir='ltr'><strong>equanimiter</strong></span> <span class='ocrx_word' id='word_1_141' title='bbox 1492 1085 1615 1158; x_wconf 89' lang='lat' dir='ltr'><strong>perpeti,</strong></span> <span class='ocrx_word' id='word_1_142' title='bbox 1643 1085 1737 1144; x_wconf 90' lang='lat' dir='ltr'><strong>modo</strong></span> <span class='ocrx_word' id='word_1_143' title='bbox 1751 1086 1794 1145; x_wconf 88' lang='lat' dir='ltr'><strong>eia</strong></span> 
     </span>
     <span class='ocr_line' id='line_1_12' title="bbox 80 1169 1792 1247; baseline 0.003 -20"><span class='ocrx_word' id='word_1_144' title='bbox 80 1171 147 1246; x_wconf 90' lang='lat' dir='ltr'><strong>plis,</strong></span> <span class='ocrx_word' id='word_1_145' title='bbox 162 1185 219 1244; x_wconf 90' lang='lat' dir='ltr'><strong>par</strong></span> <span class='ocrx_word' id='word_1_146' title='bbox 233 1173 279 1227; x_wconf 89' lang='lat' dir='ltr'><strong>est</strong></span> <span class='ocrx_word' id='word_1_147' title='bbox 290 1169 328 1227; x_wconf 90' lang='lat' dir='ltr'><strong>de</strong></span> <span class='ocrx_word' id='word_1_148' title='bbox 342 1169 528 1243; x_wconf 90' lang='lat' dir='ltr'><strong>quibusdam</strong></span> <span class='ocrx_word' id='word_1_149' title='bbox 542 1171 653 1228; x_wconf 89' lang='lat' dir='ltr'><strong>sanctis</strong></span> <span class='ocrx_word' id='word_1_150' title='bbox 666 1169 827 1246; x_wconf 87' lang='lat' dir='ltr'><strong>episcopis,</strong></span> <span class='ocrx_word' id='word_1_151' title='bbox 836 1170 911 1244; x_wconf 91' lang='lat' dir='ltr'><strong>quid</strong></span> <span class='ocrx_word' id='word_1_152' title='bbox 965 1175 1023 1232; x_wconf 90' lang='lat' dir='ltr'><strong>sub</strong></span> <span class='ocrx_word' id='word_1_153' title='bbox 1037 1175 1136 1232; x_wconf 90' lang='lat' dir='ltr'><strong>studio</strong></span> <span class='ocrx_word' id='word_1_154' title='bbox 1152 1177 1275 1231; x_wconf 81' lang='lat' dir='ltr'><strong>servatas</strong></span> <span class='ocrx_word' id='word_1_155' title='bbox 1299 1174 1451 1232; x_wconf 88' lang='lat' dir='ltr'><strong>charitatis</strong></span> <span class='ocrx_word' id='word_1_156' title='bbox 1465 1172 1598 1230; x_wconf 85' lang='lat' dir='ltr'><strong>obviare.</strong></span> <span class='ocrx_word' id='word_1_157' title='bbox 1627 1173 1697 1236; x_wconf 85' lang='lat' dir='ltr'><strong>Quis</strong></span> <span class='ocrx_word' id='word_1_158' title='bbox 1720 1189 1792 1247; x_wconf 89' lang='lat' dir='ltr'><strong>ergo</strong></span> 
     </span>
     <span class='ocr_line' id='line_1_13' title="bbox 80 1258 1795 1337; baseline 0.003 -21"><span class='ocrx_word' id='word_1_159' title='bbox 80 1258 261 1334; x_wconf 87' lang='lat' dir='ltr'><strong>pertulerint,</strong></span> <span class='ocrx_word' id='word_1_160' title='bbox 289 1263 342 1317; x_wconf 88' lang='lat' dir='ltr'><strong>aut</strong></span> <span class='ocrx_word' id='word_1_161' title='bbox 368 1259 497 1332; x_wconf 75' lang='lat' dir='ltr'><strong>qualiter</strong></span> <span class='ocrx_word' id='word_1_162' title='bbox 522 1275 553 1317; x_wconf 89' lang='lat' dir='ltr'><strong>se</strong></span> <span class='ocrx_word' id='word_1_163' title='bbox 568 1259 599 1317; x_wconf 92' lang='lat' dir='ltr'><strong>in</strong></span> <span class='ocrx_word' id='word_1_164' title='bbox 613 1260 763 1332; x_wconf 89' lang='lat' dir='ltr'><strong>augustiis</strong></span> <span class='ocrx_word' id='word_1_165' title='bbox 786 1259 911 1332; x_wconf 78' lang='lat' dir='ltr'><strong>egerint,</strong></span> <span class='ocrx_word' id='word_1_166' title='bbox 964 1267 1017 1321; x_wconf 92' lang='lat' dir='ltr'><strong>aut</strong></span> <span class='ocrx_word' id='word_1_167' title='bbox 1031 1263 1130 1337; x_wconf 88' lang='lat' dir='ltr'><strong>qualis</strong></span> <span class='ocrx_word' id='word_1_168' title='bbox 1146 1263 1316 1336; x_wconf 81' lang='lat' dir='ltr'><strong>speculator</strong></span> <span class='ocrx_word' id='word_1_169' title='bbox 1329 1277 1386 1334; x_wconf 91' lang='lat' dir='ltr'><strong>ego</strong></span> <span class='ocrx_word' id='word_1_170' title='bbox 1408 1279 1486 1330; x_wconf 90' lang='lat' dir='ltr'><strong>sum,</strong></span> <span class='ocrx_word' id='word_1_171' title='bbox 1502 1261 1554 1335; x_wconf 94' lang='lat' dir='ltr'><strong>qui</strong></span> <span class='ocrx_word' id='word_1_172' title='bbox 1569 1261 1669 1319; x_wconf 90' lang='lat' dir='ltr'><strong>adhuc</strong></span> <span class='ocrx_word' id='word_1_173' title='bbox 1695 1267 1739 1320; x_wconf 94' lang='lat' dir='ltr'><strong>tot</strong></span> <span class='ocrx_word' id='word_1_174' title='bbox 1750 1279 1795 1320; x_wconf 89' lang='lat' dir='ltr'><strong>re·</strong></span> 
     </span>
     <span class='ocr_line' id='line_1_14' title="bbox 79 1347 1792 1424; baseline 0.001 -20"><span class='ocrx_word' id='word_1_175' title='bbox 79 1363 187 1422; x_wconf 91' lang='lat' dir='ltr'><strong>parum</strong></span> <span class='ocrx_word' id='word_1_176' title='bbox 201 1347 320 1404; x_wconf 86' lang='lat' dir='ltr'><strong>referre.</strong></span> <span class='ocrx_word' id='word_1_177' title='bbox 347 1353 388 1404; x_wconf 82' lang='lat' dir='ltr'><strong>Ac</strong></span> <span class='ocrx_word' id='word_1_178' title='bbox 413 1347 546 1422; x_wconf 89' lang='lat' dir='ltr'><strong>primum</strong></span> <span class='ocrx_word' id='word_1_179' title='bbox 560 1348 599 1405; x_wconf 93' lang='lat' dir='ltr'><strong>de</strong></span> <span class='ocrx_word' id='word_1_180' title='bbox 624 1353 708 1422; x_wconf 89' lang='lat' dir='ltr'><strong>patre</strong></span> <span class='ocrx_word' id='word_1_181' title='bbox 731 1347 911 1420; x_wconf 78' lang='lat' dir='ltr'><strong>Augustino.</strong></span> <span class='ocrx_word' id='word_1_182' title='bbox 964 1367 1032 1407; x_wconf 91' lang='lat' dir='ltr'><strong>rum</strong></span> <span class='ocrx_word' id='word_1_183' title='bbox 1046 1351 1278 1424; x_wconf 86' lang='lat' dir='ltr'><strong>perturbationis</strong></span> <span class='ocrx_word' id='word_1_184' title='bbox 1293 1351 1466 1424; x_wconf 90' lang='lat' dir='ltr'><strong>depressus,</strong></span> <span class='ocrx_word' id='word_1_185' title='bbox 1475 1350 1507 1406; x_wconf 91' lang='lat' dir='ltr'><strong>in</strong></span> <span class='ocrx_word' id='word_1_186' title='bbox 1519 1349 1700 1408; x_wconf 82' lang='lat' dir='ltr'><strong>infirmitatis</strong></span> <span class='ocrx_word' id='word_1_187' title='bbox 1715 1349 1792 1408; x_wconf 89' lang='lat' dir='ltr'><strong>velle</strong></span> 
     </span>
     <span class='ocr_line' id='line_1_15' title="bbox 81 1435 1794 1510; baseline 0.002 -17"><span class='ocrx_word' id='word_1_188' title='bbox 81 1435 141 1493; x_wconf 90' lang='lat' dir='ltr'><strong>Sub</strong></span> <span class='ocrx_word' id='word_1_189' title='bbox 155 1437 220 1508; x_wconf 80' lang='lat' dir='ltr'><strong>eius</strong></span> <span class='ocrx_word' id='word_1_190' title='bbox 241 1451 373 1510; x_wconf 87' lang='lat' dir='ltr'><strong>namque</strong></span> <span class='ocrx_word' id='word_1_191' title='bbox 394 1439 528 1509; x_wconf 91' lang='lat' dir='ltr'><strong>tempore</strong></span> <span class='ocrx_word' id='word_1_192' title='bbox 549 1435 653 1492; x_wconf 91' lang='lat' dir='ltr'><strong>civitas</strong></span> <span class='ocrx_word' id='word_1_193' title='bbox 682 1435 843 1510; x_wconf 85' lang='lat' dir='ltr'><strong>Hipponis,</strong></span> <span class='ocrx_word' id='word_1_194' title='bbox 862 1435 911 1492; x_wconf 91' lang='lat' dir='ltr'><strong>cui</strong></span> <span class='ocrx_word' id='word_1_195' title='bbox 960 1439 1070 1510; x_wconf 78' lang='lat' dir='ltr'><strong>jaceo?</strong></span> <span class='ocrx_word' id='word_1_196' title='bbox 1083 1443 1228 1496; x_wconf 86' lang='lat' dir='ltr'><strong>Tacemus</strong></span> <span class='ocrx_word' id='word_1_197' title='bbox 1242 1439 1280 1496; x_wconf 93' lang='lat' dir='ltr'><strong>de</strong></span> <span class='ocrx_word' id='word_1_198' title='bbox 1294 1438 1345 1496; x_wconf 89' lang='lat' dir='ltr'><strong>illo</strong></span> <span class='ocrx_word' id='word_1_199' title='bbox 1370 1438 1488 1496; x_wconf 86' lang='lat' dir='ltr'><strong>famoso</strong></span> <span class='ocrx_word' id='word_1_200' title='bbox 1502 1454 1538 1496; x_wconf 91' lang='lat' dir='ltr'><strong>ac</strong></span> <span class='ocrx_word' id='word_1_201' title='bbox 1562 1437 1687 1496; x_wconf 86' lang='lat' dir='ltr'><strong>mirilico</strong></span> <span class='ocrx_word' id='word_1_202' title='bbox 1701 1441 1794 1496; x_wconf 83' lang='lat' dir='ltr'><strong>blora·</strong></span> 
     </span>
     <span class='ocr_line' id='line_1_16' title="bbox 79 1522 1639 1620; baseline 0.003 -40"><span class='ocrx_word' id='word_1_203' title='bbox 79 1527 215 1598; x_wconf 83' lang='lat' dir='ltr'><strong>praeerat,</strong></span> <span class='ocrx_word' id='word_1_204' title='bbox 245 1538 299 1597; x_wconf 91' lang='lat' dir='ltr'><strong>per</strong></span> <span class='ocrx_word' id='word_1_205' title='bbox 324 1523 553 1598; x_wconf 90' lang='lat' dir='ltr'><strong>quatuordecim</strong></span> <span class='ocrx_word' id='word_1_206' title='bbox 581 1539 700 1580; x_wconf 90' lang='lat' dir='ltr'><strong>menses</strong></span> <span class='ocrx_word' id='word_1_207' title='bbox 729 1522 911 1582; x_wconf 83' lang='lat' dir='ltr'><strong>ebarharis</strong></span> <span class='ocrx_word' id='word_1_208' title='bbox 928 1527 1037 1620; x_wconf 84' lang='lat' dir='ltr'><strong>Blium</strong></span> <span class='ocrx_word' id='word_1_209' title='bbox 1051 1526 1331 1602; x_wconf 89' lang='lat' dir='ltr'><strong>libroquemvalde</strong></span> <span class='ocrx_word' id='word_1_210' title='bbox 1345 1525 1484 1583; x_wconf 86' lang='lat' dir='ltr'><strong>infirmus</strong></span> <span class='ocrx_word' id='word_1_211' title='bbox 1499 1527 1639 1600; x_wconf 83' lang='lat' dir='ltr'><strong>pahavit.</strong></span> 
     </span>
     <span class='ocr_line' id='line_1_17' title="bbox 80 1611 1794 1687; baseline 0.001 -17"><span class='ocrx_word' id='word_1_212' title='bbox 80 1613 202 1670; x_wconf 89' lang='lat' dir='ltr'><strong>obsessa</strong></span> <span class='ocrx_word' id='word_1_213' title='bbox 216 1617 269 1670; x_wconf 91' lang='lat' dir='ltr'><strong>est.</strong></span> <span class='ocrx_word' id='word_1_214' title='bbox 286 1612 363 1679; x_wconf 84' lang='lat' dir='ltr'><strong>Quia</strong></span> <span class='ocrx_word' id='word_1_215' title='bbox 380 1627 452 1669; x_wconf 88' lang='lat' dir='ltr'><strong>vero</strong></span> <span class='ocrx_word' id='word_1_216' title='bbox 480 1611 594 1669; x_wconf 87' lang='lat' dir='ltr'><strong>eisdem</strong></span> <span class='ocrx_word' id='word_1_217' title='bbox 608 1611 794 1687; x_wconf 78' lang='lat' dir='ltr'><strong>predicandi</strong></span> <span class='ocrx_word' id='word_1_218' title='bbox 813 1611 909 1670; x_wconf 88' lang='lat' dir='ltr'><strong>facul·</strong></span> <span class='ocrx_word' id='word_1_219' title='bbox 998 1615 1057 1672; x_wconf 91' lang='lat' dir='ltr'><strong>Vll.</strong></span> <span class='ocrx_word' id='word_1_220' title='bbox 1074 1615 1103 1671; x_wconf 92' lang='lat' dir='ltr'><strong>Si</strong></span> <span class='ocrx_word' id='word_1_221' title='bbox 1117 1631 1188 1686; x_wconf 89' lang='lat' dir='ltr'><strong>ergo</strong></span> <span class='ocrx_word' id='word_1_222' title='bbox 1202 1619 1318 1672; x_wconf 89' lang='lat' dir='ltr'><strong>tantum</strong></span> <span class='ocrx_word' id='word_1_223' title='bbox 1331 1629 1367 1672; x_wconf 90' lang='lat' dir='ltr'><strong>ac</strong></span> <span class='ocrx_word' id='word_1_224' title='bbox 1382 1614 1472 1671; x_wconf 90' lang='lat' dir='ltr'><strong>talem</strong></span> <span class='ocrx_word' id='word_1_225' title='bbox 1498 1614 1597 1671; x_wconf 89' lang='lat' dir='ltr'><strong>virum</strong></span> <span class='ocrx_word' id='word_1_226' title='bbox 1621 1619 1663 1672; x_wconf 91' lang='lat' dir='ltr'><strong>tot</strong></span> <span class='ocrx_word' id='word_1_227' title='bbox 1675 1613 1794 1685; x_wconf 85' lang='lat' dir='ltr'><strong>flagella</strong></span> 
     </span>
     <span class='ocr_line' id='line_1_18' title="bbox 79 1699 1794 1776; baseline -0.002 -17"><span class='ocrx_word' id='word_1_228' title='bbox 79 1705 124 1759; x_wconf 89' lang='lat' dir='ltr'><strong>tas</strong></span> <span class='ocrx_word' id='word_1_229' title='bbox 138 1702 164 1758; x_wconf 91' lang='lat' dir='ltr'><strong>ei</strong></span> <span class='ocrx_word' id='word_1_230' title='bbox 183 1717 244 1759; x_wconf 93' lang='lat' dir='ltr'><strong>non</strong></span> <span class='ocrx_word' id='word_1_231' title='bbox 266 1705 338 1770; x_wconf 89' lang='lat' dir='ltr'><strong>erat,</strong></span> <span class='ocrx_word' id='word_1_232' title='bbox 367 1701 572 1776; x_wconf 89' lang='lat' dir='ltr'><strong>coepiscopos,</strong></span> <span class='ocrx_word' id='word_1_233' title='bbox 601 1705 631 1758; x_wconf 91' lang='lat' dir='ltr'><strong>et</strong></span> <span class='ocrx_word' id='word_1_234' title='bbox 657 1700 809 1774; x_wconf 90' lang='lat' dir='ltr'><strong>quoslibet</strong></span> <span class='ocrx_word' id='word_1_235' title='bbox 833 1699 910 1758; x_wconf 89' lang='lat' dir='ltr'><strong>alios</strong></span> <span class='ocrx_word' id='word_1_236' title='bbox 962 1703 1138 1773; x_wconf 88' lang='lat' dir='ltr'><strong>manebant,</strong></span> <span class='ocrx_word' id='word_1_237' title='bbox 1168 1702 1282 1776; x_wconf 91' lang='lat' dir='ltr'><strong>quippe</strong></span> <span class='ocrx_word' id='word_1_238' title='bbox 1306 1717 1399 1776; x_wconf 90' lang='lat' dir='ltr'><strong>quem</strong></span> <span class='ocrx_word' id='word_1_239' title='bbox 1424 1701 1514 1758; x_wconf 90' lang='lat' dir='ltr'><strong>etiam</strong></span> <span class='ocrx_word' id='word_1_240' title='bbox 1541 1700 1606 1774; x_wconf 88' lang='lat' dir='ltr'><strong>ipse</strong></span> <span class='ocrx_word' id='word_1_241' title='bbox 1637 1700 1794 1758; x_wconf 75' lang='lat' dir='ltr'><strong>Mauricius</strong></span> 
     </span>
     <span class='ocr_line' id='line_1_19' title="bbox 79 1787 1793 1864; baseline -0.001 -18"><span class='ocrx_word' id='word_1_242' title='bbox 79 1791 131 1864; x_wconf 93' lang='lat' dir='ltr'><strong>qui</strong></span> <span class='ocrx_word' id='word_1_243' title='bbox 145 1795 209 1848; x_wconf 88' lang='lat' dir='ltr'><strong>turn</strong></span> <span class='ocrx_word' id='word_1_244' title='bbox 223 1789 298 1847; x_wconf 92' lang='lat' dir='ltr'><strong>forte</strong></span> <span class='ocrx_word' id='word_1_245' title='bbox 312 1788 352 1847; x_wconf 91' lang='lat' dir='ltr'><strong>ad</strong></span> <span class='ocrx_word' id='word_1_246' title='bbox 379 1788 485 1846; x_wconf 89' lang='lat' dir='ltr'><strong>urbem</strong></span> <span class='ocrx_word' id='word_1_247' title='bbox 500 1789 707 1860; x_wconf 88' lang='lat' dir='ltr'><strong>confugerant,</strong></span> <span class='ocrx_word' id='word_1_248' title='bbox 723 1789 763 1846; x_wconf 91' lang='lat' dir='ltr'><strong>ad</strong></span> <span class='ocrx_word' id='word_1_249' title='bbox 778 1789 909 1846; x_wconf 89' lang='lat' dir='ltr'><strong>toleran·</strong></span> <span class='ocrx_word' id='word_1_250' title='bbox 962 1792 1134 1864; x_wconf 89' lang='lat' dir='ltr'><strong>imperator,</strong></span> <span class='ocrx_word' id='word_1_251' title='bbox 1148 1790 1201 1864; x_wconf 93' lang='lat' dir='ltr'><strong>qui</strong></span> <span class='ocrx_word' id='word_1_252' title='bbox 1215 1806 1285 1848; x_wconf 91' lang='lat' dir='ltr'><strong>eum</strong></span> <span class='ocrx_word' id='word_1_253' title='bbox 1296 1790 1424 1848; x_wconf 88' lang='lat' dir='ltr'><strong>invitum</strong></span> <span class='ocrx_word' id='word_1_254' title='bbox 1434 1787 1567 1846; x_wconf 90' lang='lat' dir='ltr'><strong>ordinari</strong></span> <span class='ocrx_word' id='word_1_255' title='bbox 1579 1788 1698 1857; x_wconf 89' lang='lat' dir='ltr'><strong>lecerat,</strong></span> <span class='ocrx_word' id='word_1_256' title='bbox 1707 1788 1793 1845; x_wconf 90' lang='lat' dir='ltr'><strong>vehe-</strong></span> 
     </span>
     <span class='ocr_line' id='line_1_20' title="bbox 79 1869 1794 1953; baseline -0.001 -17"><span class='ocrx_word' id='word_1_257' title='bbox 79 1879 152 1936; x_wconf 90' lang='lat' dir='ltr'><strong>tiam</strong></span> <span class='ocrx_word' id='word_1_258' title='bbox 166 1877 342 1946; x_wconf 87' lang='lat' dir='ltr'><strong>instruebat,</strong></span> <span class='ocrx_word' id='word_1_259' title='bbox 356 1893 447 1934; x_wconf 89' lang='lat' dir='ltr'><strong>orans</strong></span> <span class='ocrx_word' id='word_1_260' title='bbox 459 1877 569 1949; x_wconf 79' lang='lat' dir='ltr'><strong>iugiter</strong></span> <span class='ocrx_word' id='word_1_261' title='bbox 578 1869 677 1934; x_wconf 74' lang='lat' dir='ltr'><strong>ileum</strong></span> <span class='ocrx_word' id='word_1_262' title='bbox 691 1882 843 1950; x_wconf 89' lang='lat' dir='ltr'><strong>quatenus</strong></span> <span class='ocrx_word' id='word_1_263' title='bbox 858 1881 911 1935; x_wconf 91' lang='lat' dir='ltr'><strong>aut</strong></span> <span class='ocrx_word' id='word_1_264' title='bbox 963 1885 1078 1936; x_wconf 91' lang='lat' dir='ltr'><strong>menter</strong></span> <span class='ocrx_word' id='word_1_265' title='bbox 1090 1879 1227 1952; x_wconf 88' lang='lat' dir='ltr'><strong>urgebat,</strong></span> <span class='ocrx_word' id='word_1_266' title='bbox 1251 1878 1326 1953; x_wconf 94' lang='lat' dir='ltr'><strong>quid</strong></span> <span class='ocrx_word' id='word_1_267' title='bbox 1340 1879 1452 1936; x_wconf 87' lang='lat' dir='ltr'><strong>mirum</strong></span> <span class='ocrx_word' id='word_1_268' title='bbox 1478 1877 1504 1934; x_wconf 92' lang='lat' dir='ltr'><strong>si</strong></span> <span class='ocrx_word' id='word_1_269' title='bbox 1519 1877 1676 1950; x_wconf 87' lang='lat' dir='ltr'><strong>pontifices</strong></span> <span class='ocrx_word' id='word_1_270' title='bbox 1699 1875 1794 1934; x_wconf 90' lang='lat' dir='ltr'><strong>nostri</strong></span> 
     </span>
     <span class='ocr_line' id='line_1_21' title="bbox 76 1963 1793 2042; baseline -0.001 -19"><span class='ocrx_word' id='word_1_271' title='bbox 76 1967 228 2026; x_wconf 89' lang='lat' dir='ltr'><strong>civitatem</strong></span> <span class='ocrx_word' id='word_1_272' title='bbox 242 1965 390 2036; x_wconf 89' lang='lat' dir='ltr'><strong>liberaret,</strong></span> <span class='ocrx_word' id='word_1_273' title='bbox 406 1970 458 2022; x_wconf 92' lang='lat' dir='ltr'><strong>aut</strong></span> <span class='ocrx_word' id='word_1_274' title='bbox 472 1979 504 2020; x_wconf 91' lang='lat' dir='ltr'><strong>se</strong></span> <span class='ocrx_word' id='word_1_275' title='bbox 515 1963 553 2021; x_wconf 92' lang='lat' dir='ltr'><strong>de</strong></span> <span class='ocrx_word' id='word_1_276' title='bbox 569 1963 678 2021; x_wconf 87' lang='lat' dir='ltr'><strong>saeculo</strong></span> <span class='ocrx_word' id='word_1_277' title='bbox 688 1979 794 2022; x_wconf 89' lang='lat' dir='ltr'><strong>vocare</strong></span> <span class='ocrx_word' id='word_1_278' title='bbox 805 1964 911 2036; x_wconf 87' lang='lat' dir='ltr'><strong>digna·</strong></span> <span class='ocrx_word' id='word_1_279' title='bbox 964 1969 1108 2042; x_wconf 89' lang='lat' dir='ltr'><strong>temporis</strong></span> <span class='ocrx_word' id='word_1_280' title='bbox 1122 1967 1319 2040; x_wconf 79' lang='lat' dir='ltr'><strong>affliguntur?</strong></span> <span class='ocrx_word' id='word_1_281' title='bbox 1333 1969 1410 2025; x_wconf 87' lang='lat' dir='ltr'><strong>Sane</strong></span> <span class='ocrx_word' id='word_1_282' title='bbox 1424 1967 1497 2040; x_wconf 92' lang='lat' dir='ltr'><strong>quia</strong></span> <span class='ocrx_word' id='word_1_283' title='bbox 1520 1966 1705 2024; x_wconf 89' lang='lat' dir='ltr'><strong>mentionem</strong></span> <span class='ocrx_word' id='word_1_284' title='bbox 1719 1965 1793 2023; x_wconf 91' lang='lat' dir='ltr'><strong>tanti</strong></span> 
     </span>
     <span class='ocr_line' id='line_1_22' title="bbox 75 2052 1793 2130; baseline -0.001 -18"><span class='ocrx_word' id='word_1_285' title='bbox 75 2062 171 2113; x_wconf 90' lang='lat' dir='ltr'><strong>retur.</strong></span> <span class='ocrx_word' id='word_1_286' title='bbox 187 2054 243 2121; x_wconf 84' lang='lat' dir='ltr'><strong>Qui</strong></span> <span class='ocrx_word' id='word_1_287' title='bbox 257 2069 319 2111; x_wconf 90' lang='lat' dir='ltr'><strong>non</strong></span> <span class='ocrx_word' id='word_1_288' title='bbox 331 2052 544 2128; x_wconf 89' lang='lat' dir='ltr'><strong>postmultum</strong></span> <span class='ocrx_word' id='word_1_289' title='bbox 571 2053 711 2109; x_wconf 85' lang='lat' dir='ltr'><strong>effectum</strong></span> <span class='ocrx_word' id='word_1_290' title='bbox 727 2068 789 2108; x_wconf 82' lang='lat' dir='ltr'><strong>suoe</strong></span> <span class='ocrx_word' id='word_1_291' title='bbox 804 2053 911 2126; x_wconf 77' lang='lat' dir='ltr'><strong>praeis</strong></span> <span class='ocrx_word' id='word_1_292' title='bbox 964 2057 1083 2130; x_wconf 90' lang='lat' dir='ltr'><strong>patroni</strong></span> <span class='ocrx_word' id='word_1_293' title='bbox 1098 2055 1233 2124; x_wconf 90' lang='lat' dir='ltr'><strong>fecimus,</strong></span> <span class='ocrx_word' id='word_1_294' title='bbox 1249 2055 1412 2114; x_wconf 90' lang='lat' dir='ltr'><strong>dicendum</strong></span> <span class='ocrx_word' id='word_1_295' title='bbox 1422 2054 1528 2129; x_wconf 87' lang='lat' dir='ltr'><strong>paucis</strong></span> <span class='ocrx_word' id='word_1_296' title='bbox 1537 2058 1723 2128; x_wconf 89' lang='lat' dir='ltr'><strong>quantopere</strong></span> <span class='ocrx_word' id='word_1_297' title='bbox 1736 2069 1793 2111; x_wconf 90' lang='lat' dir='ltr'><strong>suo</strong></span> 
     </span>
     <span class='ocr_line' id='line_1_23' title="bbox 73 2141 1793 2218; baseline -0.001 -17"><span class='ocrx_word' id='word_1_298' title='bbox 73 2144 208 2216; x_wconf 87' lang='lat' dir='ltr'><strong>adeptus</strong></span> <span class='ocrx_word' id='word_1_299' title='bbox 223 2148 276 2200; x_wconf 90' lang='lat' dir='ltr'><strong>est.</strong></span> <span class='ocrx_word' id='word_1_300' title='bbox 291 2143 388 2200; x_wconf 83' lang='lat' dir='ltr'><strong>Tertio</strong></span> <span class='ocrx_word' id='word_1_301' title='bbox 401 2142 550 2216; x_wconf 89' lang='lat' dir='ltr'><strong>siquidem</strong></span> <span class='ocrx_word' id='word_1_302' title='bbox 560 2141 726 2198; x_wconf 87' lang='lat' dir='ltr'><strong>obsidionis</strong></span> <span class='ocrx_word' id='word_1_303' title='bbox 742 2157 849 2199; x_wconf 90' lang='lat' dir='ltr'><strong>mense</strong></span> <span class='ocrx_word' id='word_1_304' title='bbox 862 2141 913 2198; x_wconf 90' lang='lat' dir='ltr'><strong>de·</strong></span> <span class='ocrx_word' id='word_1_305' title='bbox 963 2144 1073 2218; x_wconf 92' lang='lat' dir='ltr'><strong>pudori</strong></span> <span class='ocrx_word' id='word_1_306' title='bbox 1086 2159 1208 2218; x_wconf 81' lang='lat' dir='ltr'><strong>suesque</strong></span> <span class='ocrx_word' id='word_1_307' title='bbox 1221 2144 1309 2202; x_wconf 80' lang='lat' dir='ltr'><strong>fame</strong></span> <span class='ocrx_word' id='word_1_308' title='bbox 1337 2142 1530 2201; x_wconf 91' lang='lat' dir='ltr'><strong>consuluerit.</strong></span> <span class='ocrx_word' id='word_1_309' title='bbox 1544 2143 1590 2200; x_wconf 86' lang='lat' dir='ltr'><strong>Sic</strong></span> <span class='ocrx_word' id='word_1_310' title='bbox 1613 2158 1748 2216; x_wconf 89' lang='lat' dir='ltr'><strong>namque</strong></span> <span class='ocrx_word' id='word_1_311' title='bbox 1762 2143 1793 2200; x_wconf 92' lang='lat' dir='ltr'><strong>in</strong></span> 
     </span>
     <span class='ocr_line' id='line_1_24' title="bbox 75 2229 1794 2305; baseline -0.001 -16"><span class='ocrx_word' id='word_1_312' title='bbox 75 2231 193 2300; x_wconf 84' lang='lat' dir='ltr'><strong>cubuit,</strong></span> <span class='ocrx_word' id='word_1_313' title='bbox 205 2231 258 2305; x_wconf 92' lang='lat' dir='ltr'><strong>qui</strong></span> <span class='ocrx_word' id='word_1_314' title='bbox 270 2232 347 2287; x_wconf 80' lang='lat' dir='ltr'><strong>inter</strong></span> <span class='ocrx_word' id='word_1_315' title='bbox 361 2235 468 2288; x_wconf 79' lang='lat' dir='ltr'><strong>catera</strong></span> <span class='ocrx_word' id='word_1_316' title='bbox 480 2229 592 2304; x_wconf 92' lang='lat' dir='ltr'><strong>quihus</strong></span> <span class='ocrx_word' id='word_1_317' title='bbox 606 2231 718 2287; x_wconf 69' lang='lat' dir='ltr'><strong>emtum</strong></span> <span class='ocrx_word' id='word_1_318' title='bbox 728 2230 912 2288; x_wconf 88' lang='lat' dir='ltr'><strong>communie·</strong></span> <span class='ocrx_word' id='word_1_319' title='bbox 963 2234 1015 2292; x_wconf 90' lang='lat' dir='ltr'><strong>illa</strong></span> <span class='ocrx_word' id='word_1_320' title='bbox 1030 2237 1166 2291; x_wconf 83' lang='lat' dir='ltr'><strong>Romana</strong></span> <span class='ocrx_word' id='word_1_321' title='bbox 1179 2233 1251 2304; x_wconf 91' lang='lat' dir='ltr'><strong>vita,</strong></span> <span class='ocrx_word' id='word_1_322' title='bbox 1272 2232 1360 2304; x_wconf 79' lang='lat' dir='ltr'><strong>cuius</strong></span> <span class='ocrx_word' id='word_1_323' title='bbox 1384 2247 1476 2305; x_wconf 88' lang='lat' dir='ltr'><strong>supra</strong></span> <span class='ocrx_word' id='word_1_324' title='bbox 1491 2231 1697 2300; x_wconf 88' lang='lat' dir='ltr'><strong>meminimus,</strong></span> <span class='ocrx_word' id='word_1_325' title='bbox 1724 2231 1794 2288; x_wconf 90' lang='lat' dir='ltr'><strong>scri·</strong></span> 
     </span>
     <span class='ocr_line' id='line_1_25' title="bbox 74 2317 1795 2397; baseline -0.001 -19"><span class='ocrx_word' id='word_1_326' title='bbox 74 2321 141 2384; x_wconf 89' lang='lat' dir='ltr'><strong>bat.</strong></span> <span class='ocrx_word' id='word_1_327' title='bbox 157 2323 271 2392; x_wconf 78' lang='lat' dir='ltr'><strong>septem</strong></span> <span class='ocrx_word' id='word_1_328' title='bbox 286 2317 421 2392; x_wconf 85' lang='lat' dir='ltr'><strong>psalmos</strong></span> <span class='ocrx_word' id='word_1_329' title='bbox 434 2317 653 2391; x_wconf 81' lang='lat' dir='ltr'><strong>prenitentiales</strong></span> <span class='ocrx_word' id='word_1_330' title='bbox 682 2317 783 2374; x_wconf 88' lang='lat' dir='ltr'><strong>tiendo</strong></span> <span class='ocrx_word' id='word_1_331' title='bbox 797 2317 910 2376; x_wconf 88' lang='lat' dir='ltr'><strong>decan-</strong></span> <span class='ocrx_word' id='word_1_332' title='bbox 962 2327 1049 2397; x_wconf 93' lang='lat' dir='ltr'><strong>ptum</strong></span> <span class='ocrx_word' id='word_1_333' title='bbox 1063 2321 1201 2380; x_wconf 89' lang='lat' dir='ltr'><strong>habetur.</strong></span> <span class='ocrx_word' id='word_1_334' title='bbox 1218 2325 1283 2380; x_wconf 76' lang='lat' dir='ltr'>on</span> <span class='ocrx_word' id='word_1_335' title='bbox 1298 2326 1331 2378; x_wconf 93' lang='lat' dir='ltr'><strong>ut</strong></span> <span class='ocrx_word' id='word_1_336' title='bbox 1361 2337 1517 2378; x_wconf 89' lang='lat' dir='ltr'><strong>summum</strong></span> <span class='ocrx_word' id='word_1_337' title='bbox 1531 2319 1719 2394; x_wconf 87' lang='lat' dir='ltr'><strong>pontificium</strong></span> <span class='ocrx_word' id='word_1_338' title='bbox 1734 2335 1795 2377; x_wconf 92' lang='lat' dir='ltr'><strong>sor-</strong></span> 
     </span>
     <span class='ocr_line' id='line_1_26' title="bbox 76 2405 1795 2484; baseline 0.001 -18"><span class='ocrx_word' id='word_1_339' title='bbox 76 2409 170 2466; x_wconf 88' lang='lat' dir='ltr'><strong>tabat.</strong></span> <span class='ocrx_word' id='word_1_340' title='bbox 186 2408 233 2464; x_wconf 81' lang='lat' dir='ltr'><strong>ait</strong></span> <span class='ocrx_word' id='word_1_341' title='bbox 259 2407 339 2464; x_wconf 89' lang='lat' dir='ltr'><strong>anim</strong></span> <span class='ocrx_word' id='word_1_342' title='bbox 361 2411 431 2480; x_wconf 92' lang='lat' dir='ltr'><strong>post</strong></span> <span class='ocrx_word' id='word_1_343' title='bbox 455 2411 631 2481; x_wconf 88' lang='lat' dir='ltr'><strong>perceptum</strong></span> <span class='ocrx_word' id='word_1_344' title='bbox 658 2405 856 2479; x_wconf 90' lang='lat' dir='ltr'><strong>baptismum,</strong></span> <span class='ocrx_word' id='word_1_345' title='bbox 881 2411 911 2464; x_wconf 94' lang='lat' dir='ltr'><strong>et</strong></span> <span class='ocrx_word' id='word_1_346' title='bbox 962 2412 1032 2468; x_wconf 91' lang='lat' dir='ltr'><strong>titus</strong></span> <span class='ocrx_word' id='word_1_347' title='bbox 1046 2415 1099 2480; x_wconf 89' lang='lat' dir='ltr'><strong>est,</strong></span> <span class='ocrx_word' id='word_1_348' title='bbox 1114 2409 1353 2484; x_wconf 90' lang='lat' dir='ltr'><strong>superstitiosum</strong></span> <span class='ocrx_word' id='word_1_349' title='bbox 1368 2407 1795 2468; x_wconf 81' lang='lat' dir='ltr'><strong>universalisvooabulumre-</strong></span> 
     </span>
     <span class='ocr_line' id='line_1_27' title="bbox 76 2491 1793 2574; baseline 0 -20"><span class='ocrx_word' id='word_1_350' title='bbox 76 2495 216 2555; x_wconf 87' lang='lat' dir='ltr'><strong>laudatos</strong></span> <span class='ocrx_word' id='word_1_351' title='bbox 231 2493 412 2553; x_wconf 74' lang='lat' dir='ltr'><strong>Chnshanos</strong></span> <span class='ocrx_word' id='word_1_352' title='bbox 437 2498 466 2551; x_wconf 91' lang='lat' dir='ltr'><strong>et</strong></span> <span class='ocrx_word' id='word_1_353' title='bbox 479 2493 648 2551; x_wconf 90' lang='lat' dir='ltr'><strong>sacerdotes</strong></span> <span class='ocrx_word' id='word_1_354' title='bbox 672 2491 789 2566; x_wconf 86' lang='lat' dir='ltr'><strong>absque</strong></span> <span class='ocrx_word' id='word_1_355' title='bbox 816 2492 909 2567; x_wconf 89' lang='lat' dir='ltr'><strong>digna</strong></span> <span class='ocrx_word' id='word_1_356' title='bbox 961 2499 1078 2568; x_wconf 82' lang='lat' dir='ltr'><strong>tutavit,</strong></span> <span class='ocrx_word' id='word_1_357' title='bbox 1092 2499 1286 2574; x_wconf 87' lang='lat' dir='ltr'><strong>primumque</strong></span> <span class='ocrx_word' id='word_1_358' title='bbox 1314 2513 1346 2556; x_wconf 91' lang='lat' dir='ltr'><strong>se</strong></span> <span class='ocrx_word' id='word_1_359' title='bbox 1371 2513 1492 2556; x_wconf 91' lang='lat' dir='ltr'><strong>servum</strong></span> <span class='ocrx_word' id='word_1_360' title='bbox 1519 2513 1674 2556; x_wconf 90' lang='lat' dir='ltr'><strong>servorum</strong></span> <span class='ocrx_word' id='word_1_361' title='bbox 1699 2497 1793 2556; x_wconf 82' lang='lat' dir='ltr'><strong>hetin</strong></span> 
     </span>
     <span class='ocr_line' id='line_1_28' title="bbox 77 2581 1793 2662; baseline -0.007 -20"><span class='ocrx_word' id='word_1_362' title='bbox 77 2591 107 2643; x_wconf 90' lang='lat' dir='ltr'><strong>et</strong></span> <span class='ocrx_word' id='word_1_363' title='bbox 119 2582 300 2658; x_wconf 86' lang='lat' dir='ltr'><strong>competenti</strong></span> <span class='ocrx_word' id='word_1_364' title='bbox 311 2583 487 2657; x_wconf 70' lang='lat' dir='ltr'><strong>penitentia</strong></span> <span class='ocrx_word' id='word_1_365' title='bbox 505 2598 567 2640; x_wconf 92' lang='lat' dir='ltr'><strong>uon</strong></span> <span class='ocrx_word' id='word_1_366' title='bbox 591 2581 701 2639; x_wconf 90' lang='lat' dir='ltr'><strong>dehere</strong></span> <span class='ocrx_word' id='word_1_367' title='bbox 715 2581 753 2638; x_wconf 89' lang='lat' dir='ltr'><strong>de</strong></span> <span class='ocrx_word' id='word_1_368' title='bbox 782 2595 908 2657; x_wconf 90' lang='lat' dir='ltr'><strong>corpore</strong></span> <span class='ocrx_word' id='word_1_369' title='bbox 962 2589 1024 2648; x_wconf 72' lang='lat' dir='ltr'><strong>suis</strong></span> <span class='ocrx_word' id='word_1_370' title='bbox 1038 2587 1172 2662; x_wconf 77' lang='lat' dir='ltr'><strong>epistolis</strong></span> <span class='ocrx_word' id='word_1_371' title='bbox 1185 2587 1360 2646; x_wconf 76' lang='lat' dir='ltr'><strong>nominavit,</strong></span> <span class='ocrx_word' id='word_1_372' title='bbox 1376 2591 1406 2644; x_wconf 71' lang='lat' dir='ltr'><strong>cr</strong></span> <span class='ocrx_word' id='word_1_373' title='bbox 1418 2585 1623 2644; x_wconf 67' lang='lat' dir='ltr'><strong>mediocribus</strong></span> <span class='ocrx_word' id='word_1_374' title='bbox 1634 2586 1793 2644; x_wconf 62' lang='lat' dir='ltr'><strong>indumen.</strong></span> 
     </span>
     <span class='ocr_line' id='line_1_29' title="bbox 77 2670 1792 2748; baseline 0 -16"><span class='ocrx_word' id='word_1_375' title='bbox 77 2675 168 2733; x_wconf 78' lang='lat' dir='ltr'><strong>erire.</strong></span> <span class='ocrx_word' id='word_1_376' title='bbox 184 2673 236 2730; x_wconf 81' lang='lat' dir='ltr'><strong>iiic</strong></span> <span class='ocrx_word' id='word_1_377' title='bbox 250 2687 311 2730; x_wconf 93' lang='lat' dir='ltr'><strong>non</strong></span> <span class='ocrx_word' id='word_1_378' title='bbox 322 2671 421 2730; x_wconf 91' lang='lat' dir='ltr'><strong>solum</strong></span> <span class='ocrx_word' id='word_1_379' title='bbox 436 2671 570 2744; x_wconf 90' lang='lat' dir='ltr'><strong>clericos,</strong></span> <span class='ocrx_word' id='word_1_380' title='bbox 586 2670 641 2727; x_wconf 91' lang='lat' dir='ltr'><strong>sed</strong></span> <span class='ocrx_word' id='word_1_381' title='bbox 655 2672 747 2728; x_wconf 89' lang='lat' dir='ltr'><strong>etiam</strong></span> <span class='ocrx_word' id='word_1_382' title='bbox 758 2671 852 2728; x_wconf 92' lang='lat' dir='ltr'><strong>laicos</strong></span> <span class='ocrx_word' id='word_1_383' title='bbox 867 2671 907 2730; x_wconf 87' lang='lat' dir='ltr'><strong>ah</strong></span> <span class='ocrx_word' id='word_1_384' title='bbox 962 2677 999 2736; x_wconf 90' lang='lat' dir='ltr'><strong>tis</strong></span> <span class='ocrx_word' id='word_1_385' title='bbox 1014 2675 1054 2734; x_wconf 91' lang='lat' dir='ltr'><strong>ad</strong></span> <span class='ocrx_word' id='word_1_386' title='bbox 1069 2691 1132 2732; x_wconf 84' lang='lat' dir='ltr'><strong>suae</strong></span> <span class='ocrx_word' id='word_1_387' title='bbox 1157 2674 1332 2732; x_wconf 88' lang='lat' dir='ltr'><strong>humilitatis</strong></span> <span class='ocrx_word' id='word_1_388' title='bbox 1346 2673 1491 2732; x_wconf 88' lang='lat' dir='ltr'><strong>indicium</strong></span> <span class='ocrx_word' id='word_1_389' title='bbox 1516 2673 1547 2730; x_wconf 93' lang='lat' dir='ltr'><strong>in</strong></span> <span class='ocrx_word' id='word_1_390' title='bbox 1566 2675 1792 2748; x_wconf 86' lang='lat' dir='ltr'><strong>pontificalibus</strong></span> 
     </span>
     <span class='ocr_line' id='line_1_30' title="bbox 77 2759 1793 2837; baseline -0.001 -16"><span class='ocrx_word' id='word_1_391' title='bbox 77 2763 163 2821; x_wconf 90' lang='lat' dir='ltr'><strong>omni</strong></span> <span class='ocrx_word' id='word_1_392' title='bbox 174 2762 346 2836; x_wconf 89' lang='lat' dir='ltr'><strong>juramento</strong></span> <span class='ocrx_word' id='word_1_393' title='bbox 356 2761 576 2835; x_wconf 87' lang='lat' dir='ltr'><strong>compescebat.</strong></span> <span class='ocrx_word' id='word_1_394' title='bbox 586 2759 811 2833; x_wconf 83' lang='lat' dir='ltr'><strong>Loquacitetem</strong></span> <span class='ocrx_word' id='word_1_395' title='bbox 824 2775 906 2829; x_wconf 88' lang='lat' dir='ltr'><strong>vero,</strong></span> <span class='ocrx_word' id='word_1_396' title='bbox 962 2764 1112 2822; x_wconf 87' lang='lat' dir='ltr'><strong>utebatur.</strong></span> <span class='ocrx_word' id='word_1_397' title='bbox 1129 2763 1243 2820; x_wconf 82' lang='lat' dir='ltr'><strong>Etenim</strong></span> <span class='ocrx_word' id='word_1_398' title='bbox 1256 2763 1416 2820; x_wconf 91' lang='lat' dir='ltr'><strong>advertens</strong></span> <span class='ocrx_word' id='word_1_399' title='bbox 1427 2777 1457 2820; x_wconf 91' lang='lat' dir='ltr'><strong>se</strong></span> <span class='ocrx_word' id='word_1_400' title='bbox 1471 2762 1540 2819; x_wconf 89' lang='lat' dir='ltr'><strong>ideo</strong></span> <span class='ocrx_word' id='word_1_401' title='bbox 1551 2778 1707 2820; x_wconf 89' lang='lat' dir='ltr'><strong>summum</strong></span> <span class='ocrx_word' id='word_1_402' title='bbox 1718 2777 1793 2837; x_wconf 91' lang='lat' dir='ltr'><strong>pon·</strong></span> 
     </span>
     <span class='ocr_line' id='line_1_31' title="bbox 76 2847 1792 2925; baseline -0.001 -15"><span class='ocrx_word' id='word_1_403' title='bbox 76 2858 105 2910; x_wconf 92' lang='lat' dir='ltr'><strong>et</strong></span> <span class='ocrx_word' id='word_1_404' title='bbox 119 2850 344 2921; x_wconf 85' lang='lat' dir='ltr'><strong>detractionem,</strong></span> <span class='ocrx_word' id='word_1_405' title='bbox 359 2865 427 2924; x_wconf 79' lang='lat' dir='ltr'><strong>quas</strong></span> <span class='ocrx_word' id='word_1_406' title='bbox 440 2850 471 2908; x_wconf 94' lang='lat' dir='ltr'><strong>in</strong></span> <span class='ocrx_word' id='word_1_407' title='bbox 484 2848 628 2906; x_wconf 82' lang='lat' dir='ltr'><strong>conviviis</strong></span> <span class='ocrx_word' id='word_1_408' title='bbox 649 2847 806 2905; x_wconf 74' lang='lat' dir='ltr'><strong>abundem</strong></span> <span class='ocrx_word' id='word_1_409' title='bbox 822 2847 906 2919; x_wconf 88' lang='lat' dir='ltr'><strong>solet,</strong></span> <span class='ocrx_word' id='word_1_410' title='bbox 962 2852 1074 2910; x_wconf 89' lang='lat' dir='ltr'><strong>titicem</strong></span> <span class='ocrx_word' id='word_1_411' title='bbox 1084 2867 1103 2908; x_wconf 87' lang='lat' dir='ltr'><strong>a</strong></span> <span class='ocrx_word' id='word_1_412' title='bbox 1115 2855 1175 2908; x_wconf 82' lang='lat' dir='ltr'><strong>ileo</strong></span> <span class='ocrx_word' id='word_1_413' title='bbox 1189 2850 1395 2918; x_wconf 89' lang='lat' dir='ltr'><strong>constitutum,</strong></span> <span class='ocrx_word' id='word_1_414' title='bbox 1412 2853 1454 2918; x_wconf 92' lang='lat' dir='ltr'><strong>ut,</strong></span> <span class='ocrx_word' id='word_1_415' title='bbox 1476 2850 1563 2920; x_wconf 86' lang='lat' dir='ltr'><strong>juxta</strong></span> <span class='ocrx_word' id='word_1_416' title='bbox 1578 2849 1652 2906; x_wconf 92' lang='lat' dir='ltr'><strong>illud</strong></span> <span class='ocrx_word' id='word_1_417' title='bbox 1664 2851 1792 2925; x_wconf 89' lang='lat' dir='ltr'><strong>prophe·</strong></span> 
     </span>
     <span class='ocr_line' id='line_1_32' title="bbox 76 2915 1792 3014; baseline -0.002 -17"><span class='ocrx_word' id='word_1_418' title='bbox 76 2942 118 2998; x_wconf 89' lang='lat' dir='ltr'><strong>ita</strong></span> <span class='ocrx_word' id='word_1_419' title='bbox 133 2937 353 3014; x_wconf 90' lang='lat' dir='ltr'><strong>comprimebat</strong></span> <span class='ocrx_word' id='word_1_420' title='bbox 365 2944 398 2996; x_wconf 93' lang='lat' dir='ltr'><strong>ut</strong></span> <span class='ocrx_word' id='word_1_421' title='bbox 410 2939 466 2996; x_wconf 90' lang='lat' dir='ltr'><strong>hos</strong></span> <span class='ocrx_word' id='word_1_422' title='bbox 479 2953 585 2994; x_wconf 80' lang='lat' dir='ltr'><strong>versas</strong></span> <span class='ocrx_word' id='word_1_423' title='bbox 600 2936 631 2992; x_wconf 93' lang='lat' dir='ltr'><strong>in</strong></span> <span class='ocrx_word' id='word_1_424' title='bbox 647 2951 705 2994; x_wconf 89' lang='lat' dir='ltr'><strong>sua</strong></span> <span class='ocrx_word' id='word_1_425' title='bbox 716 2951 824 2995; x_wconf 88' lang='lat' dir='ltr'><strong>mensa</strong></span> <span class='ocrx_word' id='word_1_426' title='bbox 837 2935 908 2994; x_wconf 88' lang='lat' dir='ltr'><strong>scri·</strong></span> <span class='ocrx_word' id='word_1_427' title='bbox 927 2915 1065 3007; x_wconf 88' lang='lat' dir='ltr'><strong>Cticum,</strong></span> <span class='ocrx_word' id='word_1_428' title='bbox 1091 2939 1225 2996; x_wconf 90' lang='lat' dir='ltr'><strong>radicem</strong></span> <span class='ocrx_word' id='word_1_429' title='bbox 1253 2937 1394 2995; x_wconf 88' lang='lat' dir='ltr'><strong>vitiorum</strong></span> <span class='ocrx_word' id='word_1_430' title='bbox 1433 2935 1582 3003; x_wconf 90' lang='lat' dir='ltr'><strong>evelleret,</strong></span> <span class='ocrx_word' id='word_1_431' title='bbox 1610 2937 1792 3010; x_wconf 84' lang='lat' dir='ltr'><strong>virtutesque</strong></span> 
     </span>
     <span class='ocr_line' id='line_1_33' title="bbox 74 3025 1791 3104; baseline -0.002 -18"><span class='ocrx_word' id='word_1_432' title='bbox 74 3029 176 3086; x_wconf 90' lang='lat' dir='ltr'><strong>heret:</strong></span> <span class='ocrx_word' id='word_1_433' title='bbox 961 3029 1119 3104; x_wconf 85' lang='lat' dir='ltr'><strong>plantaret,</strong></span> <span class='ocrx_word' id='word_1_434' title='bbox 1133 3043 1240 3086; x_wconf 90' lang='lat' dir='ltr'><strong>omnes</strong></span> <span class='ocrx_word' id='word_1_435' title='bbox 1251 3025 1484 3086; x_wconf 88' lang='lat' dir='ltr'><strong>consuetudines</strong></span> <span class='ocrx_word' id='word_1_436' title='bbox 1500 3041 1579 3098; x_wconf 91' lang='lat' dir='ltr'><strong>quas</strong></span> <span class='ocrx_word' id='word_1_437' title='bbox 1597 3030 1702 3084; x_wconf 89' lang='lat' dir='ltr'><strong>contra</strong></span> <span class='ocrx_word' id='word_1_438' title='bbox 1716 3041 1791 3100; x_wconf 92' lang='lat' dir='ltr'><strong>apo·</strong></span> 
     </span>
    </p>
   </div>
   <div class='ocr_carea' id='block_1_3' title="bbox 138 3112 1791 3276">
    <p class='ocr_par' dir='ltr' id='par_1_3' title="bbox 138 3112 1791 3276">
     <span class='ocr_line' id='line_1_34' title="bbox 138 3112 1791 3198; baseline -0.009 -15"><span class='ocrx_word' id='word_1_439' title='bbox 138 3131 264 3198; x_wconf 82' lang='lat' dir='ltr'><strong>Quisquis</strong></span> <span class='ocrx_word' id='word_1_440' title='bbox 273 3139 342 3181; x_wconf 84' lang='lat' dir='ltr'><strong>amat</strong></span> <span class='ocrx_word' id='word_1_441' title='bbox 352 3129 429 3182; x_wconf 81' lang='lat' dir='ltr'><strong>diesis</strong></span> <span class='ocrx_word' id='word_1_442' title='bbox 447 3129 580 3180; x_wconf 64' lang='lat' dir='ltr'><strong>meatum</strong></span> <span class='ocrx_word' id='word_1_443' title='bbox 595 3127 783 3186; x_wconf 81' lang='lat' dir='ltr'><strong>ruderarium,</strong></span> <span class='ocrx_word' id='word_1_444' title='bbox 961 3117 1097 3175; x_wconf 89' lang='lat' dir='ltr'><strong>stolicam</strong></span> <span class='ocrx_word' id='word_1_445' title='bbox 1110 3115 1302 3174; x_wconf 87' lang='lat' dir='ltr'><strong>traditionem</strong></span> <span class='ocrx_word' id='word_1_446' title='bbox 1318 3113 1434 3172; x_wconf 73' lang='lat' dir='ltr'><strong>neuter</strong></span> <span class='ocrx_word' id='word_1_447' title='bbox 1453 3112 1619 3186; x_wconf 90' lang='lat' dir='ltr'><strong>pullulasse</strong></span> <span class='ocrx_word' id='word_1_448' title='bbox 1641 3128 1791 3184; x_wconf 88' lang='lat' dir='ltr'><strong>cognove-</strong></span> 
     </span>
     <span class='ocr_line' id='line_1_35' title="bbox 172 3191 1790 3276; baseline -0.007 -5"><span class='ocrx_word' id='word_1_449' title='bbox 172 3193 239 3244; x_wconf 54' lang='grc' dir='ltr'><strong>ΗΜ</strong></span> <span class='ocrx_word' id='word_1_450' title='bbox 252 3192 504 3258; x_wconf 61' lang='lat' dir='ltr'><strong>camminensem</strong></span> <span class='ocrx_word' id='word_1_451' title='bbox 515 3191 613 3242; x_wconf 79' lang='lat' dir='ltr'><strong>noveru</strong></span> <span class='ocrx_word' id='word_1_452' title='bbox 627 3205 682 3242; x_wconf 75' lang='lat'><strong>⁰⁸⁸⁰</strong></span> <span class='ocrx_word' id='word_1_453' title='bbox 699 3191 749 3243; x_wconf 70' lang='lat'><strong>⁵¹¹¹·</strong></span> <span class='ocrx_word' id='word_1_454' title='bbox 960 3211 1017 3276; x_wconf 90' lang='lat' dir='ltr'><strong>rat,</strong></span> <span class='ocrx_word' id='word_1_455' title='bbox 1045 3206 1103 3263; x_wconf 87' lang='lat' dir='ltr'><strong>sub</strong></span> <span class='ocrx_word' id='word_1_456' title='bbox 1129 3203 1329 3264; x_wconf 89' lang='lat' dir='ltr'><strong>anathematis</strong></span> <span class='ocrx_word' id='word_1_457' title='bbox 1359 3202 1600 3261; x_wconf 87' lang='lat' dir='ltr'><strong>interminatione</strong></span> <span class='ocrx_word' id='word_1_458' title='bbox 1623 3202 1790 3260; x_wconf 87' lang='lat' dir='ltr'><strong>damnavit.</strong></span> 
     </span>
    </p>
   </div>
   <div class='ocr_carea' id='block_1_4' title="bbox 39 3287 1790 5676">
    <p class='ocr_par' dir='ltr' id='par_1_4' title="bbox 39 3287 1790 5676">
     <span class='ocr_line' id='line_1_36' title="bbox 73 3287 1788 3364; baseline -0.005 -8"><span class='ocrx_word' id='word_1_459' title='bbox 73 3295 163 3350; x_wconf 82' lang='lat' dir='ltr'><strong>Veste</strong></span> <span class='ocrx_word' id='word_1_460' title='bbox 177 3307 247 3350; x_wconf 82' lang='lat' dir='ltr'><strong>vere</strong></span> <span class='ocrx_word' id='word_1_461' title='bbox 261 3291 328 3363; x_wconf 70' lang='lat' dir='ltr'><strong>eius</strong></span> <span class='ocrx_word' id='word_1_462' title='bbox 353 3295 383 3348; x_wconf 77' lang='lat' dir='ltr'><strong>et</strong></span> <span class='ocrx_word' id='word_1_463' title='bbox 396 3289 610 3356; x_wconf 74' lang='lat' dir='ltr'><strong>eeleeemesste.</strong></span> <span class='ocrx_word' id='word_1_464' title='bbox 626 3287 673 3346; x_wconf 73' lang='lat' dir='ltr'><strong>Vel</strong></span> <span class='ocrx_word' id='word_1_465' title='bbox 697 3288 847 3360; x_wconf 63' lang='lat' dir='ltr'><strong>letluffltt,</strong></span> <span class='ocrx_word' id='word_1_466' title='bbox 870 3304 907 3346; x_wconf 73' lang='lat'><strong>⁰¹</strong></span> <span class='ocrx_word' id='word_1_467' title='bbox 960 3300 1035 3354; x_wconf 85' lang='lat' dir='ltr'><strong>Tum</strong></span> <span class='ocrx_word' id='word_1_468' title='bbox 1048 3312 1119 3354; x_wconf 91' lang='lat' dir='ltr'><strong>vero</strong></span> <span class='ocrx_word' id='word_1_469' title='bbox 1134 3309 1220 3354; x_wconf 90' lang='lat' dir='ltr'><strong>asuo</strong></span> <span class='ocrx_word' id='word_1_470' title='bbox 1234 3293 1372 3351; x_wconf 88' lang='lat' dir='ltr'><strong>cubiculo</strong></span> <span class='ocrx_word' id='word_1_471' title='bbox 1394 3307 1457 3350; x_wconf 89' lang='lat' dir='ltr'><strong>non</strong></span> <span class='ocrx_word' id='word_1_472' title='bbox 1482 3291 1580 3350; x_wconf 90' lang='lat' dir='ltr'><strong>solum</strong></span> <span class='ocrx_word' id='word_1_473' title='bbox 1600 3291 1788 3364; x_wconf 75' lang='lat' dir='ltr'><strong>iuvenculos,</strong></span> 
     </span>
     <span class='ocr_line' id='line_1_37' title="bbox 70 3376 1790 3455; baseline 0.003 -22"><span class='ocrx_word' id='word_1_474' title='bbox 70 3381 231 3438; x_wconf 80' lang='lat' dir='ltr'><strong>moderato</strong></span> <span class='ocrx_word' id='word_1_475' title='bbox 246 3385 275 3438; x_wconf 86' lang='lat' dir='ltr'><strong>ct</strong></span> <span class='ocrx_word' id='word_1_476' title='bbox 299 3378 481 3454; x_wconf 84' lang='lat' dir='ltr'><strong>competenti</strong></span> <span class='ocrx_word' id='word_1_477' title='bbox 507 3377 613 3436; x_wconf 89' lang='lat' dir='ltr'><strong>habitu</strong></span> <span class='ocrx_word' id='word_1_478' title='bbox 627 3382 722 3446; x_wconf 69' lang='lat' dir='ltr'><strong>aaut</strong></span> <span class='ocrx_word' id='word_1_479' title='bbox 744 3391 799 3434; x_wconf 91' lang='lat' dir='ltr'><strong>nec</strong></span> <span class='ocrx_word' id='word_1_480' title='bbox 811 3376 906 3434; x_wconf 77' lang='lat' dir='ltr'><strong>mune</strong></span> <span class='ocrx_word' id='word_1_481' title='bbox 960 3384 1014 3442; x_wconf 89' lang='lat' dir='ltr'><strong>sed</strong></span> <span class='ocrx_word' id='word_1_482' title='bbox 1026 3389 1054 3441; x_wconf 90' lang='lat' dir='ltr'><strong>et</strong></span> <span class='ocrx_word' id='word_1_483' title='bbox 1064 3399 1155 3441; x_wconf 88' lang='lat' dir='ltr'><strong>omne</strong></span> <span class='ocrx_word' id='word_1_484' title='bbox 1170 3381 1326 3440; x_wconf 85' lang='lat' dir='ltr'><strong>saeculares</strong></span> <span class='ocrx_word' id='word_1_485' title='bbox 1338 3380 1511 3451; x_wconf 81' lang='lat' dir='ltr'><strong>excludens,</strong></span> <span class='ocrx_word' id='word_1_486' title='bbox 1527 3380 1703 3438; x_wconf 89' lang='lat' dir='ltr'><strong>clericorum</strong></span> <span class='ocrx_word' id='word_1_487' title='bbox 1716 3397 1790 3455; x_wconf 93' lang='lat' dir='ltr'><strong>quo-</strong></span> 
     </span>
     <span class='ocr_line' id='line_1_38' title="bbox 68 3466 1789 3547; baseline -0.002 -18"><span class='ocrx_word' id='word_1_488' title='bbox 68 3475 127 3529; x_wconf 84' lang='lat' dir='ltr'><strong>aut</strong></span> <span class='ocrx_word' id='word_1_489' title='bbox 136 3469 273 3544; x_wconf 90' lang='lat' dir='ltr'><strong>speciosa</strong></span> <span class='ocrx_word' id='word_1_490' title='bbox 287 3469 415 3526; x_wconf 77' lang='lat' dir='ltr'><strong>morium</strong></span> <span class='ocrx_word' id='word_1_491' title='bbox 431 3467 476 3525; x_wconf 89' lang='lat' dir='ltr'><strong>vel</strong></span> <span class='ocrx_word' id='word_1_492' title='bbox 491 3467 609 3538; x_wconf 80' lang='lat' dir='ltr'><strong>abiecta</strong></span> <span class='ocrx_word' id='word_1_493' title='bbox 622 3466 797 3541; x_wconf 88' lang='lat' dir='ltr'><strong>plurimum.</strong></span> <span class='ocrx_word' id='word_1_494' title='bbox 960 3487 1034 3547; x_wconf 86' lang='lat' dir='ltr'><strong>sque</strong></span> <span class='ocrx_word' id='word_1_495' title='bbox 1050 3471 1097 3531; x_wconf 87' lang='lat' dir='ltr'><strong>vel</strong></span> <span class='ocrx_word' id='word_1_496' title='bbox 1111 3471 1333 3529; x_wconf 89' lang='lat' dir='ltr'><strong>monachorum</strong></span> <span class='ocrx_word' id='word_1_497' title='bbox 1354 3467 1606 3543; x_wconf 89' lang='lat' dir='ltr'><strong>prudentissimos</strong></span> <span class='ocrx_word' id='word_1_498' title='bbox 1632 3467 1689 3526; x_wconf 87' lang='lat' dir='ltr'><strong>sibi</strong></span> <span class='ocrx_word' id='word_1_499' title='bbox 1701 3467 1789 3526; x_wconf 87' lang='lat' dir='ltr'><strong>farni-</strong></span> 
     </span>
     <span class='ocr_line' id='line_1_39' title="bbox 108 3553 1788 3634; baseline 0 -18"><span class='ocrx_word' id='word_1_500' title='bbox 108 3563 155 3617; x_wconf 83' lang='lat' dir='ltr'><strong>Vl.</strong></span> <span class='ocrx_word' id='word_1_501' title='bbox 182 3558 263 3616; x_wconf 88' lang='lat' dir='ltr'><strong>tibet</strong></span> <span class='ocrx_word' id='word_1_502' title='bbox 289 3572 412 3632; x_wconf 89' lang='lat' dir='ltr'><strong>quoque</strong></span> <span class='ocrx_word' id='word_1_503' title='bbox 426 3557 519 3614; x_wconf 88' lang='lat' dir='ltr'><strong>verba</strong></span> <span class='ocrx_word' id='word_1_504' title='bbox 532 3559 562 3613; x_wconf 86' lang='lat' dir='ltr'><strong>B.</strong></span> <span class='ocrx_word' id='word_1_505' title='bbox 579 3555 720 3628; x_wconf 85' lang='lat' dir='ltr'><strong>Gregorii,</strong></span> <span class='ocrx_word' id='word_1_506' title='bbox 750 3553 796 3612; x_wconf 90' lang='lat' dir='ltr'><strong>vel</strong></span> <span class='ocrx_word' id='word_1_507' title='bbox 809 3553 906 3629; x_wconf 81' lang='lat' dir='ltr'><strong>queri·</strong></span> <span class='ocrx_word' id='word_1_508' title='bbox 959 3561 1049 3619; x_wconf 89' lang='lat' dir='ltr'><strong>liares</strong></span> <span class='ocrx_word' id='word_1_509' title='bbox 1062 3560 1307 3634; x_wconf 85' lang='lat' dir='ltr'><strong>consiliariosque</strong></span> <span class='ocrx_word' id='word_1_510' title='bbox 1322 3557 1440 3629; x_wconf 89' lang='lat' dir='ltr'><strong>delegit.</strong></span> <span class='ocrx_word' id='word_1_511' title='bbox 1455 3560 1529 3616; x_wconf 88' lang='lat' dir='ltr'><strong>Cum</strong></span> <span class='ocrx_word' id='word_1_512' title='bbox 1541 3557 1652 3631; x_wconf 87' lang='lat' dir='ltr'><strong>quibus</strong></span> <span class='ocrx_word' id='word_1_513' title='bbox 1666 3557 1714 3614; x_wconf 92' lang='lat' dir='ltr'><strong>die</strong></span> <span class='ocrx_word' id='word_1_514' title='bbox 1733 3573 1788 3616; x_wconf 91' lang='lat' dir='ltr'><strong>no-</strong></span> 
     </span>
     <span class='ocr_line' id='line_1_40' title="bbox 68 3641 1788 3723; baseline -0.005 -15"><span class='ocrx_word' id='word_1_515' title='bbox 68 3649 196 3708; x_wconf 88' lang='lat' dir='ltr'><strong>monias</strong></span> <span class='ocrx_word' id='word_1_516' title='bbox 208 3647 274 3720; x_wconf 87' lang='lat' dir='ltr'><strong>ejus</strong></span> <span class='ocrx_word' id='word_1_517' title='bbox 298 3647 338 3704; x_wconf 89' lang='lat' dir='ltr'><strong>ad</strong></span> <span class='ocrx_word' id='word_1_518' title='bbox 350 3645 485 3704; x_wconf 89' lang='lat' dir='ltr'><strong>medium</strong></span> <span class='ocrx_word' id='word_1_519' title='bbox 499 3645 624 3704; x_wconf 87' lang='lat' dir='ltr'><strong>deferre.</strong></span> <span class='ocrx_word' id='word_1_520' title='bbox 638 3649 712 3704; x_wconf 86' lang='lat' dir='ltr'><strong>Nam</strong></span> <span class='ocrx_word' id='word_1_521' title='bbox 725 3643 849 3718; x_wconf 90' lang='lat' dir='ltr'><strong>quando</strong></span> <span class='ocrx_word' id='word_1_522' title='bbox 863 3642 906 3700; x_wconf 94' lang='lat' dir='ltr'><strong>ul·</strong></span> <span class='ocrx_word' id='word_1_523' title='bbox 961 3653 1066 3723; x_wconf 90' lang='lat' dir='ltr'><strong>cteque</strong></span> <span class='ocrx_word' id='word_1_524' title='bbox 1080 3647 1307 3719; x_wconf 86' lang='lat' dir='ltr'><strong>versatus,nihil</strong></span> <span class='ocrx_word' id='word_1_525' title='bbox 1318 3647 1493 3706; x_wconf 79' lang='lat' dir='ltr'><strong>monasticae</strong></span> <span class='ocrx_word' id='word_1_526' title='bbox 1505 3645 1704 3720; x_wconf 89' lang='lat' dir='ltr'><strong>perfectionis,</strong></span> <span class='ocrx_word' id='word_1_527' title='bbox 1715 3641 1788 3700; x_wconf 91' lang='lat' dir='ltr'><strong>nihil</strong></span> 
     </span>
     <span class='ocr_line' id='line_1_41' title="bbox 67 3733 1788 3813; baseline -0.002 -21"><span class='ocrx_word' id='word_1_528' title='bbox 67 3739 166 3798; x_wconf 80' lang='lat' dir='ltr'><strong>times</strong></span> <span class='ocrx_word' id='word_1_529' title='bbox 182 3735 340 3794; x_wconf 85' lang='lat' dir='ltr'><strong>Ezechielis</strong></span> <span class='ocrx_word' id='word_1_530' title='bbox 366 3739 466 3810; x_wconf 90' lang='lat' dir='ltr'><strong>partes</strong></span> <span class='ocrx_word' id='word_1_531' title='bbox 479 3750 640 3807; x_wconf 87' lang='lat' dir='ltr'><strong>aggressus</strong></span> <span class='ocrx_word' id='word_1_532' title='bbox 652 3737 708 3802; x_wconf 90' lang='lat' dir='ltr'><strong>est,</strong></span> <span class='ocrx_word' id='word_1_533' title='bbox 733 3733 905 3792; x_wconf 72' lang='lat' dir='ltr'><strong>nmtiatum</strong></span> <span class='ocrx_word' id='word_1_534' title='bbox 959 3737 1138 3813; x_wconf 87' lang='lat' dir='ltr'><strong>pontificalis</strong></span> <span class='ocrx_word' id='word_1_535' title='bbox 1165 3736 1367 3804; x_wconf 89' lang='lat' dir='ltr'><strong>institutionis,</strong></span> <span class='ocrx_word' id='word_1_536' title='bbox 1393 3736 1461 3793; x_wconf 91' lang='lat' dir='ltr'><strong>licet</strong></span> <span class='ocrx_word' id='word_1_537' title='bbox 1476 3750 1566 3808; x_wconf 91' lang='lat' dir='ltr'><strong>super</strong></span> <span class='ocrx_word' id='word_1_538' title='bbox 1585 3737 1688 3806; x_wconf 89' lang='lat' dir='ltr'><strong>gentes</strong></span> <span class='ocrx_word' id='word_1_539' title='bbox 1702 3736 1731 3789; x_wconf 91' lang='lat' dir='ltr'><strong>et</strong></span> <span class='ocrx_word' id='word_1_540' title='bbox 1744 3747 1788 3788; x_wconf 88' lang='lat' dir='ltr'><strong>re-</strong></span> 
     </span>
     <span class='ocr_line' id='line_1_42' title="bbox 67 3820 1787 3900; baseline -0.008 -10"><span class='ocrx_word' id='word_1_541' title='bbox 67 3829 98 3888; x_wconf 86' lang='lat' dir='ltr'><strong>ei</strong></span> <span class='ocrx_word' id='word_1_542' title='bbox 115 3829 215 3884; x_wconf 81' lang='lat' dir='ltr'><strong>lueret</strong></span> <span class='ocrx_word' id='word_1_543' title='bbox 226 3823 311 3900; x_wconf 79' lang='lat' dir='ltr'><strong>qued</strong></span> <span class='ocrx_word' id='word_1_544' title='bbox 336 3823 499 3897; x_wconf 67' lang='lat' dir='ltr'><strong>haistulfus</strong></span> <span class='ocrx_word' id='word_1_545' title='bbox 522 3822 687 3896; x_wconf 65' lang='lat' dir='ltr'><strong>[egilulfue.</strong></span> <span class='ocrx_word' id='word_1_546' title='bbox 701 3823 749 3881; x_wconf 80' lang='lat' dir='ltr'><strong>vel</strong></span> <span class='ocrx_word' id='word_1_547' title='bbox 759 3821 906 3894; x_wconf 76' lang='lat' dir='ltr'><strong>aigulfus]</strong></span> <span class='ocrx_word' id='word_1_548' title='bbox 961 3844 1021 3900; x_wconf 91' lang='lat' dir='ltr'><strong>gna</strong></span> <span class='ocrx_word' id='word_1_549' title='bbox 1035 3827 1223 3894; x_wconf 89' lang='lat' dir='ltr'><strong>constitutus,</strong></span> <span class='ocrx_word' id='word_1_550' title='bbox 1238 3823 1347 3882; x_wconf 90' lang='lat' dir='ltr'><strong>amisit.</strong></span> <span class='ocrx_word' id='word_1_551' title='bbox 1362 3824 1545 3882; x_wconf 89' lang='lat' dir='ltr'><strong>Videbantur</strong></span> <span class='ocrx_word' id='word_1_552' title='bbox 1556 3821 1657 3894; x_wconf 88' lang='lat' dir='ltr'><strong>itaque</strong></span> <span class='ocrx_word' id='word_1_553' title='bbox 1671 3820 1787 3894; x_wconf 89' lang='lat' dir='ltr'><strong>passim</strong></span> 
     </span>
     <span class='ocr_line' id='line_1_43' title="bbox 66 3907 1789 3988; baseline -0.005 -16"><span class='ocrx_word' id='word_1_554' title='bbox 66 3931 127 3972; x_wconf 85' lang='lat' dir='ltr'><strong>rex</strong></span> <span class='ocrx_word' id='word_1_555' title='bbox 138 3913 456 3988; x_wconf 83' lang='lat' dir='ltr'><strong>Langobardorumad</strong></span> <span class='ocrx_word' id='word_1_556' title='bbox 477 3912 678 3971; x_wconf 87' lang='lat' dir='ltr'><strong>obsidendam</strong></span> <span class='ocrx_word' id='word_1_557' title='bbox 703 3910 905 3983; x_wconf 76' lang='lat' dir='ltr'><strong>romaniam</strong></span> <span class='ocrx_word' id='word_1_558' title='bbox 960 3932 1031 3973; x_wconf 90' lang='lat' dir='ltr'><strong>cum</strong></span> <span class='ocrx_word' id='word_1_559' title='bbox 1045 3913 1253 3972; x_wconf 87' lang='lat' dir='ltr'><strong>eruditissimis</strong></span> <span class='ocrx_word' id='word_1_560' title='bbox 1267 3909 1676 3983; x_wconf 90' lang='lat' dir='ltr'><strong>clericisreligiosimonaohi</strong></span> <span class='ocrx_word' id='word_1_561' title='bbox 1689 3907 1789 3966; x_wconf 77' lang='lat' dir='ltr'><strong>adhae-</strong></span> 
     </span>
     <span class='ocr_line' id='line_1_44' title="bbox 64 3993 1787 4076; baseline -0.006 -16"><span class='ocrx_word' id='word_1_562' title='bbox 64 4003 193 4061; x_wconf 87' lang='lat' dir='ltr'><strong>Padum</strong></span> <span class='ocrx_word' id='word_1_563' title='bbox 203 4003 351 4062; x_wconf 77' lang='lat' dir='ltr'><strong>hansiens</strong></span> <span class='ocrx_word' id='word_1_564' title='bbox 362 4017 555 4076; x_wconf 89' lang='lat' dir='ltr'><strong>summopere</strong></span> <span class='ocrx_word' id='word_1_565' title='bbox 568 4001 729 4060; x_wconf 77' lang='lat' dir='ltr'><strong>festinaret.</strong></span> <span class='ocrx_word' id='word_1_566' title='bbox 745 4000 792 4056; x_wconf 78' lang='lat' dir='ltr'><strong>Ait</strong></span> <span class='ocrx_word' id='word_1_567' title='bbox 803 3998 903 4056; x_wconf 87' lang='lat' dir='ltr'><strong>enim:</strong></span> <span class='ocrx_word' id='word_1_568' title='bbox 960 4019 1024 4062; x_wconf 87' lang='lat' dir='ltr'><strong>rere</strong></span> <span class='ocrx_word' id='word_1_569' title='bbox 1037 4000 1180 4076; x_wconf 79' lang='lat' dir='ltr'><strong>pontifici,</strong></span> <span class='ocrx_word' id='word_1_570' title='bbox 1192 4005 1220 4058; x_wconf 92' lang='lat' dir='ltr'><strong>et</strong></span> <span class='ocrx_word' id='word_1_571' title='bbox 1234 3999 1265 4056; x_wconf 90' lang='lat' dir='ltr'><strong>in</strong></span> <span class='ocrx_word' id='word_1_572' title='bbox 1285 3999 1409 4056; x_wconf 90' lang='lat' dir='ltr'><strong>diversis</strong></span> <span class='ocrx_word' id='word_1_573' title='bbox 1424 3995 1660 4071; x_wconf 77' lang='lat' dir='ltr'><strong>professionibus</strong></span> <span class='ocrx_word' id='word_1_574' title='bbox 1674 3993 1787 4052; x_wconf 85' lang='lat' dir='ltr'><strong>unifor-</strong></span> 
     </span>
     <span class='ocr_line' id='line_1_45' title="bbox 63 4085 1788 4164; baseline -0.006 -15"><span class='ocrx_word' id='word_1_575' title='bbox 63 4096 282 4150; x_wconf 76' lang='lat' dir='ltr'><strong>r&#39;t&#39;emoautem</strong></span> <span class='ocrx_word' id='word_1_576' title='bbox 296 4106 345 4148; x_wconf 91' lang='lat' dir='ltr'><strong>rne</strong></span> <span class='ocrx_word' id='word_1_577' title='bbox 376 4089 585 4164; x_wconf 89' lang='lat' dir='ltr'><strong>reprehendat,</strong></span> <span class='ocrx_word' id='word_1_578' title='bbox 599 4089 624 4146; x_wconf 87' lang='lat' dir='ltr'><strong>si</strong></span> <span class='ocrx_word' id='word_1_579' title='bbox 639 4093 709 4163; x_wconf 87' lang='lat' dir='ltr'><strong>post</strong></span> <span class='ocrx_word' id='word_1_580' title='bbox 735 4087 815 4145; x_wconf 82' lang='lat' dir='ltr'><strong>hane</strong></span> <span class='ocrx_word' id='word_1_581' title='bbox 834 4085 905 4144; x_wconf 83' lang='lat' dir='ltr'><strong>ello-</strong></span> <span class='ocrx_word' id='word_1_582' title='bbox 960 4093 1018 4150; x_wconf 88' lang='lat' dir='ltr'><strong>mis</strong></span> <span class='ocrx_word' id='word_1_583' title='bbox 1032 4089 1192 4148; x_wconf 90' lang='lat' dir='ltr'><strong>videbatur</strong></span> <span class='ocrx_word' id='word_1_584' title='bbox 1205 4089 1358 4156; x_wconf 89' lang='lat' dir='ltr'><strong>honestas,</strong></span> <span class='ocrx_word' id='word_1_585' title='bbox 1383 4091 1526 4160; x_wconf 87' lang='lat' dir='ltr'><strong>tantaque</strong></span> <span class='ocrx_word' id='word_1_586' title='bbox 1542 4099 1670 4142; x_wconf 89' lang='lat' dir='ltr'><strong>censura</strong></span> <span class='ocrx_word' id='word_1_587' title='bbox 1689 4097 1788 4140; x_wconf 88' lang='lat' dir='ltr'><strong>mores</strong></span> 
     </span>
     <span class='ocr_line' id='line_1_46' title="bbox 62 4169 1789 4252; baseline -0.009 -7"><span class='ocrx_word' id='word_1_588' title='bbox 62 4185 225 4238; x_wconf 73' lang='lat' dir='ltr'><strong>cntionem</strong></span> <span class='ocrx_word' id='word_1_589' title='bbox 253 4195 421 4248; x_wconf 74' lang='lat' dir='ltr'><strong>cessavero,</strong></span> <span class='ocrx_word' id='word_1_590' title='bbox 437 4177 511 4252; x_wconf 71' lang='lat' dir='ltr'><strong>(illie</strong></span> <span class='ocrx_word' id='word_1_591' title='bbox 536 4177 613 4235; x_wconf 74' lang='lat' dir='ltr'><strong>Sicut</strong></span> <span class='ocrx_word' id='word_1_592' title='bbox 637 4191 743 4235; x_wconf 69' lang='lat' dir='ltr'><strong>omnes</strong></span> <span class='ocrx_word' id='word_1_593' title='bbox 772 4173 903 4242; x_wconf 67' lang='lat' dir='ltr'><strong>cernitis.</strong></span> <span class='ocrx_word' id='word_1_594' title='bbox 961 4181 1166 4238; x_wconf 89' lang='lat' dir='ltr'><strong>ministrorum</strong></span> <span class='ocrx_word' id='word_1_595' title='bbox 1177 4176 1343 4247; x_wconf 83' lang='lat' dir='ltr'><strong>excolebat,</strong></span> <span class='ocrx_word' id='word_1_596' title='bbox 1368 4179 1530 4232; x_wconf 88' lang='lat' dir='ltr'><strong>uteorum</strong></span> <span class='ocrx_word' id='word_1_597' title='bbox 1558 4171 1657 4232; x_wconf 89' lang='lat' dir='ltr'><strong>nullus</strong></span> <span class='ocrx_word' id='word_1_598' title='bbox 1679 4169 1789 4230; x_wconf 89' lang='lat' dir='ltr'><strong>harba-</strong></span> 
     </span>
     <span class='ocr_line' id='line_1_47' title="bbox 63 4259 1788 4341; baseline -0.008 -14"><span class='ocrx_word' id='word_1_599' title='bbox 63 4268 281 4327; x_wconf 88' lang='lat' dir='ltr'><strong>tribulationes</strong></span> <span class='ocrx_word' id='word_1_600' title='bbox 290 4273 400 4326; x_wconf 77' lang='lat' dir='ltr'><strong>nostra</strong></span> <span class='ocrx_word' id='word_1_601' title='bbox 408 4271 576 4337; x_wconf 89' lang='lat' dir='ltr'><strong>creverunt,</strong></span> <span class='ocrx_word' id='word_1_602' title='bbox 587 4266 720 4338; x_wconf 93' lang='lat' dir='ltr'><strong>undique</strong></span> <span class='ocrx_word' id='word_1_603' title='bbox 730 4261 905 4322; x_wconf 87' lang='lat' dir='ltr'><strong>circonfossi</strong></span> <span class='ocrx_word' id='word_1_604' title='bbox 924 4265 1030 4326; x_wconf 78' lang='lat' dir='ltr'><strong>tirum</strong></span> <span class='ocrx_word' id='word_1_605' title='bbox 1043 4267 1091 4325; x_wconf 80' lang='lat' dir='ltr'><strong>vel</strong></span> <span class='ocrx_word' id='word_1_606' title='bbox 1103 4265 1178 4341; x_wconf 82' lang='lat' dir='ltr'><strong>quid</strong></span> <span class='ocrx_word' id='word_1_607' title='bbox 1197 4267 1409 4324; x_wconf 76' lang='lat' dir='ltr'><strong>inconsuetum</strong></span> <span class='ocrx_word' id='word_1_608' title='bbox 1428 4261 1563 4334; x_wconf 73' lang='lat' dir='ltr'><strong>religioni</strong></span> <span class='ocrx_word' id='word_1_609' title='bbox 1582 4275 1721 4320; x_wconf 84' lang='lat' dir='ltr'><strong>sermone</strong></span> <span class='ocrx_word' id='word_1_610' title='bbox 1740 4259 1788 4316; x_wconf 89' lang='lat' dir='ltr'><strong>vel</strong></span> 
     </span>
     <span class='ocr_line' id='line_1_48' title="bbox 60 4349 1790 4430; baseline -0.005 -15"><span class='ocrx_word' id='word_1_611' title='bbox 60 4358 363 4430; x_wconf 85' lang='lat' dir='ltr'><strong>sumas,imminens</strong></span> <span class='ocrx_word' id='word_1_612' title='bbox 376 4355 544 4430; x_wconf 91' lang='lat' dir='ltr'><strong>perieulum</strong></span> <span class='ocrx_word' id='word_1_613' title='bbox 558 4355 707 4413; x_wconf 73' lang='lat' dir='ltr'><strong>amemus.</strong></span> <span class='ocrx_word' id='word_1_614' title='bbox 717 4353 773 4410; x_wconf 80' lang='lat' dir='ltr'><strong>atii</strong></span> <span class='ocrx_word' id='word_1_615' title='bbox 784 4351 906 4410; x_wconf 74' lang='lat' dir='ltr'><strong>demm-</strong></span> <span class='ocrx_word' id='word_1_616' title='bbox 961 4357 1067 4414; x_wconf 90' lang='lat' dir='ltr'><strong>habitu</strong></span> <span class='ocrx_word' id='word_1_617' title='bbox 1078 4355 1210 4430; x_wconf 88' lang='lat' dir='ltr'><strong>preferre</strong></span> <span class='ocrx_word' id='word_1_618' title='bbox 1225 4355 1463 4428; x_wconf 61' lang='lat' dir='ltr'><strong>praesumeretur</strong></span> <span class='ocrx_word' id='word_1_619' title='bbox 1473 4351 1527 4425; x_wconf 90' lang='lat' dir='ltr'><strong>qui</strong></span> <span class='ocrx_word' id='word_1_620' title='bbox 1541 4351 1616 4409; x_wconf 88' lang='lat' dir='ltr'><strong>torte</strong></span> <span class='ocrx_word' id='word_1_621' title='bbox 1630 4349 1790 4410; x_wconf 82' lang='lat' dir='ltr'><strong>sanctimo</strong></span> 
     </span>
     <span class='ocr_line' id='line_1_49' title="bbox 61 4439 1788 4518; baseline -0.008 -6"><span class='ocrx_word' id='word_1_622' title='bbox 61 4447 149 4504; x_wconf 75' lang='lat' dir='ltr'><strong>cetis</strong></span> <span class='ocrx_word' id='word_1_623' title='bbox 164 4445 204 4503; x_wconf 78' lang='lat' dir='ltr'><strong>ed</strong></span> <span class='ocrx_word' id='word_1_624' title='bbox 218 4462 274 4504; x_wconf 75' lang='lat'>1108</span> <span class='ocrx_word' id='word_1_625' title='bbox 286 4441 427 4504; x_wconf 72' lang='lat' dir='ltr'><strong>menibus</strong></span> <span class='ocrx_word' id='word_1_626' title='bbox 441 4445 575 4514; x_wconf 69' lang='lat' dir='ltr'><strong>veniunt.</strong></span> <span class='ocrx_word' id='word_1_627' title='bbox 599 4441 752 4516; x_wconf 89' lang='lat' dir='ltr'><strong>aliicapti,</strong></span> <span class='ocrx_word' id='word_1_628' title='bbox 772 4439 905 4501; x_wconf 74' lang='lat' dir='ltr'><strong>eliiinte·</strong></span> <span class='ocrx_word' id='word_1_629' title='bbox 960 4447 1011 4504; x_wconf 91' lang='lat' dir='ltr'><strong>nia</strong></span> <span class='ocrx_word' id='word_1_630' title='bbox 1039 4445 1084 4502; x_wconf 91' lang='lat' dir='ltr'><strong>vel</strong></span> <span class='ocrx_word' id='word_1_631' title='bbox 1111 4443 1257 4518; x_wconf 88' lang='lat' dir='ltr'><strong>sapientia</strong></span> <span class='ocrx_word' id='word_1_632' title='bbox 1284 4441 1438 4510; x_wconf 79' lang='lat' dir='ltr'><strong>caruisset,</strong></span> <span class='ocrx_word' id='word_1_633' title='bbox 1474 4439 1658 4499; x_wconf 89' lang='lat' dir='ltr'><strong>subsistendi</strong></span> <span class='ocrx_word' id='word_1_634' title='bbox 1685 4455 1788 4498; x_wconf 87' lang='lat' dir='ltr'><strong>coram</strong></span> 
     </span>
     <span class='ocr_line' id='line_1_50' title="bbox 59 4527 1789 4609; baseline -0.005 -16"><span class='ocrx_word' id='word_1_635' title='bbox 59 4534 185 4608; x_wconf 78' lang='lat' dir='ltr'><strong>tempti</strong></span> <span class='ocrx_word' id='word_1_636' title='bbox 210 4534 395 4592; x_wconf 78' lang='lat' dir='ltr'><strong>nundentur.</strong></span> <span class='ocrx_word' id='word_1_637' title='bbox 411 4535 444 4590; x_wconf 90' lang='lat' dir='ltr'><strong>Et</strong></span> <span class='ocrx_word' id='word_1_638' title='bbox 455 4533 521 4605; x_wconf 90' lang='lat' dir='ltr'><strong>jam</strong></span> <span class='ocrx_word' id='word_1_639' title='bbox 548 4546 640 4604; x_wconf 90' lang='lat' dir='ltr'><strong>cogor</strong></span> <span class='ocrx_word' id='word_1_640' title='bbox 654 4531 694 4588; x_wconf 91' lang='lat' dir='ltr'><strong>ab</strong></span> <span class='ocrx_word' id='word_1_641' title='bbox 718 4529 904 4604; x_wconf 90' lang='lat' dir='ltr'><strong>expositione</strong></span> <span class='ocrx_word' id='word_1_642' title='bbox 960 4533 1101 4609; x_wconf 87' lang='lat' dir='ltr'><strong>pontifice</strong></span> <span class='ocrx_word' id='word_1_643' title='bbox 1114 4533 1260 4600; x_wconf 87' lang='lat' dir='ltr'><strong>fiduciam</strong></span> <span class='ocrx_word' id='word_1_644' title='bbox 1270 4545 1332 4590; x_wconf 87' lang='lat' dir='ltr'><strong>non</strong></span> <span class='ocrx_word' id='word_1_645' title='bbox 1353 4531 1487 4590; x_wconf 89' lang='lat' dir='ltr'><strong>haberet.</strong></span> <span class='ocrx_word' id='word_1_646' title='bbox 1516 4532 1581 4597; x_wconf 80' lang='lat' dir='ltr'><strong>Quo</strong></span> <span class='ocrx_word' id='word_1_647' title='bbox 1596 4529 1674 4586; x_wconf 88' lang='lat' dir='ltr'><strong>laeto</strong></span> <span class='ocrx_word' id='word_1_648' title='bbox 1688 4527 1789 4586; x_wconf 88' lang='lat' dir='ltr'><strong>redar-</strong></span> 
     </span>
     <span class='ocr_line' id='line_1_51' title="bbox 58 4616 1788 4696; baseline -0.005 -15"><span class='ocrx_word' id='word_1_649' title='bbox 58 4625 212 4695; x_wconf 86' lang='lat' dir='ltr'><strong>lingnam</strong></span> <span class='ocrx_word' id='word_1_650' title='bbox 226 4623 361 4693; x_wconf 89' lang='lat' dir='ltr'><strong>retinere,</strong></span> <span class='ocrx_word' id='word_1_651' title='bbox 386 4621 459 4696; x_wconf 88' lang='lat' dir='ltr'><strong>quia</strong></span> <span class='ocrx_word' id='word_1_652' title='bbox 473 4619 562 4678; x_wconf 74' lang='lat' dir='ltr'><strong>tardet</strong></span> <span class='ocrx_word' id='word_1_653' title='bbox 576 4621 712 4678; x_wconf 88' lang='lat' dir='ltr'><strong>animam</strong></span> <span class='ocrx_word' id='word_1_654' title='bbox 734 4618 801 4676; x_wconf 82' lang='lat' dir='ltr'><strong>vitae</strong></span> <span class='ocrx_word' id='word_1_655' title='bbox 816 4632 903 4674; x_wconf 81' lang='lat' dir='ltr'><strong>merc.</strong></span> <span class='ocrx_word' id='word_1_656' title='bbox 960 4622 1060 4695; x_wconf 89' lang='lat' dir='ltr'><strong>guitur</strong></span> <span class='ocrx_word' id='word_1_657' title='bbox 1073 4621 1124 4679; x_wconf 91' lang='lat' dir='ltr'><strong>illa</strong></span> <span class='ocrx_word' id='word_1_658' title='bbox 1137 4619 1343 4694; x_wconf 89' lang='lat' dir='ltr'><strong>quorumdam</strong></span> <span class='ocrx_word' id='word_1_659' title='bbox 1370 4618 1494 4678; x_wconf 90' lang='lat' dir='ltr'><strong>lascivia</strong></span> <span class='ocrx_word' id='word_1_660' title='bbox 1508 4618 1561 4691; x_wconf 93' lang='lat' dir='ltr'><strong>qui</strong></span> <span class='ocrx_word' id='word_1_661' title='bbox 1575 4617 1684 4675; x_wconf 90' lang='lat' dir='ltr'><strong>talibus</strong></span> <span class='ocrx_word' id='word_1_662' title='bbox 1699 4616 1788 4673; x_wconf 88' lang='lat' dir='ltr'><strong>coha-</strong></span> 
     </span>
     <span class='ocr_line' id='line_1_52' title="bbox 55 4703 1788 4782; baseline -0.004 -13"><span class='ocrx_word' id='word_1_663' title='bbox 55 4715 144 4770; x_wconf 81' lang='lat' dir='ltr'><strong>Jam</strong></span> <span class='ocrx_word' id='word_1_664' title='bbox 156 4711 188 4768; x_wconf 92' lang='lat' dir='ltr'><strong>in</strong></span> <span class='ocrx_word' id='word_1_665' title='bbox 203 4727 251 4769; x_wconf 91' lang='lat' dir='ltr'><strong>me</strong></span> <span class='ocrx_word' id='word_1_666' title='bbox 265 4710 366 4768; x_wconf 82' lang='lat' dir='ltr'><strong>nudus</strong></span> <span class='ocrx_word' id='word_1_667' title='bbox 380 4711 457 4768; x_wconf 90' lang='lat' dir='ltr'><strong>sacri</strong></span> <span class='ocrx_word' id='word_1_668' title='bbox 479 4709 589 4782; x_wconf 91' lang='lat' dir='ltr'><strong>eloquii</strong></span> <span class='ocrx_word' id='word_1_669' title='bbox 615 4707 748 4765; x_wconf 90' lang='lat' dir='ltr'><strong>studium</strong></span> <span class='ocrx_word' id='word_1_670' title='bbox 762 4705 904 4779; x_wconf 91' lang='lat' dir='ltr'><strong>requirat,</strong></span> <span class='ocrx_word' id='word_1_671' title='bbox 959 4711 1055 4768; x_wconf 87' lang='lat' dir='ltr'><strong>bitere</strong></span> <span class='ocrx_word' id='word_1_672' title='bbox 1069 4709 1196 4778; x_wconf 77' lang='lat' dir='ltr'><strong>malum,</strong></span> <span class='ocrx_word' id='word_1_673' title='bbox 1209 4709 1262 4782; x_wconf 92' lang='lat' dir='ltr'><strong>qui</strong></span> <span class='ocrx_word' id='word_1_674' title='bbox 1290 4712 1352 4766; x_wconf 88' lang='lat' dir='ltr'><strong>tam</strong></span> <span class='ocrx_word' id='word_1_675' title='bbox 1364 4707 1508 4764; x_wconf 84' lang='lat' dir='ltr'><strong>etfreuats</strong></span> <span class='ocrx_word' id='word_1_676' title='bbox 1534 4705 1668 4764; x_wconf 89' lang='lat' dir='ltr'><strong>libertate</strong></span> <span class='ocrx_word' id='word_1_677' title='bbox 1683 4703 1729 4762; x_wconf 93' lang='lat' dir='ltr'><strong>vel</strong></span> <span class='ocrx_word' id='word_1_678' title='bbox 1746 4703 1788 4762; x_wconf 92' lang='lat' dir='ltr'><strong>lo-</strong></span> 
     </span>
     <span class='ocr_line' id='line_1_53' title="bbox 55 4794 1788 4876; baseline -0.003 -20"><span class='ocrx_word' id='word_1_679' title='bbox 55 4800 149 4876; x_wconf 84' lang='lat' dir='ltr'><strong>quis</strong></span> <span class='ocrx_word' id='word_1_680' title='bbox 163 4815 251 4857; x_wconf 89' lang='lat' dir='ltr'><strong>versa</strong></span> <span class='ocrx_word' id='word_1_681' title='bbox 265 4803 310 4856; x_wconf 90' lang='lat' dir='ltr'><strong>est</strong></span> <span class='ocrx_word' id='word_1_682' title='bbox 321 4799 352 4856; x_wconf 91' lang='lat' dir='ltr'><strong>in</strong></span> <span class='ocrx_word' id='word_1_683' title='bbox 365 4799 478 4856; x_wconf 88' lang='lat' dir='ltr'><strong>luctum</strong></span> <span class='ocrx_word' id='word_1_684' title='bbox 498 4797 611 4854; x_wconf 89' lang='lat' dir='ltr'><strong>eithara</strong></span> <span class='ocrx_word' id='word_1_685' title='bbox 623 4811 701 4854; x_wconf 91' lang='lat' dir='ltr'><strong>mea.</strong></span> <span class='ocrx_word' id='word_1_686' title='bbox 729 4798 763 4852; x_wconf 85' lang='lat' dir='ltr'><strong>Et</strong></span> <span class='ocrx_word' id='word_1_687' title='bbox 787 4794 840 4868; x_wconf 91' lang='lat' dir='ltr'><strong>qui</strong></span> <span class='ocrx_word' id='word_1_688' title='bbox 853 4808 905 4852; x_wconf 87' lang='lat' dir='ltr'><strong>eo·</strong></span> <span class='ocrx_word' id='word_1_689' title='bbox 959 4799 1082 4874; x_wconf 88' lang='lat' dir='ltr'><strong>quando</strong></span> <span class='ocrx_word' id='word_1_690' title='bbox 1095 4798 1207 4866; x_wconf 91' lang='lat' dir='ltr'><strong>leviter,</strong></span> <span class='ocrx_word' id='word_1_691' title='bbox 1221 4797 1267 4854; x_wconf 95' lang='lat' dir='ltr'><strong>vel</strong></span> <span class='ocrx_word' id='word_1_692' title='bbox 1279 4795 1398 4868; x_wconf 87' lang='lat' dir='ltr'><strong>agendo</strong></span> <span class='ocrx_word' id='word_1_693' title='bbox 1413 4811 1515 4852; x_wconf 88' lang='lat' dir='ltr'><strong>corarn</strong></span> <span class='ocrx_word' id='word_1_694' title='bbox 1529 4795 1582 4860; x_wconf 92' lang='lat' dir='ltr'><strong>eis,</strong></span> <span class='ocrx_word' id='word_1_695' title='bbox 1599 4809 1677 4868; x_wconf 91' lang='lat' dir='ltr'><strong>quos</strong></span> <span class='ocrx_word' id='word_1_696' title='bbox 1690 4794 1788 4865; x_wconf 85' lang='lat' dir='ltr'><strong>magis</strong></span> 
     </span>
     <span class='ocr_line' id='line_1_54' title="bbox 52 4881 1788 4962; baseline -0.002 -16"><span class='ocrx_word' id='word_1_697' title='bbox 52 4905 130 4962; x_wconf 80' lang='lat' dir='ltr'><strong>gor</strong></span> <span class='ocrx_word' id='word_1_698' title='bbox 143 4888 278 4962; x_wconf 87' lang='lat' dir='ltr'><strong>quotidie</strong></span> <span class='ocrx_word' id='word_1_699' title='bbox 290 4903 396 4948; x_wconf 89' lang='lat' dir='ltr'><strong>amara</strong></span> <span class='ocrx_word' id='word_1_700' title='bbox 410 4887 522 4955; x_wconf 90' lang='lat' dir='ltr'><strong>bibere,</strong></span> <span class='ocrx_word' id='word_1_701' title='bbox 531 4884 687 4959; x_wconf 90' lang='lat' dir='ltr'><strong>quomodo</strong></span> <span class='ocrx_word' id='word_1_702' title='bbox 699 4899 825 4958; x_wconf 90' lang='lat' dir='ltr'><strong>possum</strong></span> <span class='ocrx_word' id='word_1_703' title='bbox 840 4881 905 4940; x_wconf 90' lang='lat' dir='ltr'><strong>dul·</strong></span> <span class='ocrx_word' id='word_1_704' title='bbox 958 4887 1055 4945; x_wconf 89' lang='lat' dir='ltr'><strong>vereri</strong></span> <span class='ocrx_word' id='word_1_705' title='bbox 1081 4887 1257 4954; x_wconf 87' lang='lat' dir='ltr'><strong>debuerant,</strong></span> <span class='ocrx_word' id='word_1_706' title='bbox 1286 4885 1459 4959; x_wconf 89' lang='lat' dir='ltr'><strong>potiuntur:</strong></span> <span class='ocrx_word' id='word_1_707' title='bbox 1471 4888 1504 4940; x_wconf 93' lang='lat' dir='ltr'><strong>ut</strong></span> <span class='ocrx_word' id='word_1_708' title='bbox 1530 4883 1612 4956; x_wconf 91' lang='lat' dir='ltr'><strong>ipsos</strong></span> <span class='ocrx_word' id='word_1_709' title='bbox 1632 4882 1723 4942; x_wconf 91' lang='lat' dir='ltr'><strong>etiam</strong></span> <span class='ocrx_word' id='word_1_710' title='bbox 1747 4883 1788 4941; x_wconf 90' lang='lat' dir='ltr'><strong>ab</strong></span> 
     </span>
     <span class='ocr_line' id='line_1_55' title="bbox 52 4971 1788 5051; baseline -0.003 -16"><span class='ocrx_word' id='word_1_711' title='bbox 52 4979 122 5037; x_wconf 84' lang='lat' dir='ltr'><strong>cia</strong></span> <span class='ocrx_word' id='word_1_712' title='bbox 136 4973 321 5051; x_wconf 81' lang='lat' dir='ltr'><strong>propinare?</strong></span> <span class='ocrx_word' id='word_1_713' title='bbox 335 4975 413 5043; x_wconf 84' lang='lat' dir='ltr'><strong>erid</strong></span> <span class='ocrx_word' id='word_1_714' title='bbox 427 4975 516 5047; x_wconf 90' lang='lat' dir='ltr'><strong>igitur</strong></span> <span class='ocrx_word' id='word_1_715' title='bbox 527 4978 628 5042; x_wconf 90' lang='lat' dir='ltr'><strong>restat,</strong></span> <span class='ocrx_word' id='word_1_716' title='bbox 644 4973 701 5030; x_wconf 91' lang='lat' dir='ltr'><strong>nisi</strong></span> <span class='ocrx_word' id='word_1_717' title='bbox 713 4977 747 5030; x_wconf 92' lang='lat' dir='ltr'><strong>ut</strong></span> <span class='ocrx_word' id='word_1_718' title='bbox 764 4972 840 5030; x_wconf 91' lang='lat' dir='ltr'><strong>inter</strong></span> <span class='ocrx_word' id='word_1_719' title='bbox 850 4971 905 5030; x_wconf 88' lang='lat' dir='ltr'><strong>lla·</strong></span> <span class='ocrx_word' id='word_1_720' title='bbox 961 4981 1041 5035; x_wconf 88' lang='lat' dir='ltr'><strong>statu</strong></span> <span class='ocrx_word' id='word_1_721' title='bbox 1055 4974 1207 5048; x_wconf 88' lang='lat' dir='ltr'><strong>gravitatis</strong></span> <span class='ocrx_word' id='word_1_722' title='bbox 1230 4973 1378 5032; x_wconf 87' lang='lat' dir='ltr'><strong>emollitos</strong></span> <span class='ocrx_word' id='word_1_723' title='bbox 1392 4973 1432 5031; x_wconf 88' lang='lat' dir='ltr'><strong>ad</strong></span> <span class='ocrx_word' id='word_1_724' title='bbox 1447 4989 1509 5030; x_wconf 77' lang='lat' dir='ltr'><strong>suae</strong></span> <span class='ocrx_word' id='word_1_725' title='bbox 1537 4973 1665 5032; x_wconf 89' lang='lat' dir='ltr'><strong>levitatis</strong></span> <span class='ocrx_word' id='word_1_726' title='bbox 1678 4971 1788 5030; x_wconf 87' lang='lat' dir='ltr'><strong>lenoci-</strong></span> 
     </span>
     <span class='ocr_line' id='line_1_56' title="bbox 50 5061 1787 5140; baseline -0.005 -16"><span class='ocrx_word' id='word_1_727' title='bbox 50 5066 165 5140; x_wconf 72' lang='lat' dir='ltr'><strong>gella,</strong></span> <span class='ocrx_word' id='word_1_728' title='bbox 180 5065 416 5140; x_wconf 82' lang='lat' dir='ltr'><strong>quaeexnostris</strong></span> <span class='ocrx_word' id='word_1_729' title='bbox 425 5062 693 5136; x_wconf 90' lang='lat' dir='ltr'><strong>meritispatimur,</strong></span> <span class='ocrx_word' id='word_1_730' title='bbox 708 5061 820 5133; x_wconf 76' lang='lat' dir='ltr'><strong>granas</strong></span> <span class='ocrx_word' id='word_1_731' title='bbox 835 5076 906 5132; x_wconf 85' lang='lat' dir='ltr'><strong>aga·</strong></span> <span class='ocrx_word' id='word_1_732' title='bbox 961 5065 1047 5124; x_wconf 88' lang='lat' dir='ltr'><strong>nium</strong></span> <span class='ocrx_word' id='word_1_733' title='bbox 1060 5063 1228 5134; x_wconf 86' lang='lat' dir='ltr'><strong>incurvent,</strong></span> <span class='ocrx_word' id='word_1_734' title='bbox 1243 5062 1284 5120; x_wconf 91' lang='lat' dir='ltr'><strong>ita</strong></span> <span class='ocrx_word' id='word_1_735' title='bbox 1307 5065 1339 5120; x_wconf 92' lang='lat' dir='ltr'><strong>ut</strong></span> <span class='ocrx_word' id='word_1_736' title='bbox 1354 5077 1410 5120; x_wconf 91' lang='lat' dir='ltr'><strong>nec</strong></span> <span class='ocrx_word' id='word_1_737' title='bbox 1433 5061 1463 5119; x_wconf 93' lang='lat' dir='ltr'><strong>in</strong></span> <span class='ocrx_word' id='word_1_738' title='bbox 1490 5062 1637 5120; x_wconf 90' lang='lat' dir='ltr'><strong>memoria</strong></span> <span class='ocrx_word' id='word_1_739' title='bbox 1663 5061 1787 5135; x_wconf 90' lang='lat' dir='ltr'><strong>quidem</strong></span> 
     </span>
     <span class='ocr_line' id='line_1_57' title="bbox 52 5145 1787 5228; baseline -0.007 -14"><span class='ocrx_word' id='word_1_740' title='bbox 52 5157 172 5219; x_wconf 80' lang='lat' dir='ltr'><strong>mus?</strong></span> <span class='ocrx_word' id='word_1_741' title='bbox 186 5156 251 5228; x_wconf 83' lang='lat' dir='ltr'><strong>Qui,</strong></span> <span class='ocrx_word' id='word_1_742' title='bbox 281 5159 313 5214; x_wconf 91' lang='lat' dir='ltr'><strong>ut</strong></span> <span class='ocrx_word' id='word_1_743' title='bbox 341 5154 516 5214; x_wconf 90' lang='lat' dir='ltr'><strong>ostendatur</strong></span> <span class='ocrx_word' id='word_1_744' title='bbox 541 5157 690 5228; x_wconf 91' lang='lat' dir='ltr'><strong>quantum</strong></span> <span class='ocrx_word' id='word_1_745' title='bbox 715 5151 805 5210; x_wconf 90' lang='lat' dir='ltr'><strong>etiarn</strong></span> <span class='ocrx_word' id='word_1_746' title='bbox 829 5151 906 5209; x_wconf 91' lang='lat' dir='ltr'><strong>inter</strong></span> <span class='ocrx_word' id='word_1_747' title='bbox 963 5169 1064 5212; x_wconf 92' lang='lat' dir='ltr'><strong>sermo</strong></span> <span class='ocrx_word' id='word_1_748' title='bbox 1078 5151 1243 5226; x_wconf 78' lang='lat' dir='ltr'><strong>discipline</strong></span> <span class='ocrx_word' id='word_1_749' title='bbox 1266 5149 1423 5220; x_wconf 83' lang='lat' dir='ltr'><strong>habeatur,</strong></span> <span class='ocrx_word' id='word_1_750' title='bbox 1437 5156 1541 5208; x_wconf 87' lang='lat' dir='ltr'><strong>contra</strong></span> <span class='ocrx_word' id='word_1_751' title='bbox 1565 5149 1647 5208; x_wconf 83' lang='lat' dir='ltr'><strong>iham</strong></span> <span class='ocrx_word' id='word_1_752' title='bbox 1666 5145 1787 5221; x_wconf 91' lang='lat' dir='ltr'><strong>superni</strong></span> 
     </span>
     <span class='ocr_line' id='line_1_58' title="bbox 46 5233 1789 5316; baseline -0.01 -9"><span class='ocrx_word' id='word_1_753' title='bbox 46 5263 148 5308; x_wconf 82' lang='lat' dir='ltr'><strong>suos</strong></span> <span class='ocrx_word' id='word_1_754' title='bbox 163 5246 203 5302; x_wconf 93' lang='lat' dir='ltr'><strong>ob</strong></span> <span class='ocrx_word' id='word_1_755' title='bbox 216 5245 416 5304; x_wconf 89' lang='lat' dir='ltr'><strong>domesticam</strong></span> <span class='ocrx_word' id='word_1_756' title='bbox 442 5261 546 5301; x_wconf 89' lang='lat' dir='ltr'><strong>curam</strong></span> <span class='ocrx_word' id='word_1_757' title='bbox 575 5247 794 5314; x_wconf 88' lang='lat' dir='ltr'><strong>angustaretur,</strong></span> <span class='ocrx_word' id='word_1_758' title='bbox 822 5240 905 5298; x_wconf 87' lang='lat' dir='ltr'><strong>dica·</strong></span> <span class='ocrx_word' id='word_1_759' title='bbox 961 5241 1138 5316; x_wconf 89' lang='lat' dir='ltr'><strong>inspectoris</strong></span> <span class='ocrx_word' id='word_1_760' title='bbox 1162 5240 1395 5315; x_wconf 85' lang='lat' dir='ltr'><strong>querimoniam,</strong></span> <span class='ocrx_word' id='word_1_761' title='bbox 1423 5257 1485 5314; x_wconf 90' lang='lat' dir='ltr'><strong>qua</strong></span> <span class='ocrx_word' id='word_1_762' title='bbox 1512 5238 1600 5296; x_wconf 89' lang='lat' dir='ltr'><strong>dicit:</strong></span> <span class='ocrx_word' id='word_1_763' title='bbox 1628 5233 1745 5292; x_wconf 76' lang='lat' dir='ltr'><strong>attendi</strong></span> <span class='ocrx_word' id='word_1_764' title='bbox 1759 5237 1789 5289; x_wconf 92' lang='lat' dir='ltr'><strong>et</strong></span> 
     </span>
     <span class='ocr_line' id='line_1_59' title="bbox 42 5321 1787 5409; baseline -0.007 -17"><span class='ocrx_word' id='word_1_765' title='bbox 42 5353 144 5400; x_wconf 86' lang='lat' dir='ltr'><strong>mus</strong></span> <span class='ocrx_word' id='word_1_766' title='bbox 160 5334 234 5409; x_wconf 90' lang='lat' dir='ltr'><strong>quid</strong></span> <span class='ocrx_word' id='word_1_767' title='bbox 249 5335 280 5392; x_wconf 90' lang='lat' dir='ltr'><strong>in</strong></span> <span class='ocrx_word' id='word_1_768' title='bbox 295 5335 399 5409; x_wconf 88' lang='lat' dir='ltr'><strong>primis</strong></span> <span class='ocrx_word' id='word_1_769' title='bbox 416 5333 555 5406; x_wconf 89' lang='lat' dir='ltr'><strong>ejusdem</strong></span> <span class='ocrx_word' id='word_1_770' title='bbox 568 5332 732 5406; x_wconf 77' lang='lat' dir='ltr'><strong>prophetie</strong></span> <span class='ocrx_word' id='word_1_771' title='bbox 756 5327 903 5399; x_wconf 88' lang='lat' dir='ltr'><strong>homeliis,</strong></span> <span class='ocrx_word' id='word_1_772' title='bbox 961 5329 1138 5399; x_wconf 86' lang='lat' dir='ltr'><strong>auscultavi,</strong></span> <span class='ocrx_word' id='word_1_773' title='bbox 1154 5344 1245 5387; x_wconf 89' lang='lat' dir='ltr'><strong>nemo</strong></span> <span class='ocrx_word' id='word_1_774' title='bbox 1269 5327 1354 5404; x_wconf 92' lang='lat' dir='ltr'><strong>quod</strong></span> <span class='ocrx_word' id='word_1_775' title='bbox 1366 5328 1482 5386; x_wconf 92' lang='lat' dir='ltr'><strong>bonum</strong></span> <span class='ocrx_word' id='word_1_776' title='bbox 1507 5330 1552 5382; x_wconf 90' lang='lat' dir='ltr'><strong>est</strong></span> <span class='ocrx_word' id='word_1_777' title='bbox 1573 5323 1723 5397; x_wconf 87' lang='lat' dir='ltr'><strong>loquitur:</strong></span> <span class='ocrx_word' id='word_1_778' title='bbox 1746 5321 1787 5380; x_wconf 87' lang='lat' dir='ltr'><strong>ita</strong></span> 
     </span>
     <span class='ocr_line' id='line_1_60' title="bbox 42 5413 1787 5497; baseline -0.008 -15"><span class='ocrx_word' id='word_1_779' title='bbox 42 5441 144 5488; x_wconf 79' lang='lat' dir='ltr'><strong>cum</strong></span> <span class='ocrx_word' id='word_1_780' title='bbox 160 5425 198 5480; x_wconf 90' lang='lat' dir='ltr'><strong>‹le</strong></span> <span class='ocrx_word' id='word_1_781' title='bbox 209 5423 396 5497; x_wconf 86' lang='lat' dir='ltr'><strong>speculatore</strong></span> <span class='ocrx_word' id='word_1_782' title='bbox 410 5423 592 5496; x_wconf 90' lang='lat' dir='ltr'><strong>loqueretur,</strong></span> <span class='ocrx_word' id='word_1_783' title='bbox 607 5421 666 5479; x_wconf 90' lang='lat' dir='ltr'><strong>ait:</strong></span> <span class='ocrx_word' id='word_1_784' title='bbox 694 5419 843 5494; x_wconf 88' lang='lat' dir='ltr'><strong>Quisquis,</strong></span> <span class='ocrx_word' id='word_1_785' title='bbox 864 5417 906 5474; x_wconf 93' lang='lat' dir='ltr'><strong>in-</strong></span> <span class='ocrx_word' id='word_1_786' title='bbox 960 5423 1160 5494; x_wconf 82' lang='lat' dir='ltr'><strong>pershepunt,</strong></span> <span class='ocrx_word' id='word_1_787' title='bbox 1174 5423 1207 5475; x_wconf 91' lang='lat' dir='ltr'><strong>ut</strong></span> <span class='ocrx_word' id='word_1_788' title='bbox 1219 5418 1243 5475; x_wconf 92' lang='lat' dir='ltr'><strong>si</strong></span> <span class='ocrx_word' id='word_1_789' title='bbox 1255 5431 1380 5492; x_wconf 88' lang='lat' dir='ltr'><strong>pauper,</strong></span> <span class='ocrx_word' id='word_1_790' title='bbox 1391 5417 1453 5473; x_wconf 93' lang='lat' dir='ltr'><strong>imo</strong></span> <span class='ocrx_word' id='word_1_791' title='bbox 1467 5413 1600 5472; x_wconf 84' lang='lat' dir='ltr'><strong>Christus</strong></span> <span class='ocrx_word' id='word_1_792' title='bbox 1611 5413 1643 5469; x_wconf 91' lang='lat' dir='ltr'><strong>in</strong></span> <span class='ocrx_word' id='word_1_793' title='bbox 1654 5425 1787 5486; x_wconf 85' lang='lat' dir='ltr'><strong>paupere</strong></span> 
     </span>
     <span class='ocr_line' id='line_1_61' title="bbox 39 5499 1788 5592; baseline -0.009 -21"><span class='ocrx_word' id='word_1_794' title='bbox 39 5513 150 5592; x_wconf 82' lang='lat' dir='ltr'><strong>quit,</strong></span> <span class='ocrx_word' id='word_1_795' title='bbox 167 5511 338 5588; x_wconf 87' lang='lat' dir='ltr'><strong>speculator</strong></span> <span class='ocrx_word' id='word_1_796' title='bbox 350 5513 483 5588; x_wconf 90' lang='lat' dir='ltr'><strong>ponitur,</strong></span> <span class='ocrx_word' id='word_1_797' title='bbox 497 5511 528 5567; x_wconf 92' lang='lat' dir='ltr'><strong>in</strong></span> <span class='ocrx_word' id='word_1_798' title='bbox 543 5509 638 5569; x_wconf 89' lang='lat' dir='ltr'><strong>altum</strong></span> <span class='ocrx_word' id='word_1_799' title='bbox 658 5509 748 5567; x_wconf 89' lang='lat' dir='ltr'><strong>debet</strong></span> <span class='ocrx_word' id='word_1_800' title='bbox 762 5513 850 5576; x_wconf 90' lang='lat' dir='ltr'><strong>stare,</strong></span> <span class='ocrx_word' id='word_1_801' title='bbox 878 5511 907 5564; x_wconf 92' lang='lat' dir='ltr'><strong>et</strong></span> <span class='ocrx_word' id='word_1_802' title='bbox 961 5508 1145 5582; x_wconf 82' lang='lat' dir='ltr'><strong>clamaverit,</strong></span> <span class='ocrx_word' id='word_1_803' title='bbox 1160 5508 1210 5565; x_wconf 83' lang='lat' dir='ltr'><strong>vix</strong></span> <span class='ocrx_word' id='word_1_804' title='bbox 1223 5507 1320 5566; x_wconf 82' lang='lat' dir='ltr'><strong>audhi</strong></span> <span class='ocrx_word' id='word_1_805' title='bbox 1345 5504 1449 5580; x_wconf 89' lang='lat' dir='ltr'><strong>possit.</strong></span> <span class='ocrx_word' id='word_1_806' title='bbox 1462 5506 1566 5559; x_wconf 89' lang='lat' dir='ltr'><strong>Nonne</strong></span> <span class='ocrx_word' id='word_1_807' title='bbox 1583 5506 1653 5558; x_wconf 89' lang='lat' dir='ltr'><strong>tunc</strong></span> <span class='ocrx_word' id='word_1_808' title='bbox 1678 5499 1788 5558; x_wconf 91' lang='lat' dir='ltr'><strong>videbi-</strong></span> 
     </span>
     <span class='ocr_line' id='line_1_62' title="bbox 43 5589 1784 5676; baseline -0.011 -12"><span class='ocrx_word' id='word_1_809' title='bbox 43 5600 268 5664; x_wconf 78' lang='lat' dir='ltr'><strong>subditorum</strong></span> <span class='ocrx_word' id='word_1_810' title='bbox 282 5617 374 5676; x_wconf 90' lang='lat' dir='ltr'><strong>opera</strong></span> <span class='ocrx_word' id='word_1_811' title='bbox 392 5598 611 5666; x_wconf 90' lang='lat' dir='ltr'><strong>transceudere,</strong></span> <span class='ocrx_word' id='word_1_812' title='bbox 640 5601 799 5672; x_wconf 87' lang='lat' dir='ltr'><strong>quatenus,</strong></span> <span class='ocrx_word' id='word_1_813' title='bbox 824 5599 907 5656; x_wconf 89' lang='lat' dir='ltr'><strong>tanto</strong></span> <span class='ocrx_word' id='word_1_814' title='bbox 962 5601 1010 5656; x_wconf 91' lang='lat' dir='ltr'><strong>tur</strong></span> <span class='ocrx_word' id='word_1_815' title='bbox 1032 5597 1106 5656; x_wconf 88' lang='lat' dir='ltr'><strong>illud</strong></span> <span class='ocrx_word' id='word_1_816' title='bbox 1129 5596 1193 5656; x_wconf 89' lang='lat' dir='ltr'><strong>lieri</strong></span> <span class='ocrx_word' id='word_1_817' title='bbox 1218 5596 1302 5669; x_wconf 89' lang='lat' dir='ltr'><strong>quod</strong></span> <span class='ocrx_word' id='word_1_818' title='bbox 1338 5592 1430 5652; x_wconf 88' lang='lat' dir='ltr'><strong>isaias</strong></span> <span class='ocrx_word' id='word_1_819' title='bbox 1457 5591 1636 5663; x_wconf 89' lang='lat' dir='ltr'><strong>illacrymat,</strong></span> <span class='ocrx_word' id='word_1_820' title='bbox 1663 5589 1784 5648; x_wconf 65' lang='lat' dir='ltr'><strong>dicerm</strong></span> 
     </span>
    </p>
   </div>
   <div class='ocr_carea' id='block_1_5' title="bbox 710 5777 797 5840">
    <p class='ocr_par' dir='ltr' id='par_1_5' title="bbox 710 5777 797 5840">
     <span class='ocr_line' id='line_1_63' title="bbox 710 5777 797 5840; baseline 0 -6"><span class='ocrx_word' id='word_1_821' title='bbox 710 5777 797 5840; x_wconf 43' lang='lat' dir='ltr'><strong>fla..</strong></span> 
     </span>
    </p>
   </div>
   <div class='ocr_carea' id='block_1_6' title="bbox 0 0 2056 6162">
    <p class='ocr_par' dir='ltr' id='par_1_6' title="bbox 0 0 2056 6162">
     <span class='ocr_line' id='line_1_64' title="bbox 0 0 2056 6162; baseline 0 6"><span class='ocrx_word' id='word_1_822' title='bbox 0 0 2056 6162; x_wconf 95' lang='lat' dir='ltr'><strong> </strong></span> 
     </span>
    </p>
   </div>
  </div>
 </body>
</html>
