4104 6162
111 165 156 229 eu
622 167 867 242 couur'rrouau
887 177 976 238 ιιιιιιι
994 173 1091 240 raas.
1111 215 1145 226 -
1165 177 1228 244 tle.
1258 185 1303 246 ιιι.
1761 183 1823 240 ⁶⁰²-

108 294 247 366 irnagiuis
259 299 390 372 speciem
403 303 531 361 trabunt.
549 305 666 363 Umbria
680 306 820 365 umbram
830 309 928 380 prote·
947 309 971 362 A
987 321 1042 363 sua
1051 305 1170 365 difficile
1185 307 1358 382 pronuntiat
1368 311 1476 380 audiri,
1494 321 1548 368 cur
1570 303 1676 367 doctor
1687 306 1814 366 contris·

108 384 190 456 gunt,
203 383 275 457 quta
298 394 470 461 peccatores
490 391 613 468 quique,
641 393 671 450 in
686 411 749 468 quo
775 394 832 451 sibi
851 393 929 450 mele
985 397 1061 452 tetur
1071 395 1096 452 si
1109 396 1140 453 la
1154 397 1357 455 admonitione
1371 415 1427 456 sua
1439 397 1676 472 contemnatur?¹

107 475 174 530 sunt
187 473 310 544 conscii,
325 475 357 534 in
368 491 405 535 eo
416 482 445 536 et
456 475 550 538 alium
562 487 738 554 peccantem
753 481 927 540 detendunt.
1019 487 1084 540 llvl.
1097 487 1259 544 Pravorum
1278 502 1351 544 sanc
1364 486 1473 544 duritia
1497 487 1587 544 nimis
1603 475 1756 544 obcalluit.
1773 485 1815 546 si-

107 563 192 629 Quod
207 565 266 622 hoc
280 565 423 625 nimirum
438 569 537 628 studio
551 571 674 644 iaciunt,
688 589 726 630 nc
739 573 813 630 ditm
828 567 927 646 culpa,
983 577 1033 630 cut
1052 574 1213 648 unicuique
1228 575 1331 634 talium
1346 578 1424 634 Deus
1449 587 1504 650 per
1516 576 1696 650 prophetam
1718 575 1812 634 dicit:

103 653 134 710 in
149 669 210 727 qua
222 658 251 712 et
263 654 319 728 ipsi
333 656 456 730 obligati
469 664 548 728 sunt,
563 661 595 718 in
621 661 685 718 elis
699 662 865 734 corrigitur,
888 661 928 718 ad
982 663 1048 720 Seio
1062 658 1134 736 quia
1148 663 1242 722 tiaras
1255 680 1285 722 es
1299 671 1343 738 tu,
1359 671 1387 722 et
1401 679 1510 723 neruus
1519 665 1632 736 seriens
1644 666 1747 723 ceusu
1759 670 1813 722 tua

102 733 183 815 ipsos
196 735 379 818 quandoque
394 746 501 804 veniat.
518 750 598 815 Quos
612 749 693 807 enim
709 749 813 808 similis
827 754 929 807 reatus
983 753 1053 824 (isa.
1068 769 1166 824 xuvru,
1184 755 1223 824 t).
1244 753 1330 820 Quod
1344 755 1419 812 dum
1434 770 1489 812 ros
1509 749 1704 828 perpenditis,
1722 753 1814 810 timeo

102 830 194 928 sociat
207 833 349 890 concordi
358 835 530 908 pertinacia,
543 837 633 896 etiarn
639 832 774 897 defensio
788 854 929 914 perversa
982 840 1142 899 molestum
1151 842 1236 900 vobis
1250 843 1324 912 ilari,
1341 844 1413 919 quia
1428 847 1546 904 tanturn
1562 843 1602 900 ad
1625 837 1812 900 multandum

101 920 258 990 consnpat,
275 925 308 978 ut
321 919 358 978 de
384 921 568 984 iecinoribus
584 927 646 983 suis
661 927 776 984 alterna
796 943 827 984 se
856 920 930 984 invis
982 931 1167 1004 praedicandi
1182 931 1316 990 officium
1330 949 1568 1006 exaggeramus:
1585 931 1738 990 etidcirco
1754 931 1814 987 rel·

101 1019 165 1104 cem
188 1005 360 1067 detonsione
388 1015 536 1070 tueantur.
569 1017 604 1072 Se
628 1015 717 1086 igitur
731 1021 836 1087 tegunt
854 1015 929 1073 dum
981 1018 1176 1080 lemutalius
1190 1022 1451 1096 aliquiscxltusin
1476 1023 1534 1081 hac
1561 1019 1738 1080 necessitate
1756 1035 1813 1092 pa·

98 1089 174 1192 ³¹¹⁰}
188 1097 358 1169 immitunt,
374 1099 446 1174 quia
468 1117 557 1159 suem
572 1104 665 1161 ιίἱιιιιι
692 1105 858 1178 prevident
871 1105 928 1162 im·
982 1111 1093 1167 luisset.
1106 1114 1180 1169 Nam
1199 1111 1261 1168 scio
1272 1113 1450 1186 prophetam
1466 1111 1576 1170 dixisse
1594 1129 1600 1168 :
1617 1113 1653 1168 ln
1667 1111 1813 1169 salicibus

98 1186 168 1273 petr,
181 1183 272 1282 'unde
294 1184 375 1276 'allos
405 1187 595 1248 considerant
624 1191 729 1249 libera·
742 1193 927 1266 correptione
981 1200 1013 1256 in
1028 1200 1201 1270 medioejus
1220 1202 1428 1272 suspendimur
1454 1215 1570 1273 mana
1593 1205 1697 1258 „ostra
1712 1200 1809 1272 (psal,

97 1267 250 1370 conlundi.
281 1274 386 1349 Sicqua
415 1273 448 1334 tit
466 1281 499 1336 ut
526 1295 646 1338 summa
676 1280 838 1338 criminum
852 1281 928 1338 dum
981 1304 1092 1358 arna,
1107 1289 1148 1362 i),
1162 1289 1193 1346 id
1217 1295 1271 1360 est,
1286 1289 1362 1348 inter
1381 1290 1467 1347 valde
1482 1288 1660 1358 obstinatos,
1674 1287 1811 1346 videlicet

95 1357 433 1458 detendituraugeatur,
449 1369 478 1423 et
491 1365 728 1442 uuiuscujusque
742 1369 876 1443 nequltia
889 1382 925 1426 eo
980 1375 1138 1450 quiaslcut
1153 1376 1257 1434 salices
1269 1376 1400 1434 fructum
1420 1377 1494 1434 boni
1509 1376 1608 1451 operis
1622 1390 1684 1434 ιισιι
1699 1375 1811 1446 terunt,

96 1448 432 1548 8Μ1)θῑ’ῐ)θῑΐῑῑῑῑᾱῑ“11
459 1455 564 1526 facilis,
579 1474 642 1532 <1¹10
658 1457 787 1516 difficilis
815 1459 855 1516 ad
870 1473 926 1532 pu·
980 1464 1073 1522 verba
1101 1466 1320 1538 predicationis
1349 1467 1519 1524 reticemus.
1548 1467 1623 1522 Hinc
1650 1465 1717 1540 ipse
1745 1463 1810 1521 ait:

96 1539 253 1641 urendum.
279 1542 394 1601 Scelere
417 1545 530 1620 quippe
548 1548 738 1621 peccantium
757 1553 839 1605 tanto
860 1563 926 1604 ma·
981 1553 1122 1610 obmutui
1133 1559 1160 1612 et
1175 1556 1247 1611 situi
1259 1571 1278 1611 a
1291 1555 1384 1622 bean,
1401 1560 1428 1612 et
1443 1555 1619 1612 hauritionis
1633 1569 1698 1610 sum
1713 1547 1808 1624 (Psoi.

92 1643 161 1698 1⁰ra
174 1637 358 1732 Ιῦῡῑθφῇΰῑᾶ
372 1633 549 1709 percipiunt,
564 1639 678 1710 quanto
702 1653 757 1710 per
781 1635 927 1694 defensio
947 1655 1100 1713 guxvur,
1120 1643 1158 1714 3).
1187 1645 1220 1699 Et
1243 1644 1386 1701 teremles
1414 1659 1483 1700 cnm
1511 1659 1542 1699 se
1571 1641 1694 1698 minime
1713 1639 1811 1698 audiri

95 1727 167 1774 uem
181 1713 348 1793 potentium
364 1719 521 1782 diuinulta
535 1723 706 1783 tolerantur.
981 1729 1175 1803 conspiceret,
1202 1730 1352 1788 silentium
1376 1731 1489 1805 appetit
1512 1729 1615 1786 dicens
1641 1729 1733 1785 :Non
1766 1743 1811 1784 re

129 1807 187 1864 xv.
203 1809 379 1886 Quicunque
401 1823 473 1870 vero
499 1815 590 1872 verba
617 1813 667 1871 ilai
697 1815 800 1872 audire
821 1814 928 1872 nolunt
981 1818 1128 1875 eordabor
1155 1821 1219 1890 eJ’us
1245 1834 1338 1891 neque
1366 1821 1474 1892 loquar
1488 1817 1616 1875 ultreia
1642 1815 1812 1874 nomineti-

101 1895 170 1968 ipso
184 1904 358 1974 contemptu
373 1917 434 1959 non
446 1917 512 1958 esse
527 1917 564 1958 ex
578 1909 662 1976 parte
675 1903 726 1960 uei
745 1920 776 1961 se
795 1903 929 1978 produnt
983 1905 1041 1964 tius
1053 1907 1126 1979 (ter.
1137 1921 1189 1980 xx,
1202 1909 1239 1980 9).
1253 1909 1311 1966 Sed
1334 1908 1396 1965 veri
1411 1909 1622 1982 predicatores
1636 1905 1711 1963 dum
1725 1919 1814 1961 cone

94 1985 152 2041 sed
181 1987 404 2060 quantumlibet
426 1989 588 2064 calcitrent,
614 1992 799 2049 admonendi
827 1997 929 2050 tamen
982 1995 1191 2069 piciuntquod
1206 1995 1279 2070 ipsis
1301 2011 1363 2054 non
1383 1997 1611 2070 corripientibus
1636 1995 1812 2069 iniquorum

93 2079 177 2142 sunt,
190 2091 230 2132 ue
246 2075 370 2147 sanguis
383 2087 488 2136 eorum
500 2078 538 2137 de
549 2096 644 2137 mauu
653 2081 784 2154 pastoris
797 2081 930 2154 require·
981 2082 1273 2152 facinoracrescunt,
1291 2084 1351 2140 vim
1374 2084 1541 2158 quamdam
1564 2084 1596 2141 in
1618 2083 1707 2141 corde
1720 2075 1808 2140 stuti-

92 2167 144 2218 tur
160 2183 167 2219 ι
185 2165 227 2234 Si,
240 2165 349 2239 iuquit,
358 2174 391 2224 tu
404 2169 634 2228 annuntiaveris
646 2171 748 2241 impio,
762 2175 791 2228 et
803 2171 856 2227 itte
868 2185 927 2226 non
980 2174 1061 2236 nent,
1089 2168 1186 2227 donec
1204 2170 1236 2227 ln
1251 2175 1360 2244 apertas
1379 2172 1575 2245 correptionis
1589 2185 1696 2228 rocem
1707 2187 1810 2228 erum-

90 2253 193 2323 sucrit
203 2269 371 2319 renueras,
389 2257 452 2326 ipse
465 2257 496 2313 in
518 2258 677 2329 iniquitate
690 2273 745 2315 sua
760 2259 923 2314 morietur:
979 2263 1063 2332 pant.
1080 2258 1162 2316 Unde
1173 2264 1200 2315 et
1211 2259 1285 2316 alter
1295 2276 1332 2317 cx
1342 2259 1454 2317 eisdem
1463 2260 1627 2334 prophetis,
1638 2276 1708 2316 cum
1718 2274 1809 2332 prop-

95 2346 127 2396 tu
143 2347 244 2398 autem
263 2345 396 2402 animam
412 2351 495 2402 tuam
515 2345 651 2404 tiberasti
671 2345 788 2416 (Erech.
812 2361 853 2416 ιιι,
870 2348 923 2412 lit).
979 2352 1022 2404 ter
1049 2347 1265 2418 incorrigibiles
1294 2353 1396 2406 iucem
1421 2349 1532 2406 diceret
1558 2347 1658 2406 :Sitai
1684 2364 1703 2406 a
1725 2347 1808 2404 bonis

94 2427 176 2485 'lunc
191 2429 282 2496 enim,
297 2430 373 2489 sicut
386 2431 417 2488 in
432 2431 617 2506 expositione
637 2432 728 2504 bajus
755 2431 836 2488 verbi
852 2431 924 2488 dici·
977 2438 1072 2510 (Psot.
1088 2454 1210 2510 xxxvru,
1227 2439 1272 2510 ³);
1298 2439 1361 2496 zelo
1386 2438 1539 2497 charitatis
1564 2438 1643 2496 illico
1670 2437 1811 2495 exardes-

95 2521 152 2590 tur,
170 2512 323 2591 srrbjectus
333 2517 459 2578 moritur
473 2511 536 2577 sine·
552 2525 589 2594 te,
604 2520 729 2594 quando
754 2521 786 2576 ln
808 2520 924 2578 actione
977 2540 1048 2582 cens
1059 2525 1193 2588 subdidit
1207 2544 1214 2582 ι
1226 2528 1265 2583 Et
1278 2527 1366 2584 dolor
1376 2541 1458 2584 meus
1468 2533 1629 2586 renouatus
1641 2533 1684 2584 est
1694 2521 1806 2600 (iridi.

94 2606 202 2664 mortis
215 2608 464 2667 contradictorem
476 2609 661 2667 habueritis.
673 2612 748 2666 Nam
765 2609 863 2678 morti,
875 2608 923 2664 cul
978 2613 1131 2672 concaluit
1144 2629 1310 2673 cormeum
1329 2615 1407 2672 intra
1430 2631 1490 2684 me,
1506 2619 1535 2672 ct
1557 2616 1590 2672 in
1613 2614 1808 2672 meditatione

94 2711 153 2754 non
186 2697 411 2767 contradixeris,
434 2697 617 2770 adiungens.
642 2701 702 2755 Hoc
729 2713 801 2768 ergo
827 2701 923 2754 rector
977 2717 1046 2758 mea
1071 2702 1246 2760 exardescet
1268 2702 1357 2772 ignis.
1389 2702 1470 2760 Alter
1497 2718 1568 2761 vero
1583 2717 1654 2760 cum
1672 2701 1805 2759 diceret:

95 2787 195 2856 iaciat,
210 2803 247 2844 uc
271 2787 416 2845 moriente
431 2787 553 2844 subdito
566 2786 720 2856 moriatur,
739 2785 827 2843 malls
841 2785 922 2842 vide-
976 2790 1046 2846 Non
1060 2791 1170 2862 toquar
1181 2792 1265 2848 uttra
1279 2793 1398 2848 aoniae
1407 2792 1492 2848 eitius
1504 2791 1583 2862 (Aet.
1596 2807 1637 2862 ιι,
1655 2791 1699 2863 ll)
1712 2829 1720 2857 ,
1735 2804 1808 2846 mox

92 2875 157 2934 licet
184 2877 300 2934 actibus
328 2876 523 2948 contradicat,
548 2881 581 2934 ut
605 2877 751 2950 scriptum
777 2880 823 2932 est
838 2893 844 2931 :
859 2875 924 2932 Dis·
976 2877 1083 2934 eodem
1098 2879 1167 2950 igne
1182 2893 1344 2934 succensus
1357 2878 1495 2949 adjunxit
1507 2895 1515 2934 ι
1526 2879 1566 2935 Et
1576 2880 1677 2949 sactus
1690 2883 1733 2935 est
1744 2893 1807 2935 scr·

93 2982 193 3036 curre,
210 2969 335 3039 festina,
360 2967 471 3024 suscita
497 2967 626 3024 amicum
648 2972 732 3023 tuum
758 2967 859 3035 (Prou.
880 2981 920 3034 ιι,
940 2969 1097 3058 crnoejus
1110 2967 1242 3023 incorde
1255 2967 1501 3038 meoquasiipnis
1512 2965 1809 3024 astucnsinossibus

92 3059 127 3129 t).
144 3059 178 3115 Si
204 3071 273 3112 rere
299 3051 487 3130 speculatore
512 3059 627 3112 moenie
655 3054 766 3128 impius
785 3054 921 3124 moritur,
975 3056 1057 3123 meis,
1073 3061 1101 3113 et
1114 3055 1211 3125 deseri
1220 3055 1305 3124 ferre
1315 3069 1375 3111 non
1386 3056 1535 3112 sustinens
1545 3056 1619 3122 (Jer.
1633 3070 1684 3123 xx,
1695 3055 1735 3125 tl).
1748 3055 1808 3108 Au«

91 3147 210 3204 constat
219 3145 343 3218 quidem
357 3145 430 3219 quia
442 3145 553 3216 dignus
567 3159 630 3200 non
651 3143 707 3200 luit
721 3147 754 3201 ut
774 3142 815 3200 ad
828 3145 922 3200 Deum
976 3144 1036 3202 diri
1050 3144 1131 3201 enlm
1159 3142 1356 3201 contumelias
1380 3143 1555 3200 multorum.
1581 3142 1627 3200 Sic
1641 3157 1713 3213 ergo
1727 3140 1810 3197 zelus

93 3251 194 3293 sermo
209 3235 309 3292 tieret:
327 3233 375 3291 ille
388 3239 488 3292 tamen
504 3232 706 3302 eumoccidit,
722 3233 774 3306 qui
788 3232 869 3288 hunc
881 3237 922 3290 ta·
976 3231 1128 3290 charitatis
1143 3231 1173 3288 iu
1188 3231 1301 3288 sanctis
1315 3230 1387 3287 viris
1403 3231 1477 3288 dum
1492 3229 1662 3304 reprimitur
1681 3231 1811 3300 augetur

94 3325 191 3382 crudo
202 3325 291 3381 morti
311 3319 452 3398 prodidit.
482 3323 555 3380 Hinc
584 3323 665 3380 enim
687 3323 794 3380 beatus
814 3325 923 3395 Grego·
976 3325 1028 3396 qiu
1054 3321 1198 3378 nimirum
1216 3319 1259 3377 ita
1287 3335 1353 3377 sese
1382 3319 1588 3392 consolantur,
1616 3321 1648 3375 ul
1676 3318 1708 3375 in
1737 3331 1808 3374 voce

91 3411 148 3467 rius
181 3411 306 3469 subdit:
324 3411 515 3469 Pensandum
539 3415 583 3469 est
609 3415 759 3484 quantum
786 3425 923 3468 connexa
977 3415 1169 3484 erumpentes
1191 3409 1276 3484 quod
1301 3410 1449 3481 corrigere
1472 3425 1535 3466 uon
1568 3407 1669 3466 valent
1701 3407 1809 3464 saltem

93 3499 148 3574 sint
179 3505 302 3574 peccata
341 3501 529 3558 subditorum
557 3505 647 3575 atque
682 3499 920 3574 prepositorum.
976 3499 1131 3573 increpare
1157 3514 1219 3556 uon
1233 3502 1360 3556 cessem.
1390 3500 1530 3572 Superest
1543 3501 1644 3554 tamen
1668 3500 1710 3567 ut,
1732 3494 1811 3552 sicut

95 3589 181 3656 Quod
195 3590 275 3647 euim
288 3605 345 3648 uos
359 3589 442 3662 digni
455 3594 593 3664 pastores
606 3606 668 3647 non
683 3604 845 3658 sumus,ex
860 3605 923 3646 ves·
976 3588 1049 3646 dicit
1062 3589 1200 3662 Prosper,
1212 3587 1265 3662 qui
1279 3587 1370 3644 verba
1384 3587 1563 3660 despiciunt,
1577 3600 1669 3660 opera
1681 3584 1763 3642 bona
1777 3584 1809 3640 in

93 3682 135 3736 tra
150 3679 244 3752 culpa
258 3686 303 3737 est
317 3698 324 3749 ;
340 3683 369 3736 et
382 3679 465 3753 quod
479 3695 534 3736 vos
549 3678 589 3736 ad
602 3677 790 3753 iniquitatem
818 3677 923 3736 dellui-
977 3678 1099 3735 doctore
1114 3677 1246 3747 videant,
1258 3692 1326 3750 quae
1340 3680 1519 3733 venerentur
1532 3693 1538 3743 ;
1562 3679 1591 3732 et
1615 3675 1639 3732 si
1653 3673 1810 3744 contigerit

94 3769 136 3836 tis,
152 3785 193 3825 ex
204 3775 307 3826 nostro
320 3769 377 3826 hoc
393 3773 477 3827 reatu
496 3773 552 3839 cst,
578 3767 662 3841 quod
690 3767 867 3824 obsistentes
891 3767 921 3822 in
977 3772 1010 3822 ut
1024 3783 1042 3822 a
1058 3763 1274 3838 potentioribus
1286 3763 1334 3820 vel
1347 3763 1386 3820 ab
1398 3763 1573 3832 alienigenis
1587 3764 1807 3830 contemnatur,

93 3857 182 3932 culpa
195 3874 257 3916 nou
271 3858 493 3916 habetis.Vobis
506 3873 578 3929 ergo
593 3861 622 3914 ct
635 3856 862 3929 uobisparcltls,
872 3854 923 3912 sia
977 3855 1033 3912 sibi
1047 3854 1095 3911 vel
1109 3853 1170 3910 suls
1183 3852 1363 3926 predicator
1376 3850 1595 3919 canabdlceus,
1611 3865 1681 3906 cum
1693 3852 1782 3906 tosue
1798 3866 1805 3904 :

90 3965 186 4021 pravo
200 3963 290 4022 opere
312 3948 444 4006 cassatis.
472 3946 561 4003 Vobis
585 3951 613 4003 et
637 3944 726 4003 nobis
754 3944 920 4018 parcimus,
976 3945 1041 4015 Epo
1067 3947 1168 4000 autem
1195 3947 1224 3997 et
1252 3939 1357 3996 domm
1382 3953 1447 3996 mea
1473 3939 1626 4010 sequimur
1647 3937 1808 3992 Dominum

90 4037 215 4110 quaudo
229 4038 286 4094 boc
299 4037 383 4111 quod
396 4035 533 4110 displicet
544 4051 605 4092 non
621 4039 767 4091 tacemus.
793 4032 851 4090 Sed
865 4047 923 4089 nos
977 4033 1076 4104 (Josue
1088 4045 1170 4098 xxiv,
1192 4029 1246 4098 ll).
1276 4031 1350 4084 Nam
1377 4031 1407 4084 et
1430 4027 1513 4099 ipsos
1535 4024 1640 4082 fideles
1664 4024 1732 4097 plus
1753 4038 1810 4096 per

90 4125 203 4183 abenas
227 4131 339 4183 ruortes
358 4126 467 4182 uostris
482 4123 612 4197 pcccatis
627 4122 810 4190 addidimus,
837 4125 868 4179 et
881 4124 925 4178 tot
977 4118 1221 4193 exemplaquam
1234 4114 1393 4189 perverba
1406 4115 1551 4188 prolicere
1570 4116 1686 4170 certum
1709 4117 1764 4182 eet,
1780 4115 1810 4166 et

90 4214 266 4282 occidimus,
280 4213 440 4289 quotmori
453 4211 587 4287 quotidie
611 4215 742 4268 tacentes
771 4209 920 4267 videmus.
977 4213 1103 4281 utraque
1119 4205 1175 4262 sibl
1189 4203 1361 4262 necessario
1373 4201 1577 4274 conjungitur,
1597 4203 1629 4256 ut
1654 4197 1738 4273 quod
1766 4197 1810 4255 lo·

92 4303 209 4360 Nullum
223 4303 346 4377 quippe,
363 4303 440 4358 sicut
460 4301 557 4358 isdem
571 4299 676 4357 doctor
699 4297 847 4373 perbibet,
863 4296 922 4354 tale
976 4295 1099 4372 quenda
1110 4295 1177 4370 quis
1189 4290 1481 4367 preciositaciendo
1496 4289 1665 4346 confirmet.

92 4391 270 4450 sacrificium
286 4395 345 4450 Deo
360 4396 413 4461 est,
427 4391 504 4448 sicut
515 4394 559 4447 est
569 4389 649 4445 zelus
663 4387 845 4446 animarum.
859 4387 922 4442 Hoc
1013 4386 1092 4442 xvtl.
1109 4383 1197 4458 Apud
1211 4397 1263 4439 eos
1275 4385 1377 4438 autem
1392 4379 1445 4454 qui
1467 4379 1560 4436 verba
1587 4377 1809 4451 predicationis

92 4482 150 4539 arlo
181 4481 253 4555 quie
281 4482 403 4539 Phineas
442 4495 538 4537 uuum
577 4477 749 4536 adulterum
789 4475 922 4550 pugione
978 4477 1130 4546 utcunque
1138 4471 1292 4545 patiuntur
1300 4469 1415 4540 audire,
1423 4467 1497 4524 illud
1505 4464 1809 4526 commemorandum

93 4571 249 4639 transfixit,
278 4572 355 4628 iram
385 4570 434 4627 bei
465 4568 603 4644 protinus
628 4567 668 4625 ab
698 4565 782 4624 omui
808 4563 923 4638 populo
977 4566 1021 4619 est
1034 4560 1119 4636 quod
1129 4563 1206 4618 Deus
1219 4558 1259 4616 ad
1272 4558 1453 4632 prophetam
1467 4554 1736 4624 dicit:Sijudicas
1750 4567 1808 4620 eos,

95 4661 228 4718 removit.
259 4665 340 4718 ltunc
372 4659 445 4734 qula
469 4659 532 4716 lleli
569 4673 631 4716 non
656 4656 771 4724 habult,
801 4653 923 4711 tandem
975 4651 1023 4722 titi
1037 4649 1174 4717 bominis
1189 4647 1413 4719 situdi'ceseos,
1426 4644 1729 4717 iniquitatespatrurn
1743 4653 1810 4694 suo·

96 4750 170 4808 iram
197 4751 247 4808 liei
270 4755 374 4807 contra
406 4765 437 4806 se
471 4745 749 4820 inexstinguibiliter
775 4743 920 4801 accendit.
977 4755 1046 4796 rum
1069 4736 1248 4794 ostenderis
1276 4733 1394 4806 (Erret.
1410 4747 1461 4802 xx,
1475 4731 1515 4802 t).
1537 4733 1571 4786 lit
1592 4729 1701 4786 lterum
1716 4724 1811 4783 :litii

97 4840 130 4896 Ut
143 4844 245 4897 eutem
260 4839 290 4896 iu
304 4841 362 4896 bac
377 4836 550 4895 difficultate
565 4835 717 4903 audiendi,
744 4849 807 4907 qua
820 4832 924 4890 docto·
978 4827 1116 4892 bomine,
1132 4825 1173 4883 ad
1187 4829 1287 4896 pentes
1301 4822 1496 4892 apostatrices
1513 4819 1600 4876 mitto
1620 4823 1658 4890 te,
1677 4816 1718 4874 ad
1728 4815 1810 4885 titios

96 4943 142 4984 res
167 4933 409 4996 contemnuntur,
437 4928 515 4984 Deus
541 4941 592 4982 eos
611 4923 827 4991 consolaretur,
853 4937 924 4978 cum
978 4916 1075 4974 Israel
1083 4931 1095 4986 ,·
1109 4921 1213 4984 patres
1237 4927 1339 4970 eorum
1362 4908 1557 4981 prevaricati
1590 4911 1661 4964 sunt
1683 4910 1809 4976 paetum

98 5018 274 5075 Ezechielem
290 5018 470 5092 prophetam
499 5015 539 5073 ad
562 5013 640 5070 tilios
669 5012 756 5070 lsrael
783 5011 923 5078 mitteret,
978 5020 1075 5064 meum
1087 5003 1206 5076 (Eaccb.
1225 5018 1256 5074 ιι,
1273 5005 1310 5072 3),
1325 5003 1393 5072 eta,
1407 5012 1570 5072 quousque
1585 4995 1741 5068 subjungit
1755 5011 1762 5051 :
1776 4993 1812 5049 Si

98 5105 226 5164 sermoni
241 5123 298 5164 suo
311 5105 481 5179 frequenter
503 5101 664 5176 interponit
681 5119 688 5158 ι
711 5101 747 5159 Si
769 5101 850 5171 sorte
873 5115 925 5157 au·
978 5095 1058 5165 sorte
1068 5093 1115 5150 vet
1125 5090 1184 5162 ipsi
1196 5089 1324 5147 aarum
1340 5087 1395 5144 ¹1⁰⁶
1403 5087 1432 5155 (Ι
1433 5085 1504 5154 bia,
1518 5084 1555 5155 5).
1571 5084 1648 5141 3⁸⁰⁰
1662 5079 1747 5155 qu⁰d
1758 5095 1811 5136 ⁰⁰⁸

98 5194 172 5265 diat,
185 5199 223 5261 et,
238 5197 265 5252 si
276 5197 357 5266 forte
371 5195 526 5266 quiescant
544 5190 664 5264 (Eteri.
689 5207 718 5260 u,
739 5194 778 5258 7).
808 5192 840 5244 ln
863 5203 924 5262 quo
979 5182 1176 5258 apostatrices
1186 5177 1319 5255 appellat
1330 5177 1386 5235 illis
1398 5175 1530 5234 maxime
1544 5171 1682 5245 congruit
1692 5169 1745 5242 qul
1756 5182 1811 5240 par

99 5283 240 5342 adverbio
254 5283 419 5341 dubitativo
430 5281 599 5340 notandum
614 5284 670 5351 est,
687 5279 759 5352 quia
779 5277 925 5351 propbeta
979 5271 1180 5330 monasticam
1195 5267 1413 5342 professionem
1428 5263 1468 5323 ad
1481 5261 1636 5319 secularia
1661 5255 1811 5313 desideria

99 5376 126 5427 et
135 5373 267 5444 mittitur,
283 5378 312 5430 et
327 5372 514 5431 audientium
534 5370 644 5428 duritie
660 5367 837 5438 designatur
852 5383 858 5420 ε
871 5379 926 5437 per
979 5361 1164 5420 relabuntur.
1174 5359 1214 5414 Dc
1229 5358 1340 5431 qulbus
1355 5355 1578 5427 scriptumest:
1599 5349 1648 5405 Vae
1656 5345 1812 5415 peccatori

99 5476 175 5533 quos
191 5461 483 5532 videlicetinnuitur,
506 5460 578 5534 quie
595 5475 650 5515 nec
666 5463 763 5514 tacere
786 5453 875 5510 debet
899 5453 925 5508 is
980 5449 1161 5524 ingredienti
1189 5447 1305 5504 duabus
1333 5445 1387 5502 uiis
1415 5439 1521 5508 illecti.
1537 5451 1568 5506 ιι,
1584 5434 1810 5506 li).‘Aposiata

99 5551 151 5622 qui
163 5551 348 5624 praedicendi
359 5551 493 5610 officium
508 5549 649 5623 srrscapit,
663 5563 719 5604 nec
732 5561 788 5618 pro
809 5542 927 5600 audito·
981 5553 1114 5612 namque
1123 5535 1313 5594 retrocedens
1319 5523 1597 5602 interpretatu1·.0ui
1606 5537 1677 5580 vero
1683 5537 1809 5580 manum

100 5653 167 5697 rum
181 5641 291 5704 duritie
305 5641 500 5702 constristari.
516 5639 546 5697 Si
559 5639 639 5696 euim
661 5638 726 5710 ipsc
742 5638 820 5692 ilaus
834 5631 927 5690 verba
983 5643 1070 5687 suam
1083 5628 1114 5684 in
1129 5629 1228 5684 aratro
1248 5619 1369 5689 miserit,
1381 5617 1405 5673 si
1419 5619 1496 5674 retro
1519 5611 1690 5685 respexerit,
1708 5609 1809 5682 utique
