4106 6148
134 142 184 200 ης
757 133 934 192 rrrsrcnr
952 134 996 192 rr
1013 136 1219 196 rnrvvnron.
1331 111 1333 118 ’
1790 138 1845 194 sss

136 261 251 335 majore
265 261 294 318 et
308 257 437 316 fundum
448 273 541 332 quem
556 261 669 332 septem
679 256 781 314 vassia
795 273 865 314 cum
880 255 965 314 omni
980 259 1136 334 bunione,
1151 266 1262 320 etcum
1274 262 1415 320 omnibus
1428 263 1467 320 ed
1482 279 1550 321 eam
1565 261 1763 336 pertinentem
1791 265 1846 318 tes-

136 352 177 410 ad
192 351 258 424 ejus
273 347 461 424 pertinentia,
476 347 566 404 etiam
582 350 611 404 et
623 345 752 404 fundum
767 346 860 403 atium
875 345 906 404 in
922 345 966 404 in·
1017 348 1270 408 ritorioariciens.
1280 351 1381 425 posit,
1391 351 1422 407 in
1434 351 1501 409 loco
1511 367 1602 425 quem
1613 351 1652 408 ad
1662 349 1844 418 Cucurncair,

137 444 220 511 tegro
234 437 318 514 quod
337 439 454 495 casana
468 451 538 492 cum
553 434 619 492 aliis
633 434 761 492 diversis
783 434 856 492 locis
870 439 900 491 et
912 449 966 492 vo·
1018 437 1094 496 inter
1108 438 1214 497 affines
1226 441 1265 498 ab
1280 456 1342 497 uno
1355 440 1447 498 latere
1476 441 1650 514 supradicta
1675 439 1769 504 Silice,
1785 443 1813 496 et
1827 454 1846 496 a

136 529 252 590 sabulis
271 528 345 600 suis,
359 526 506 597 videlicet,
521 525 599 583 valle
622 525 781 597 ltarciano,
804 541 875 582 casa
896 525 966 582 Pre-
1018 528 1151 586 secundo
1173 529 1396 588 iaterevinca...
1412 534 1441 586 et
1454 545 1473 586 a
1487 529 1571 586 tertio
1596 529 1689 588 latere
1710 529 1760 586 via
1776 545 1844 602 qua

136 620 229 688 tiosa;
240 622 342 676 monte
351 616 404 690 qui
415 615 703 690 Panlelli,ctcampn
715 613 966 688 quillbanensis,
1018 615 1101 674 ducit
1122 617 1162 676 ad
1185 619 1334 692 parietem
1350 618 1400 692 qui
1418 617 1587 692 appellatur
1613 617 1759 689 longum3
1775 621 1804 675 et
1827 631 1846 674 a

136 708 185 767 vel
199 707 224 766 ai
242 707 310 781 quis
325 705 390 764 aliis
404 704 561 762 vocalibus
574 708 644 764 sunt
662 705 710 762 vil
722 705 763 762 ab
776 703 890 776 origine
904 703 967 761 iue-
1018 711 1126 779 quarto
1137 707 1229 765 latere
1242 707 1364 766 vinea...
1380 711 1415 766 Et
1440 706 1634 766 concedimus
1656 707 1742 764 vobis
1763 721 1847 764 casa·

135 799 207 854 runt
219 811 289 854 oum
302 793 499 852 sationalibus
522 792 603 852 silvis
625 797 654 851 ei
667 792 792 852 diversis
807 791 967 850 arboribus
1017 794 1078 852 lem
1092 796 1124 853 in
1136 796 1286 870 integrum
1300 813 1393 871 quem
1406 796 1524 865 zizinni,
1536 813 1607 854 cum
1622 795 1747 853 ecclesia
1762 811 1847 853 sanc-

137 885 302 958 sedeatque
317 883 479 958 aquimolis
501 882 695 955 molentibus,
711 882 787 940 sicut
809 881 967 938 ecclesiam
1019 889 1056 942 tas
1070 886 1177 955 usna,
1192 885 1298 954 vincis,
1306 887 1399 955 terris,
1412 901 1466 943 scu
1476 883 1675 958 aquimolum,
1688 889 1717 940 et
1728 883 1845 956 scriptis

137 973 287 1030 desertam
309 988 377 1046 quae
401 971 496 1028 sancti
522 970 599 1028 Petri
624 974 653 1028 ct
676 987 746 1028 cum
765 969 908 1028 omnibus
928 969 968 1028 ad
1019 974 1096 1032 sicat
1110 975 1251 1034 menibus
1264 975 1369 1034 vestris
1383 974 1529 1044 detinetis,
1540 974 1606 1046 jam
1629 973 1708 1030 dicto
1732 972 1846 1030 territo-

136 1078 205 1120 eam
226 1061 404 1134 generaliter
424 1060 455 1118 in
482 1060 598 1132 integro
626 1059 844 1134 pertinentibus
869 1059 968 1134 posito
1019 1079 1054 1120 ro
1068 1063 1234 1122 Albanens
1250 1069 1339 1139 post,
1351 1064 1479 1122 miliario
1494 1063 1534 1120 ab
1557 1062 1631 1120 urbe
1655 1065 1751 1120 Roma
1776 1061 1846 1135 plus

134 1153 200 1226 jam
214 1150 295 1210 dicta
308 1150 357 1208 via
373 1149 485 1220 Latina,
501 1149 611 1208 miliar.
627 1149 667 1208 ab
681 1149 758 1208 Urbe
782 1149 851 1223 plus
866 1149 968 1206 minue
1019 1152 1121 1210 minus
1135 1154 1220 1212 tertio
1234 1154 1353 1212 decimo
1365 1153 1441 1226 juris
1457 1151 1577 1210 vestarii
1597 1150 1692 1208 nostri
1710 1149 1845 1222 maioris,

136 1239 355 1311 decimo,inter
369 1237 475 1296 affines
489 1238 566 1310 ejus,
580 1238 620 1295 ab
636 1253 698 1296 uno
717 1238 809 1296 latere
822 1242 900 1295 torre
914 1237 968 1296 ubi
1019 1245 1180 1316 prestante
1199 1242 1265 1300 auri
1289 1243 1375 1300 solid.
1392 1247 1471 1311 tres3
1488 1241 1564 1299 inter
1586 1239 1702 1310 affines,
1719 1239 1759 1296 ab
1785 1254 1847 1296 uno

136 1329 209 1387 oiim
221 1328 342 1386 inerunt
354 1333 453 1402 prata,
476 1343 545 1401 quas
558 1327 748 1402 appellantur
772 1326 855 1384 Pauli
868 1345 875 1396 ;
888 1343 907 1384 a
921 1343 967 1384 se-
1019 1329 1110 1390 latere
1125 1332 1224 1389 sassie
1234 1337 1345 1390 sanctes
1360 1331 1565 1406 lieuphemise,
1574 1334 1603 1387 et
1618 1329 1704 1386 vinea
1718 1327 1757 1384 de
1771 1330 1847 1384 Urso

137 1419 240 1476 cundo
261 1418 353 1476 latere
374 1417 487 1474 fundus
510 1433 604 1490 quam
627 1415 771 1488 Civitatis,
785 1421 813 1474 et
837 1432 856 1474 a
882 1415 968 1474 tertio
1020 1419 1490 1494 dudumprimicheriotitio),eta
1505 1418 1638 1476 secundo
1652 1417 1743 1474 latere
1757 1416 1846 1473 vinea

136 1508 227 1566 latere
241 1507 330 1564 vinea
343 1506 381 1564 dc
400 1505 572 1580 supradicto
586 1505 770 1562 monasterio
782 1505 832 1562 via
846 1504 968 1578 publica
1020 1507 1058 1564 de
1082 1508 1153 1566 item
1175 1509 1293 1565 herede
1320 1508 1476 1581 quondum
1492 1505 1658 1577 Gausberti,
1676 1509 1705 1562 et
1725 1519 1744 1560 a
1763 1503 1846 1560 tertio

136 1613 205 1670 qua
220 1595 375 1652 descendit
395 1594 436 1652 ad
456 1593 559 1651 locum
582 1594 635 1650 ubi
657 1593 765 1650 dicitur
779 1592 857 1652 Sella
871 1593 967 1652 sancti
985 1581 1111 1679 „laicis
1125 1595 1174 1654 via
1189 1596 1312 1669 publica
1326 1601 1354 1652 et
1369 1595 1521 1668 pastinum
1546 1595 1583 1650 de
1595 1593 1746 1666 Stephano
1762 1607 1847 1648 vene-

138 1685 312 1754 Patri;cta
335 1687 444 1757 quarto
457 1681 686 1740 latereecelesia
699 1682 901 1757 desertaque
916 1697 968 1756 ap
1019 1684 1084 1742 rab.
1099 1703 1106 1754 ;
1121 1689 1303 1758 etaquarto
1316 1684 1408 1741 latere
1422 1684 1553 1740 casalem
1568 1697 1660 1755 quem
1687 1683 1844 1748 Luczano;
1931 1685 1938 1692 ’

137 1774 265 1848 pellatur
278 1771 494 1830 sanctellarias
506 1771 538 1828 in
552 1771 706 1844 Diaconia,
721 1777 750 1828 et
759 1771 868 1828 exinde
881 1771 968 1829 sicuti
1020 1773 1111 1832 edam
1126 1779 1155 1830 et
1169 1775 1230 1831 duo
1245 1774 1331 1848 petire
1345 1773 1383 1830 de
1398 1772 1491 1828 vineis
1506 1772 1536 1828 iu
1550 1771 1719 1844 locoquem
1735 1766 1845 1824 Honori
1950 1835 1955 1846 1

137 1860 280 1918 descendi
291 1875 345 1934 per
364 1859 513 1916 fossatum
529 1859 672 1934 usquein
693 1858 906 1932 praedictam...
922 1857 969 1916 vel
1020 1861 1166 1921 territorio
1181 1862 1321 1919 aritiensi
1335 1861 1420 1918 sicuti
1434 1861 1464 1918 in
1481 1860 1622 1918 manibus
1645 1858 1750 1915 vestris
1777 1856 1848 1913 deti-

138 1950 246 2024 siquia
272 1949 337 2006 aliis
358 1947 465 2006 affines
483 1951 554 2005 aunt
580 1952 633 2006 aut
659 1948 699 2006 ab
717 1948 832 2019 origine
846 1947 968 2006 inerunt
1020 1953 1107 2021 netis,
1120 1967 1230 2024 nempe
1244 1951 1275 2007 in
1302 1950 1474 2024 supradicto
1489 1949 1635 2006 territorio
1651 1946 1801 2015 initiens,
1815 1944 1847 2000 in

135 2039 211 2110 juris
224 2036 401 2094 venerabilis
412 2036 587 2094 monasterii
595 2035 690 2094 sancti
701 2037 827 2094 Andreas
840 2036 968 2112 apostoli
1019 2041 1086 2098 loco
1101 2057 1227 2115 quem...
1241 2040 1331 2097 vinea
1342 2040 1373 2096 in
1387 2039 1464 2113 pede
1477 2039 1515 2095 de
1532 2037 1616 2096 Silice
1631 2037 1757 2108 ltaj0re·,
1771 2033 1848 2090 inter

138 2130 167 2182 et
180 2125 377 2184 bartholomei
391 2125 445 2199 qui
457 2124 627 2199 appellatur
641 2125 771 2184 lionorii.
787 2129 851 2182 imo
866 2130 895 2183 et
918 2141 966 2183 ec·
1020 2129 1126 2188 affines
1140 2130 1179 2188 ab
1202 2146 1263 2187 uno
1286 2129 1379 2186 latere
1394 2129 1462 2201 ipsa
1475 2127 1647 2200 supradicta
1665 2124 1749 2181 Silice
1763 2141 1771 2192 ;
1787 2127 1849 2180 cta

139 2213 261 2271 clesiern
273 2229 367 2271 unam
384 2214 416 2270 in
434 2213 551 2286 integro
564 2229 632 2286 quae
657 2214 754 2270 sancti
769 2213 883 2286 angeli,
897 2229 967 2270 cum
1020 2219 1154 2276 secundo
1174 2218 1266 2276 tatere
1287 2217 1409 2274 vinea...
1434 2221 1499 2273 eta
1525 2215 1611 2272 tertio
1636 2213 1761 2270 latere...
1777 2215 1807 2268 et
1829 2225 1848 2268 a

138 2303 233 2360 ‘'5¹¹0ss
249 2319 303 2360 ⁵0¹¹
319 2302 403 2360 imis
427 2302 507 2360 eima
522 2317 553 2359 ὅθ
570 2302 750 2376 εἰνΗΠΟθῑῑῙ
764 2319 782 2360 ἃ
796 2319 838 2371 ⁸0,
853 2307 967 2360 etcum
1019 2313 1128 2382 quarto
1151 2307 1243 2366 latere
1266 2307 1389 2364 vinea...
1402 2305 1478 2378 juris
1501 2302 1681 2362 uenerabilis
1701 2300 1847 2358 diaconias

137 2392 279 2448 omnibus
294 2391 399 2450 adeas
413 2389 677 2463 generaliteretin
690 2391 807 2464 integro
818 2392 967 2466 pertinen·
1020 2403 1133 2456 saneim
1143 2397 1238 2456 uarias
1251 2413 1345 2472 quam
1361 2395 1502 2454 cosmidi.
1519 2394 1586 2450 Pari
1602 2393 1695 2450 modo
1708 2389 1848 2448 concedi·

138 2486 208 2546 tem,
230 2482 327 2551 sicuti,
343 2481 383 2540 ad
396 2481 539 2538 meamus
553 2480 657 2538 vestris
669 2480 819 2550 detinetis,
835 2481 893 2540 sita
911 2497 967 2556 pa·
1019 2503 1089 2544 mus
1117 2490 1208 2559 atque
1236 2485 1453 2542 confirmamus
1479 2482 1566 2539 vobis
1595 2480 1787 2538 medietatem
1816 2475 1848 2534 in

138 2571 270 2628 trimonii
284 2571 387 2645 Appiae
402 2570 548 2628 territorio
563 2569 737 2640 atheneus,
764 2569 901 2628 milliario
927 2570 967 2628 ab
1019 2575 1170 2646 integrum
1186 2573 1224 2631 de
1239 2589 1301 2630 uno
1314 2572 1365 2629 iilo
1379 2571 1498 2644 Saline,
1511 2571 1542 2627 in
1556 2570 1623 2627 loeo
1633 2584 1725 2642 quem
1741 2570 1848 2624 Fossa-

138 2659 564 2733 urbenoma...p1usminus,
584 2659 615 2716 in
638 2664 741 2716 monte
765 2676 856 2733 quern
884 2663 966 2718 Cres·
1020 2668 1083 2721 tum
1100 2655 1848 2734 maiorem,sicutivobispsrscriptnrarumscries

138 2747 247 2805 centuli
261 2748 337 2804 inter
351 2747 457 2804 affines
471 2764 491 2806 a
504 2747 625 2805 duobus
638 2747 784 2804 lateribus
807 2754 886 2806 terra
899 2749 968 2822 ipsa
1020 2751 1119 2808 evcnit
1132 2749 1288 2824 quondam
1314 2749 1466 2806 dominico
1481 2748 1534 2822 qui
1553 2747 1709 2804 dicebatur
1724 2743 1848 2802 cacain-

138 2837 176 2894 de
195 2840 289 2895 llonte
301 2837 340 2893 dc
351 2837 470 2894 haerede
482 2836 640 2910 qnondam
655 2836 808 2894 dominico
820 2838 873 2911 qai
890 2838 969 2895 dice-
1020 2839 1123 2908 bocte;
1137 2839 1213 2894 inter
1223 2842 1386 2907 consortes,
1395 2837 1486 2893 aliam
1499 2835 1690 2892 medietatem
1704 2833 1742 2888 de
1754 2833 1849 2888 baare-

137 2926 227 2984 batur
252 2925 461 2998 Gacainboctc,
487 2929 517 2982 et
544 2925 630 2983 sicuti
657 2925 765 2982 dicitur
792 2942 811 2983 a
840 2927 966 2984 termino
1021 2926 1228 3001 dsquondam
1244 2925 1344 2994 iconi,
1359 2925 1442 2998 quod
1457 2929 1504 2982 est
1528 2925 1630 2998 ipsum
1653 2922 1684 2978 in
1698 2921 1848 2992 integrum

138 3019 167 3072 et
200 3015 359 3074 arboribus
391 3015 570 3088 designate;
602 3018 680 3072 etca
709 3014 843 3072 secundo
875 3015 967 3074 latere
1021 3016 1117 3085 iilum,
1133 3016 1210 3073 inter
1224 3013 1389 3082 affines,ab
1403 3029 1465 3070 uno
1478 3012 1674 3084 latere‚fitum
1685 3009 1848 3080 Benedicti,

140 3103 262 3162 Clasura
290 3109 390 3162 secute
413 3091 541 3162 ducente
567 3118 622 3177 per
648 3103 808 3162 arboribus
833 3109 863 3162 et
889 3104 967 3162 latua
1021 3110 1050 3163 et
1074 3121 1094 3164 a
1119 3104 1254 3162 secundo
1277 3103 1379 3172 latere,
1394 3101 1479 3159 titum
1504 3101 1605 3160 Salini.
1624 3099 1663 3157 de
1687 3097 1851 3172 supradicti

140 3196 217 3249 terra
243 3207 336 3266 quem
375 3195 492 3250 tenente
519 3195 605 3248 Petro
631 3191 750 3250 medico
777 3193 968 3266 perveniente
1021 3193 1142 3252 herede
1165 3191 1329 3261 dominici;
1346 3196 1375 3249 ct
1395 3207 1415 3248 a
1441 3191 1527 3248 tertio
1555 3189 1646 3247 latere
1676 3186 1850 3260 supradicto

140 3285 231 3354 elisue
244 3280 276 3338 in
289 3279 416 3338 termino
428 3281 482 3354 qui
495 3285 542 3337 est
554 3279 632 3338 laius
646 3281 739 3340 vineas
754 3281 792 3340 de
807 3281 968 3340 venerabili
1023 3285 1147 3339 Fossatc
1169 3281 1302 3353 majore;
1318 3285 1347 3337 et
1360 3296 1379 3338 a
1394 3284 1503 3354 quarto
1523 3278 1649 3335 latere...
1672 3280 1744 3333 item
1764 3273 1850 3331 filum

139 3369 321 3428 monasterio
335 3372 447 3428 sanctae
470 3369 579 3434 itariae,
594 3367 678 3442 quod
701 3370 733 3426 in
752 3370 898 3428 Aventino
913 3387 968 3444 ap·
1022 3372 1060 3429 de
1083 3371 1203 3429 hoeredc
1235 3370 1393 3443 quondam
1420 3369 1543 3426 ioannis
1572 3367 1707 3440 majoris,
1738 3363 1851 3437 iuris...

140 3457 278 3532 pellatur,
300 3463 329 3516 et
348 3457 467 3518 atcrtio
481 3457 528 3516 vel
542 3462 650 3531 quarto
668 3457 770 3516 latere.
794 3463 867 3516 item
883 3459 970 3518 vinca
1024 3460 1161 3520 Similiter
1175 3457 1309 3516 statium
1331 3458 1417 3514 iilum
1433 3473 1529 3514 unum
1552 3457 1852 3526 inintegrumquem

139 3547 177 3604 de
187 3561 280 3620 supra
290 3546 369 3604 dicto
384 3545 970 3621 monasterioquaappetlaturinaven·
1023 3549 1118 3606 sancti
1132 3547 1274 3621 sylvestri
1286 3547 1317 3604 in
1331 3547 1399 3604 loco
1423 3561 1516 3620 quem
1532 3550 1646 3618 Campo
1671 3542 1756 3612 Malo,
1775 3541 1853 3597 inter

140 3634 212 3702 tino,
227 3633 377 3706 simulque
392 3634 513 3692 vinea...
523 3634 555 3690 in
565 3634 681 3706 integro
693 3651 763 3692 cum
777 3636 900 3694 introitu
913 3653 969 3694 suo
1024 3638 1140 3709 affines,
1156 3637 1195 3695 ab
1209 3652 1271 3693 uno
1293 3635 1419 3692 latere...
1436 3638 1465 3691 et
1479 3649 1498 3691 a
1513 3634 1648 3690 secundo
1661 3632 1752 3688 latam
1775 3629 1853 3700 ejus·

140 3728 231 3796 atque
248 3721 405 3778 reddimen
429 3723 470 3780 ad
488 3722 664 3794 calcatorio,
681 3728 710 3780 et
728 3739 798 3782 cum
826 3725 970 3782 omnibus
1023 3727 1094 3782 dem
1107 3723 1223 3798 praelati
1237 3724 1327 3779 vestri
1340 3721 1525 3778 monasterii.
1540 3722 1635 3777 En'am
1649 3724 1678 3776 et
1690 3717 1852 3775 confirma-

140 3811 262 3868 adeam
276 3811 475 3883 pertinentem
488 3811 579 3883 posit.
595 3811 625 3866 in
646 3811 792 3868 territorio
806 3813 967 3870 albanens.
1023 3831 1093 3870 mus
1112 3812 1199 3868 vobis
1222 3809 1411 3884 aquimolum
1436 3809 1603 3866 molentum
1616 3823 1712 3864 unum
1734 3806 1765 3861 in
1779 3805 1854 3860 inte·

139 3897 267 3956 miliario
282 3898 322 3954 ab
344 3898 419 3956 urbe
434 3901 562 3956 iioma...
588 3899 657 3972 plns
670 3899 782 3969 minus,
798 3899 888 3957 affine
903 3901 969 3973 ejus
1024 3917 1113 3973 grum
1135 3901 1166 3956 in
1182 3900 1310 3956 fluvium
1324 3898 1447 3972 tyberis
1468 3899 1551 3969 justa
1574 3895 1677 3952 scbola
1706 3896 1854 3950 saxorum

140 3988 179 4046 ab
196 4003 256 4045 uno
270 3987 363 4046 latere
377 3987 473 4045 vineae
500 4003 569 4061 quse
587 3988 709 4046 fuerunt
722 3988 759 4046 dc
780 3993 856 4046 aczo
881 3994 971 4046 Acca·
1023 3989 1127 4064 possit.
1144 3989 1230 4044 sicuti
1251 3985 1336 4044 vobis
1358 3985 1501 4043 eumdem
1526 3983 1714 4058 aquimolum
1736 3978 1856 4050 largivit

139 4077 196 4146 riti,
213 4081 242 4135 et
256 4076 345 4134 vinea
355 4077 393 4134 de
405 4076 566 4134 venerabili
580 4077 765 4134 monasterio
787 4078 881 4134 sancti
897 4080 970 4134 Lau·
1023 4077 1182 4153 quondam
1194 4078 1260 4136 Alto
1276 4077 1468 4146 achomatos,
1489 4075 1567 4132 inter
1593 4071 1711 4143 affines,
1726 4070 1766 4128 ab
1791 4083 1854 4124 uno

140 4167 216 4225 renti
242 4167 314 4224 ioris
337 4183 438 4236 muro,
453 4171 483 4224 et
506 4183 525 4224 a
549 4167 682 4224 secundo
701 4167 793 4226 latere
816 4167 905 4224 vinea
931 4167 969 4224 de
1023 4157 1855 4240 latereaquimolum-ctasecuntlolatereaquimolum

139 4262 216 4314 Acco
227 4256 265 4314 de
279 4255 406 4325 Albano,
419 4256 575 4314 etatertio
589 4255 680 4314 latere
693 4256 781 4314 vinea
799 4256 837 4314 de
863 4272 968 4330 supra·
1025 4255 1173 4314 Benedicti
1198 4254 1325 4326 Virgarii
1348 4258 1441 4328 porta
1469 4252 1565 4308 sancti
1588 4250 1661 4308 Petri
1687 4263 1757 4306 cum
1786 4245 1853 4302 aliis

140 4347 220 4404 dicto
234 4345 417 4406 monasterio
432 4349 544 4403 sanctie
566 4345 662 4403 idariae
675 4345 712 4404 de
736 4346 892 4417 Aventino,
907 4352 969 4404 eta
988 4321 1009 4375 ὓ
1024 4344 1215 4404 consortibus
1225 4344 1303 4413 suis;
1314 4349 1344 4400 et
1354 4360 1373 4401 a
1383 4341 1566 4401 tertiolatere
1576 4343 1696 4397 Portum
1706 4337 1854 4408 majorem

141 4441 248 4510 quarto
259 4435 361 4508 latere,
375 4435 447 4492 item
462 4435 550 4492 vinea
562 4433 600 4492 de
611 4436 831 4508 praenominato
847 4451 968 4492 monas·
1023 4435 1119 4509 ipsius
1134 4433 1341 4504 fluminis,eta
1356 4436 1464 4504 quarto
1479 4430 1570 4487 latere
1581 4429 1629 4486 via
1643 4423 1854 4502 publicaunde

141 4526 214 4583 tario
230 4525 324 4583 sancti
341 4523 490 4583 Laurentii
504 4523 577 4581 ioris
592 4540 690 4593 muro,
705 4530 735 4582 et
750 4527 869 4582 vinea...
898 4529 969 4582 item
1024 4521 1216 4580 descenditur
1230 4522 1269 4578 ad
1284 4521 1365 4594 ipsos
1378 4518 1558 4593 aquimolos,
1567 4511 1854 4586 cumligamentorio

142 4614 235 4670 vineae
259 4614 502 4688 petiae-quatuor
524 4612 555 4670 in
579 4612 695 4684 integro
719 4630 789 4670 cum
813 4614 970 4670 reddimen
1024 4611 1269 4680 etintroitusuo,
1285 4615 1397 4666 etcum
1413 4607 1496 4664 omni
1516 4605 1691 4662 conciatura
1714 4617 1770 4659 sua
1784 4615 1855 4656 cum

141 4703 181 4762 ad
195 4703 356 4762 calcatorio
370 4708 400 4760 et
426 4703 548 4760 introitu
563 4719 630 4772 suo,
648 4707 677 4760 et
691 4719 761 4760 cum
773 4703 916 4762 omnibus
930 4703 971 4760 ed
1024 4700 1167 4758 omnibus
1181 4698 1237 4756 sibi
1247 4697 1466 4772 pertinentibus
1476 4695 1561 4752 sicuti
1574 4711 1593 4751 a
1606 4695 1723 4750 loanne
1738 4689 1854 4764 praede-

141 4809 209 4850 eam
224 4791 442 4866 pertinentibus
455 4791 554 4848 eidem
577 4793 731 4864 territorio,
746 4793 778 4848 in
791 4792 859 4850 loco
877 4807 968 4866 quem
1025 4805 1142 4846 cessere
1157 4792 1270 4856 nostro,
1287 4801 1341 4860 per
1364 4783 1506 4859 precepti
1534 4782 1679 4857 paginam
1703 4781 1734 4837 iu
1757 4784 1854 4836 vestro

142 4879 217 4952 Rufi,
232 4881 308 4938 inter
320 4879 426 4938 affines
440 4897 459 4936 a
473 4879 594 4938 duobus
608 4880 752 4938 lateribus
767 4882 860 4938 vineae
881 4881 969 4937 dom·
1024 4877 1132 4935 obtulit
1141 4875 1337 4943 monosterio;
1347 4873 1480 4930 similiter
1491 4888 1542 4944 per
1553 4869 1699 4944 privilegii
1710 4868 1855 4944 peginam

140 4987 179 5029 ne
194 4974 334 5038 limosae,
346 4975 376 5028 et
389 4986 409 5028 a
422 4969 508 5026 tertio
532 4969 623 5028 latere
644 4970 764 5028 vinea...
779 4975 838 5028 eta
861 4975 970 5044 quarto
1024 4967 1109 5024 vobis
1124 4964 1272 5022 concessit
1286 4967 1376 5036 atque
1392 4961 1581 5018 confirmavit
1593 4960 1623 5018 in
1648 4958 1856 5033 supradictum

139 5060 231 5118 latere
257 5061 346 5118 vinca
373 5059 411 5118 de
442 5057 605 5117 venerabili
635 5059 731 5116 sancti
755 5059 864 5124 Sabbc,
899 5076 967 5134 quta
1023 5055 1151 5112 fluvium
1164 5049 1667 5126 Tyberisantccioaca,cumaque
1683 5051 1750 5120 post
1764 5043 1856 5108 te‚ad

140 5148 309 5224 appellatur
338 5147 508 5217 cellanova,
536 5162 607 5204 cum
639 5145 761 5202 introitu
792 5161 846 5220 per
870 5145 968 5218 ipsam
1024 5144 1117 5202 alium
1132 5137 1710 5216 aquimolumiaciendum5etinterhos
1725 5131 1855 5188 finssab

139 5238 269 5308 vineam,
301 5254 320 5296 a
353 5237 438 5296 Silice
470 5237 589 5309 lisiaro,
622 5240 713 5309 atque
745 5234 866 5292 vinea...
899 5249 967 5291 curn
1024 5230 1387 5304 unciatcre‚aquimolum
1402 5221 1855 5285 venerabiiismcnasteriisanc-

140 5327 299 5386 reddimcn
320 5328 359 5385 ad
378 5325 540 5385 calcatorio
568 5331 597 5384 et
622 5325 745 5383 introitu
769 5339 824 5381 suo
851 5323 969 5380 asilice
1024 5310 1853 5393 tellariesinCapitolio‚etequimolumLeonittonproto

177 5455 252 5528 (260)
268 5452 411 5512 Conobbe
422 5454 521 5527 quest·
531 5454 604 5511 Orso
614 5451 783 5527 primicerio
796 5449 816 5507 il
829 5449 854 5506 si
866 5465 969 5522 spesso
1060 5451 1134 5522 (not)
1149 5447 1308 5504 Notissimc
1324 5449 1410 5518 proto
1423 5437 1587 5523 scriniario,
1596 5437 1654 5521 circ
1669 5437 1693 5493 si
1706 5441 1854 5494 trasmuto

141 5526 298 5584 nominato
308 5527 342 5583 n.
358 5524 471 5582 Galtetti
483 5541 537 5600 per
549 5539 609 5582 una
623 5529 706 5582 carta
717 5521 856 5581 Foriense
870 5523 925 5578 cire
939 5519 969 5576 lo
1024 5522 1127 5595 poscis
1141 5521 1172 5577 in
1188 5522 1285 5576 leons
1298 5516 1355 5572 Viti
1370 5514 1421 5584 (V.
1435 5513 1459 5568 tt
1475 5509 1600 5568 Geticus
1613 5507 1633 5564 l.
1648 5524 1674 5564 c.
1691 5524 1722 5582 p.
1741 5509 1813 5580 tii).

140 5597 263 5658 ricorde
276 5613 362 5658 coine
372 5601 470 5658 morto
480 5597 528 5655 nel
545 5601 613 5656 {003
629 5597 669 5670 (p.
685 5599 742 5669 80).
