4160 6162
158 205 163 217 ⁸
189 183 240 238 305
596 181 747 237 EPITOltlE
766 175 947 236 llOllllLlUlll
967 173 995 229 S.
1017 172 1118 230 GREG.
1139 179 1173 233 ΙΝ
1191 177 1264 235 JOB,
1284 209 1320 220 ..
1338 181 1404 236 LlB.
1424 183 1490 237 lllll.
1848 180 1899 232 3⁰6

188 297 284 370 spicit,
300 295 424 353 consilia
445 297 644 370 perversitatis
667 296 853 369 praebetlruc
875 293 1006 365 illucque
1029 290 1054 344 Α
1069 293 1156 362 quasi
1172 309 1281 351 aurora
1296 298 1504 368 consurgens?
1520 297 1618 368 (Cant.
1634 311 1675 368 vl,
1687 295 1727 366 9.)
1740 315 1753 344 u
1770 297 1835 362 Quo
1846 293 1899 363 igi·

187 386 336 456 discurrit,
351 389 380 442 et
392 402 520 459 quaeque
539 385 655 458 poterit,
672 385 703 442 in
717 386 868 442 bonorum
890 383 1013 440 laesione
1068 384 1116 436 tur
1126 381 1226 454 justus
1241 385 1368 458 quisque
1386 386 1506 456 justitia
1531 385 1597 442 luce
1613 383 1763 441 irrudians
1775 383 1806 438 in
1820 398 1898 454 prae·

187 475 328 546 suggerit.
346 473 499 547 Sequitur:
1068 470 1212 528 sentirita
1226 473 1391 529 honoribus
1405 473 1619 543 sublimantur,
1641 489 1677 530 eo
1692 476 1760 529 ante
1776 486 1896 544 perver-

222 565 308 620 Vsas.
324 563 365 618 ts.
384 563 491 619 Oculus
505 563 641 620 adulteri
650 563 786 621 obseruat
800 563 958 634 caliginem
971 561 1014 616 di·
1068 571 1170 614 sorum
1180 561 1283 617 oculos
1297 562 1426 618 tenebras
1441 561 1546 616 mortis
1561 559 1648 632 liunt,
1666 559 1738 633 quia
1757 558 1810 630 qui
1832 573 1897 630 per-

186 667 271 707 aeae:
286 652 353 707 Nou
369 667 414 708 me
435 652 545 708 uidebit
558 655 673 709 oculus.
686 685 720 693 -
742 653 803 708 Hoc
827 651 917 707 etiam
927 650 1014 721 juxta
1066 661 1151 703 verse
1166 664 1196 705 se
1209 650 1304 720 egisse
1320 651 1529 714 meminerunt,
1548 649 1656 718 corrigi
1670 649 1893 721 pertimescunt.

183 737 311 796 litteram
323 739 365 795 nil
376 739 475 796 obstat
491 741 625 814 intelligi,
636 745 670 798 ut
684 741 735 816 qui
751 739 930 798 adulterium
945 754 1012 811 per·
1068 737 1190 810 Semper
1204 739 1283 795 enim
1307 741 1480 797 desiderant
1504 739 1534 795 in
1558 738 1621 794 suis
1642 737 1841 810 pravitatibus
1864 751 1895 791 se

181 827 298 900 patrare
310 827 461 886 desiderat
473 829 611 886 tenebras
623 830 768 904 exquirat.
785 828 843 886 Sed
857 827 929 901 quia
945 843 1013 884 con·
1064 823 1177 898 laxare,
1190 827 1344 885 incorrecti
1359 829 1467 886 vivere.
1484 827 1640 900 Sequitur:
1664 831 1697 882 lit
1713 827 1755 881 sic
1771 827 1802 880 ia
1815 831 1894 881 tenc-

183 919 227 973 tra
250 917 407 974 haereticos
430 920 576 976 sententia
588 921 745 993 promitur,
763 919 889 990 dignum
906 921 959 988 est,
981 921 1013 973 ut
1065 912 1126 969 bris
1140 919 1228 987 quasi
1251 919 1283 974 ia
1299 920 1412 976 lumine
1426 919 1594 976 ambutant.
1610 945 1646 956 -
1659 914 1811 970 Perverse
1836 919 1893 970 ete-

179 1007 235 1064 hoc
251 1007 336 1080 quod
350 1008 458 1065 dicitur
479 1010 604 1082 mystice
629 1009 780 1067 sentiatur.
803 1011 877 1065 Nam
901 1007 1010 1064 Paulus
1063 1003 1128 1060 nim
1140 1011 1255 1062 mentes
1275 1009 1408 1077 gaudent
1429 1008 1460 1064 in
1480 1005 1673 1072 facinoribus,
1694 1019 1748 1076 per
1771 1002 1893 1074 culpam

179 1095 236 1153 ait:
254 1119 270 1146 «
283 1100 346 1154 Non
360 1097 440 1154 enim
454 1114 559 1154 sumus
574 1098 649 1155 sicut
662 1097 794 1172 plurimi,
810 1096 1010 1154 adulterantes
1064 1107 1152 1148 suam
1164 1095 1297 1166 quotidie
1317 1096 1356 1152 ad
1371 1095 1552 1168 supplicium
1565 1094 1733 1158 trabuntur,
1749 1095 1778 1146 et
1796 1089 1893 1144 securi

176 1185 305 1244 verbum
332 1187 380 1243 Dei
406 1189 449 1257 (H
465 1189 535 1245 Gor,
553 1205 585 1258 u,
599 1191 652 1260 173,
670 1211 684 1238 n
706 1187 829 1244 Adulter
848 1185 959 1259 quippe
977 1185 1010 1241 in
1064 1187 1143 1238 suat.
1166 1185 1247 1241 Unde
1274 1190 1302 1242 et
1326 1203 1379 1258 per
1407 1186 1599 1242 Salomonem
1625 1182 1752 1239 dicitur:
1780 1199 1794 1232 a
1819 1181 1893 1235 Sunt

177 1274 291 1331 carnali
306 1275 386 1333 coitu
405 1293 466 1333 nou
483 1276 598 1350 prolem
614 1277 667 1333 sad
691 1277 878 1350 voluptatem
892 1274 1007 1347 quaerit,
1062 1272 1146 1346 impii
1157 1275 1209 1346 qui
1223 1275 1264 1331 ita
1277 1277 1373 1332 securi
1388 1280 1466 1346 sunt,
1483 1274 1571 1348 quasi
1583 1274 1734 1345 justorum
1749 1271 1827 1328 lacta
1840 1269 1892 1324 ha-

176 1368 204 1420 at
221 1379 381 1438 perversus
406 1366 535 1440 quisque
560 1381 595 1423 ac
619 1381 704 1423 vanae
732 1365 832 1436 gloria
864 1365 1007 1432 serviens,
1061 1359 1891 1437 beanttdccte.v1u,l4).»Usquibusrursumscriptum

174 1458 252 1510 recte
267 1453 435 1511 adulterare
450 1455 577 1512 verbum
591 1456 641 1512 Uei
656 1454 771 1523 dicitur,
788 1453 860 1528 qaia
877 1468 939 1509 non
955 1467 1008 1525 per
1061 1453 1123 1505 est:
1141 1451 1344 1516 Quilaetantur
1358 1469 1428 1508 cum
1442 1449 1656 1517 malefacerint,
1672 1453 1701 1506 et
1715 1446 1890 1504 exultantia
1952 1473 1959 1480 -

175 1559 297 1600 sacrum
314 1544 468 1618 eloquium
482 1546 513 1601 in
529 1547 589 1602 Deo
603 1545 681 1601 filios
699 1545 829 1616 gignere,
846 1542 900 1599 sed
919 1557 1007 1598 suam
1060 1539 1150 1595 rebus
1164 1541 1302 1612 pessimis
1318 1544 1419 1612 (Pron,
1436 1558 1466 1609 u,
1484 1541 1537 1612 tl).
1561 1563 1575 1590 »
1588 1537 1750 1611 Stellaque
1765 1539 1798 1592 in
1810 1543 1889 1592 tene-

173 1631 328 1689 scientiam
345 1632 493 1690 desiderat
516 1637 674 1691 ostentare.
688 1635 782 1700 Quem
795 1631 889 1688 libido
905 1631 1005 1702 glorim
1024 1643 1045 1698 g
1061 1629 1222 1701 nunquan·
1235 1632 1265 1686 iu
1282 1632 1347 1687 tuce
1361 1632 1529 1699 ambutant,
1552 1627 1625 1700 quia
1647 1627 1688 1684 ita
1705 1625 1839 1695 gaudent
1858 1625 1889 1680 in

173 1720 212 1776 ad
225 1719 412 1793 loquendum
425 1723 524 1786 trabit,
542 1722 686 1797 voluptati
697 1721 795 1792 magis
809 1737 903 1794 quam
914 1735 1004 1790 gene·
1058 1722 1144 1774 nocte
1159 1719 1283 1791 peccati,
1295 1735 1330 1776 ac
1345 1721 1369 1776 si
1383 1735 1434 1775 eos
1444 1719 1494 1775 lux
1503 1716 1625 1789 iustitia
1635 1714 1886 1771 circumfundant.

172 1810 421 1883 rationi'operam
435 1810 592 1884 impendit.
610 1811 666 1868 Ubi
678 1815 747 1884 apto
762 1809 918 1866 subditur:
934 1811 1003 1866 Non
1056 1807 1106 1864 Vel
1116 1803 1889 1883 certe,quiatenebraevitamprmscntemnonincon-

171 1913 219 1954 me
244 1899 354 1955 videdit
384 1901 499 1968 oculus,
527 1899 600 1972 quia
632 1899 813 1956 adulterium
852 1898 936 1971 quod
970 1897 1002 1954 in
1055 1896 1207 1953 venientar
1231 1898 1412 1970 exprimunt,
1436 1897 1467 1952 in
1488 1911 1549 1969 qua
1570 1892 1676 1952 alianae
1697 1891 1885 1949 conscientiae

172 1991 272 2044 mente
301 1987 408 2057 agitur,
436 1987 525 2044 valde
549 1989 669 2045 difficile
695 1993 751 2060 est,
780 1993 811 2045 ut
838 1989 877 2044 ab
897 1987 1003 2044 buma-
1055 1999 1117 2042 non
1133 1987 1278 2054 videntur,
1295 1986 1347 2042 lux
1355 2003 1427 2043 vero
1441 1991 1544 2043 nostra
1555 1983 1654 2058 patin
1666 1986 1777 2040 aterna
1789 1987 1842 2050 est,
1854 1981 1886 2038 in

172 2091 214 2132 no
237 2076 305 2132 visu
327 2079 506 2148 penetretur.
533 2077 619 2143 Quod
647 2093 789 2150 perversa
811 2093 898 2132 mens
920 2081 1001 2134 tanto
1056 2089 1117 2146 qua
1144 2075 1218 2131 dum
1242 2076 1343 2132 vultus
1369 2075 1582 2149 prospicimus,
1605 2073 1700 2131 corda
1726 2078 1830 2128 nostra
1853 2071 1885 2128 in

173 2165 307 2220 securius
330 2169 494 2239 perpetrat,
515 2171 630 2240 quanto
655 2183 687 2222 se
712 2165 751 2223 ab
773 2165 947 2222 hominibus
959 2166 1001 2222 vi·
1054 2160 1884 2236 nobisnssicimvidemus.1niquiauumquiavitam
1928 2211 1932 2220 ,

170 2252 235 2308 deri
261 2268 322 2309 non
345 2254 460 2322 metuit,
486 2271 564 2328 quos
587 2256 751 2312 erubescat.
779 2255 935 2328 Sequitur:
960 2256 999 2311 Ει
1054 2256 1232 2323 praesentem
1246 2255 1287 2310 ita
1300 2252 1439 2324 diligunt,
1455 2257 1546 2325 atque
1561 2253 1624 2308 baec
1636 2249 1732 2306 exsilii
1747 2255 1884 2322 tempora

169 2341 281 2410 aperiet
306 2342 423 2398 uultum
448 2359 544 2399 suam.
572 2375 606 2383 —
632 2344 743 2400 Idcirco
765 2342 859 2416 operit
883 2343 999 2399 adulter
1052 2341 1301 2415 complectuntur,
1323 2358 1359 2399 ao
1374 2342 1400 2399 si
1412 2343 1477 2414 jam
1497 2342 1528 2398 in
1544 2340 1642 2414 patria
1655 2343 1791 2410 regnent,
1804 2343 1882 2394 recte

168 2428 276 2485 taciem
299 2445 387 2486 suam
409 2446 446 2486 ns
470 2437 679 2503 cognoscatur.
703 2433 806 2491 Omnis
830 2437 929 2489 autem
944 2433 997 2506 qui
1051 2431 1176 2488 dicitur:
1205 2432 1256 2488 Sic
1279 2435 1310 2488 iu
1326 2432 1465 2504 tenebras,
1478 2433 1566 2502 quusi
1579 2432 1611 2486 iu
1633 2429 1881 2486 tacearatrutant.

168 2518 325 2576 sentiendo
337 2520 384 2577 vel
398 2521 517 2592 agendo
532 2523 668 2595 nequiter
680 2523 762 2593 vivit,
772 2523 867 2596 operit
878 2521 995 2579 vultum
1051 2521 1208 2593 Sequitur:

167 2624 268 2680 suum,
302 2611 374 2682 quia
397 2610 436 2666 ad
462 2611 519 2668 hoc
551 2612 745 2684 perversitate
775 2612 925 2682 dogmatis
949 2612 995 2669 vel
1084 2612 1170 2667 vnns.
1185 2613 1226 2666 18.
1241 2612 1326 2668 Lacu
1340 2617 1383 2668 est
1396 2611 1611 2681 supersectam
1626 2611 1797 2682 aqua—A
1812 2609 1879 2683 plu-

165 2697 265 2769 operis
282 2697 386 2768 tendit,
403 2703 435 2756 ut
459 2699 498 2756 ab
519 2701 723 2774 omnipotente
747 2703 807 2757 er
828 2701 859 2756 in
880 2701 994 2771 judicio
1048 2698 1103 2754 ruli
1116 2715 1243 2756 numero
1269 2700 1309 2757 ad
1324 2701 1508 2771 singularem
1528 2699 1613 2769 redit,
1634 2699 1686 2772 qui
1700 2699 1879 2773 plerumque

166 2787 342 2857 recognosci
374 2803 437 2844 non
464 2789 569 2862 possit.
606 2789 687 2846 Unde
715 2789 747 2845 in
776 2788 836 2845 fine
868 2790 994 2862 quibus·
1050 2803 1128 2843 unus
1142 2788 1367 2858 malainohoat,
1381 2795 1410 2846 et
1430 2789 1577 2846 imitando
1591 2788 1879 2862 multisubsequun-

164 2873 235 2932 dam
249 2875 386 2932 dicturus
400 2881 462 2934 est:
477 2899 492 2927 u
508 2881 669 2951 Nunquam
683 2878 754 2934 novi
768 2895 832 2935 vos.
850 2878 994 2935 Discedite
1049 2879 1112 2932 tur:
1128 2877 1181 2932 sed
1196 2879 1261 2948 ejus
1276 2878 1477 2952 principaliter
1491 2878 1581 2950 culpa
1595 2889 1648 2949 est,
1662 2879 1715 2950 qui
1729 2879 1877 2950 perversis

163 2979 181 3020 a
211 2981 273 3032 me,
296 2966 349 3039 qui
380 2966 547 3039 operamini
576 2967 763 3040 iniquitatem
789 2966 909 3039 (Mutila.
940 2984 992 3038 vu,
1009 2991 1030 3046 0
1049 2967 1243 3038 sequentibus
1257 2967 1396 3040 exempla
1410 2967 1538 3040 praebuit
1550 2965 1723 3038 iniquitatis.
1741 2967 1823 3022 Unde
1838 2967 1878 3022 acl

162 3055 215 3126 23).
228 3078 243 3106 »
259 3054 339 3121 Quid
355 3059 457 3112 autem
477 3056 576 3112 vultus
599 3056 697 3113 cordis
719 3057 846 3112 humani
867 3060 911 3113 est
934 3056 993 3112 nisi
1047 3054 1132 3111 illum
1145 3055 1220 3112 redit
1232 3056 1337 3112 crebro
1356 3057 1512 3124 sententia,
1532 3055 1585 3128 qui
1598 3059 1703 3110 auctor
1724 3056 1833 3110 exstitit
1846 3056 1877 3110 in

162 3143 329 3200 similitudo
351 3143 424 3200 Uai‘l
438 3161 531 3217 quem
545 3144 682 3201 videlicet
702 3144 819 3202 vultum
833 3161 992 3220 perversus
1047 3144 1145 3218 calpa.
1169 3147 1262 3218 Aquae
1278 3151 1379 3203 autem
1394 3144 1568 3220 superficies
1581 3143 1642 3199 buc
1655 3142 1784 3215 ichque
1803 3159 1877 3200 aura

161 3233 266 3306 operit,
288 3235 321 3289 ut
344 3233 485 3304 cognosci
500 3235 613 3292 nesciat
629 3250 698 3291 cum
720 3234 813 3291 vitam
833 3251 930 3306 suam,
944 3233 993 3291 vel
1045 3235 1217 3310 impellitur,
1239 3237 1371 3294 utnulla
1392 3235 1549 3294 stabilitate
1574 3233 1702 3292 solidata
1726 3239 1875 3290 movetur.

160 3323 248 3380 malis
274 3321 401 3392 actibus,
428 3321 474 3378 vel
500 3323 635 3396 pertidia
658 3339 757 3380 erroro
784 3323 916 3381 confidit.
940 3326 990 3382 Se·
1045 3325 1140 3399 iniqui
1156 3326 1245 3397 igitar
1266 3343 1352 3383 mans
1376 3325 1445 3399 plus
1471 3341 1565 3398 quain
1590 3339 1678 3396 aqum
1701 3322 1874 3396 superficies

160 3413 277 3486 quitur:
1043 3415 1183 3487 levisssest
1206 3419 1278 3490 quia
1301 3415 1468 3490 quamlibet
1494 3415 1574 3470 hauc
1601 3429 1676 3472 aura
1703 3413 1874 3471 tentationis

194 3504 282 3560 Vrns.
301 3507 343 3559 ld.
359 3504 498 3575 Perfudit
512 3504 684 3561 intenebris
699 3505 990 3561 domonstratindie
1044 3507 1182 3580 attigerit,
1198 3507 1261 3564 sine
1276 3507 1413 3564 tarditate
1429 3506 1527 3580 aliqua
1542 3503 1759 3562 retractationis
1775 3505 1871 3560 trabit.

160 3595 360 3652 condixerant
376 3595 435 3651 sibi
457 3601 484 3651 et
498 3596 714 3666 ignoraverunt
730 3596 835 3652 lucem.
846 3626 881 3636 -
897 3593 988 3661 Quid·
1045 3596 1072 3653 Si
1083 3598 1163 3654 enim
1178 3614 1230 3654 cor
1243 3597 1360 3653 fluxum
1371 3595 1529 3668 cujuslibet
1549 3594 1679 3666 peruersi
1693 3593 1870 3666 cogitamus,

158 3699 229 3740 nam
244 3683 379 3741 hocloco
396 3685 557 3742 domorum
577 3683 710 3754 nomiae,
726 3683 783 3739 nisi
797 3683 988 3741 conscientia
1042 3686 1116 3761 qaid
1130 3687 1211 3744 aliud
1225 3704 1319 3761 quam
1333 3688 1364 3743 in
1379 3691 1468 3742 vento
1487 3686 1619 3759 panum
1638 3701 1725 3758 aquae
1745 3687 1870 3758 superli-

158 3773 366 3844 designantur,
387 3774 418 3830 in
442 3773 554 3846 quibus
577 3773 751 3830 habitamus
771 3774 987 3831 contractando
1041 3779 1117 3834 ciem
1138 3778 1297 3835 cernimus.
1311 3777 1466 3848 Sequitur:
1483 3776 1647 3832 dtu-luliaco
1660 3777 1784 3845 sirpus
1807 3778 1870 3845 ejus

156 3862 232 3935 quid
248 3863 391 3932 agimus?
406 3861 623 3934 Undequidam
639 3862 987 3920 sanatodiclturnvade
1041 3870 1073 3924 iu
1101 3874 1194 3934 terra,
1222 3881 1276 3923 nec
1300 3867 1433 3922 ambulet
1459 3879 1515 3933 per
1539 3864 1618 3920 :viarm
1646 3865 1812 3921 vinearum.
1836 3896 1870 3906 -

155 3951 187 4006 in
202 3951 332 4006 domum
346 3954 430 4006 tuam
444 3948 484 4006 ad
498 3954 575 4018 tuos,
592 3954 620 4006 et
634 3952 781 4006 annuntia
803 3951 860 4006 illis
872 3956 987 4024 quanta
1041 3957 1181 4030 Quisquis
1200 3957 1230 4012 in
1255 3955 1317 4012 vita
1340 3953 1479 4028 praesenti
1496 3957 1577 4008 roua
1601 3953 1673 4022 agit,
1696 3957 1725 4008 et
1742 3954 1870 4011 advorsa

155 4040 212 4095 tibi
228 4038 374 4094 Dominus
396 4038 496 4095 iecerit
510 4040 617 4110 (Marc.
635 4057 665 4104 v,
684 4040 737 4111 19).
755 4063 768 4090 a
782 4041 872 4096 tastis
884 4041 986 4112 itaque
1041 4046 1176 4116 sustinet,
1190 4044 1328 4100 laborare
1338 4043 1462 4116 quidem
1473 4038 1652 4096 adversitate
1660 4041 1800 4108 cernitur,
1817 4043 1870 4098 sad

155 4143 229 4184 cum
242 4127 273 4183 in
286 4127 425 4200 prasenti
445 4127 554 4184 saeuo
570 4127 629 4184 diei
651 4127 865 4200 prosperitates
880 4128 986 4185 clares·
1040 4135 1080 4194 ad
1103 4133 1342 4191 benedictionem
1370 4127 1550 4187 narentur.
1565 4137 1718 4202 perpetua
1731 4145 1870 4187 consum-

155 4221 237 4286 cunt,
269 4215 311 4274 eis
348 4232 483 4272 errorum
516 4216 654 4286 magistri
682 4231 824 4290 perversa
858 4217 985 4275 suadere
1040 4229 1149 4282 matur.
1175 4221 1316 4295 Quisquis
1348 4235 1420 4276 vero
1455 4227 1598 4292 perversa
1621 4217 1692 4290 agit,
1714 4221 1743 4274 et
1766 4221 1868 4274 tamen

154 4310 302 4376 metuunt,
336 4306 389 4362 sed
421 4305 545 4362 consilia
581 4305 753 4380 exquirunt.
786 4305 984 4378 deJectionem
999 4343 1021 4398 D
1039 4327 1184 4387 prospera
1198 4310 1310 4384 recipit,
1327 4325 1419 4383 saque
1434 4325 1452 4365 a
1467 4307 1555 4365 malis
1571 4307 1756 4365 actibusnec
1770 4308 1866 4365 dono-

153 4395 361 4468 prosperitatis
375 4410 480 4451 eorum
496 4411 687 4468 summopere
711 4395 932 4468 praestolantur,
953 4401 984 4454 ut
1037 4420 1105 4459 rum
1120 4399 1440 4473 largitatecompescit,
1460 4398 1631 4474 prosperari
1646 4399 1770 4472 quidem
1786 4415 1866 4455 com-

153 4485 184 4541 in
197 4485 386 4542 adversitatis
408 4483 548 4553 tenebris,
573 4501 678 4540 eorum
697 4491 814 4540 mentes
836 4487 982 4544 suadeam
1035 4493 1174 4566 pascitur,
1192 4491 1246 4548 scd
1259 4494 1343 4548 reatu
1355 4495 1505 4564 perpetuae
1516 4488 1733 4546 maledictionis
1744 4489 1863 4560 ligatur.

152 4575 332 4646 perfodiant,
359 4574 471 4648 quibus
494 4589 637 4647 prospere
652 4574 821 4631 viventibus
842 4591 982 4648 perversa
1035 4583 1090 4639 Via
1102 4597 1235 4655 namque
1249 4581 1418 4653 vinearum,
1433 4578 1579 4636 rectitudo
1595 4581 1639 4636 est
1652 4578 1862 4635 Ecclesiarum.

152 4662 232 4738 loqui
246 4664 371 4720 minime
391 4663 554 4733 audebant,
569 4679 647 4737 quos
662 4679 734 4720 mox
759 4665 833 4721 utin
848 4665 981 4723 adversi·
1035 4671 1186 4738 Quainre
1201 4669 1403 4726 siveharetici
1417 4685 1487 4725 cum
1506 4684 1560 4724 sou
1581 4667 1734 4724 omnalem
1756 4681 1862 4738 quem-

153 4757 209 4811 tate
220 4753 358 4822 viderint,
370 4757 533 4822 exsurgant
547 4757 576 4809 et
586 4769 648 4810 non
661 4753 718 4809 nisi
738 4769 775 4810 ex
786 4755 901 4826 peecati
916 4773 979 4812 me·
1033 4759 1116 4832 piam
1128 4757 1169 4815 nil
1183 4757 1284 4815 obstat
1297 4755 1429 4829 intelligi,
1440 4757 1513 4829 quia
1524 4755 1574 4812 via
1595 4755 1762 4822 vinearum,
1774 4754 1804 4810 id
1819 4759 1863 4811 ast

152 4841 205 4898 rito
224 4841 298 4900 talia
318 4841 384 4898 illos
406 4841 521 4914 perpeti
544 4846 702 4910 asserunt;
727 4845 801 4916 quia
823 4846 979 4916 presentis
1033 4847 1179 4904 rectitudo
1211 4844 1406 4902 ecclesiarum
1431 4843 1584 4914 amittitur,
1609 4843 1684 4900 dum
1715 4843 1761 4900 vel
1785 4843 1861 4902 tides

152 4929 216 4986 vitoe
232 4929 330 4988 solum
346 4929 473 5001 gloriam
493 4929 660 5001 diligentes,
676 4929 830 5002 flagellum
851 4931 979 4994 damna·
1033 4939 1112 4992 recta
1120 4935 1165 4991 vel
1175 4932 1448 5006 rectitudojustltiae
1459 4949 1518 4990 non
1530 4935 1656 4991 tenetur.
1667 4931 1717 4990 llle
1727 4949 1860 5006 namque

153 5017 261 5076 donem
270 5023 387 5092 putant.
404 5017 576 5075 intenebris
592 5034 662 5088 ergo
677 5019 785 5075 domos
796 5020 977 5094 perfodiunt,
1032 5041 1087 5096 per
1101 5025 1180 5081 uiam
1195 5025 1351 5080 musarum
1366 5023 1510 5093 ambulat,
1535 5023 1588 5098 qui
1609 5028 1719 5082 sanctae
1744 5023 1859 5080 aniver-

152 5109 221 5180 quia
235 5109 386 5167 bonorum
400 5113 516 5165 mentes
532 5124 569 5166 ex
583 5109 650 5180 ipsa
663 5125 769 5166 eorum
785 5125 978 5185 corrumpere
1033 5113 1104 5172 salis
1124 5111 1261 5169 Ecclesiae
1284 5112 1528 5186 praedicationem
1549 5127 1692 5187 pensans,
1713 5127 1811 5184 neque
1841 5123 1859 5162 a

152 5197 327 5256 adversitate
338 5197 516 5276 moliuntur.
534 5199 689 5272 Sequitur:
883 5211 886 5218 ’
1030 5201 1111 5274 fidei,
1126 5217 1225 5276 neque
1242 5217 1261 5260 a
1280 5201 1432 5259 bonorum
1446 5207 1569 5261 actuum
1582 5199 1757 5259 rectitudine
1767 5195 1857 5250 decli-

185 5289 270 5345 Vrns.
286 5293 327 5344 lt.
344 5290 379 5346 Si
391 5289 488 5344 subito
503 5290 680 5358 apparuerit
691 5304 814 5356 aurora,
827 5290 977 5349 arbitrari·
1030 5295 1091 5349 nat.
1111 5291 1270 5364 Sequitur:

153 5381 201 5432 tur
214 5379 351 5451 umbram
366 5379 481 5434 mortis.
497 5407 531 5416 -
546 5379 662 5433 Aurora
676 5378 789 5450 quippe
803 5395 890 5435 mens
904 5382 976 5452 iusti
1067 5383 1148 5438 Vens.
1163 5385 1204 5437 19.
1218 5381 1400 5438 Auriniam
1416 5384 1546 5439 calorem
1564 5377 1699 5432 transeat
1718 5373 1756 5428 ab
1771 5375 1856 5446 aquis

152 5470 204 5535 est,
219 5483 286 5540 quae
300 5466 416 5541 peccati
429 5465 475 5520 sui
499 5465 638 5521 tenebras
657 5466 809 5536 deserens,
823 5468 862 5525 ad
877 5467 975 5528 lucem
1029 5474 1154 5529 nivium.
1170 5503 1204 5511 -
1229 5469 1339 5527 idcirco
1360 5469 1501 5540 iniqnitas
1526 5461 1627 5532 trigoni
1652 5469 1854 5536 comparatur,

150 5553 211 5625 jam
237 5555 366 5630 erumpit
387 5553 569 5622 aeternitatis,
593 5554 669 5612 siout
691 5555 728 5612 de
753 5560 839 5614 santa
854 5573 975 5634 quoque
1029 5561 1102 5635 quia
1116 5560 1282 5634 peccatoris
1295 5563 1428 5615 mentem
1443 5558 1561 5624 torpore
1577 5551 1760 5622 constringit.
1772 5553 1854 5607 Unde

152 5641 281 5702 Ecclesia
302 5643 459 5702 dirimit«
477 5643 547 5709 Qus
566 5642 682 5701 estista
695 5659 763 5716 quaa
785 5647 975 5718 progreditur
1018 5651 1244 5724 scriptumest:
1260 5639 1852 5713 aSicutirigidamlacitcistemaaqaam
1889 5665 1892 5682 2
