4120 6154
97 189 143 260 rto
463 157 1380 260 'arnouauoraamns'caac.ineos.-amxxvr.

1748 199 1802 256 tto

96 323 162 382 stiae
185 320 406 394 scriptumest:
428 344 442 373 ιι
455 322 621 380 llumiliastt
639 339 695 381 nos
716 323 828 380 intono
842 321 918 380 atili·
934 323 959 378 A
1009 327 1093 383 vrrs.
1112 327 1153 384 te.
1170 291 1368 384 simulatores
1383 331 1411 382 et
1426 324 1533 382 cnidda·
1544 328 1709 396 moerent
1723 309 1802 382 irum

96 412 194 470 ottonis
211 413 273 480 (Ps.
287 427 361 480 ιιιιι,
377 413 451 472 not.»
464 413 620 486 Sequitur:

128 503 214 559 Vens.
231 503 257 571 8,
273 505 299 558 e.
315 501 364 574 Et,
379 504 406 558 si
416 501 533 573 suerint
548 497 579 559 irt
595 497 719 571 rotenis,
736 501 763 560 et
783 495 918 560 cineiatt·

97 595 144 648 tter
156 587 276 652 inuidos
288 593 486 663 paupertatis,
497 593 643 650 indicabit
654 593 695 650 eis
705 608 796 664 opero
806 607 918 662 eorum,

97 687 122 739 rt
134 680 242 737 scetere
257 695 369 750 eorum
385 681 457 754 quia
473 682 599 738 violenti
608 683 744 752 fumat.
754 713 789 723 -—
802 682 919 738 ostense

96 765 277 840 obligationis
297 773 375 838 sunt,
391 769 457 843 ipsa
482 771 581 828 adhuc
602 771 726 829 retentio
749 770 919 845 peregrina·

95 858 185 916 tionis.
203 858 338 928 ligatum
363 874 394 915 se
416 859 464 916 his
487 859 599 917 catenis
623 861 732 918 Paulus
752 864 919 934 aspexerat,

96 965 158 1005 cum
182 946 320 1004 dicebat:
344 969 358 998 ι
371 949 556 1006 desiderium
584 949 700 1007 habens
728 949 862 1019 dissolvi,
892 953 920 1006 et

94 1051 156 1093 cum
169 1034 288 1093 christo
303 1051 367 1092 esse
381 1035 508 1109 (Philip.
523 1053 542 1108 1,
559 1041 632 1110 iat»
648 1037 831 1112 paupertatis
841 1035 918 1094 luni-

91 1123 143 1180 bus
164 1121 280 1180 victum
296 1139 327 1180 se
347 1139 412 1180 esse
430 1125 581 1195 cernebat,
596 1126 721 1200 quando
735 1139 822 1182 veras
844 1123 918 1181 dirl-

90 1213 140 1270 tias
153 1213 286 1283 intuens,
300 1227 351 1269 aas
364 1213 455 1270 etiam
466 1213 620 1288 disctpulis
631 1207 785 1286 exorabat,
798 1213 917 1270 dicens:

89 1327 102 1354 a
116 1303 147 1360 tlt
160 1301 265 1359 sciatis
277 1317 345 1376 qnae
361 1301 397 1358 sit
410 1317 478 1376 spes
493 1303 658 1360 vocationis
674 1305 750 1375 eius,
764 1319 831 1378 quse
846 1303 920 1359 divi-

91 1391 134 1449 tia
158 1390 260 1462 gloriae
284 1390 464 1448 hereditatis
479 1392 544 1463 ejus
570 1391 600 1448 in
624 1392 734 1450 sanctis
759 1392 880 1464 (aptes.
896 1409 916 1460 t,

971 416 1035 472 liei.
1047 437 1082 456 -ι
1096 415 1170 472 Cum
1181 413 1371 472 simulatores
1381 413 1501 483 diceret,
1518 417 1588 488 apte
1600 412 1766 486 subjunxit,
1774 417 1802 470 et

972 497 1171 577 edidicitque
1186 501 1243 559 nisi
1259 495 1379 574 ingenio
1394 501 1530 571 calleant,
1546 502 1630 576 quod
1643 496 1737 560 videri
1753 509 1804 575 ap

972 597 1087 667 petttnt,
1102 607 1233 664 congrue
1247 591 1389 650 simulare
1404 606 1465 648 non
1480 595 1617 664 possunt.
1636 591 1712 650 Sunt
1722 581 1803 648 euim

972 681 1117 738 nonnulla
1131 681 1209 738 vitica
1222 697 1290 756 quae
1300 681 1390 738 etiam
1402 695 1420 737 a
1432 695 1523 738 sensu
1535 679 1718 737 tardioribus
1733 679 1803 737 iaci·

971 770 999 828 la
1026 773 1245 846 perpetrantur.
1274 769 1406 830 Elationa
1433 783 1567 843 namque
1594 769 1802 838 intumescere,

972 861 1104 918 avaritiae
1112 859 1236 917 restibus
1247 859 1372 932 inhiare,
1381 859 1507 916 luxurias
1520 855 1653 932 pulsanti
1664 872 1803 914 succum·

971 946 1041 1004 bere
1056 949 1146 1008 etiam
1171 949 1297 1022 quilibet
1320 947 1445 1006 obtusus
1467 951 1578 1022 potest.
1602 945 1804 1005 simulationis

972 1049 1042 1093 vero
1056 1033 1214 1094 salsitatem
1229 1030 1361 1111 exsequi,
1377 1035 1434 1094 nisi
1453 1034 1520 1110 quis
1543 1033 1749 1092 subtilioribus
1761 1031 1804 1090 in·

972 1125 1051 1196 genii
1065 1125 1162 1193 luerit,
1176 1139 1238 1183 non
1252 1129 1358 1200 potest.
1375 1124 1516 1199 Quisquis
1528 1123 1609 1182 enim
1622 1121 1689 1181 talis
1702 1117 1805 1188 estad

972 1213 1170 1272 custodienda
1192 1214 1326 1272 videlicet
1338 1215 1411 1284 duo,
1428 1211 1571 1271 continua
1594 1209 1805 1268 observatione

971 1302 1124 1374 dividitur,
1140 1309 1172 1360 nt
1185 1303 1290 1360 callide
1305 1304 1420 1361 noverit
1440 1306 1469 1360 et
1489 1297 1638 1359 occultare
1652 1291 1736 1374 quod
1749 1297 1818 1382 est,

972 1396 1001 1450 et
1013 1397 1160 1450 ostentare
1175 1393 1258 1467 quod
1274 1409 1336 1450 non
1350 1397 1403 1450 est.
1418 1396 1496 1450 tram
1507 1391 1620 1466 quippe
1634 1389 1685 1447 Dei
1698 1384 1806 1445 mereri

94 1481 161 1553 itt.»
177 1482 257 1536 Bene
269 1484 369 1536 autem
384 1483 454 1553 post
466 1480 523 1538 ista
543 1480 699 1539 subditur:
716 1482 866 1539 iudicauit
877 1481 918 1538 eis
971 1486 1025 1550 est,
1041 1481 1131 1539 etiam
1146 1481 1308 1540 nesciendo
1321 1497 1463 1556 peccare:
1479 1494 1643 1556 provocare
1662 1489 1735 1535 vero
1749 1479 1805 1540 est,

92 1585 179 1638 opero
194 1583 308 1636 eorum,
323 1569 394 1642 quic
405 1570 529 1626 violenti
539 1570 676 1640 sumunt.
688 1571 764 1627 Cum
777 1569 858 1626 enim
871 1585 919 1626 su·
972 1571 1123 1628 mandatis
1146 1570 1225 1627 illius
1249 1570 1372 1628 sciendo
1387 1569 1554 1639 conbaire3
1581 1567 1657 1625 scire
1676 1565 1804 1635 bonum,

90 1675 214 1733 pernam
229 1659 355 1731 gloriam
366 1659 462 1730 magis
476 1661 609 1717 amando
622 1661 918 1732 cognoscimus‚tunc
933 1674 954 1732 g
972 1659 1025 1717 sed
1039 1659 1193 1735 despicere
1205 1679 1212 1730 ;
1229 1661 1326 1717 lacere
1337 1675 1438 1734 posse,
1451 1657 1505 1716 sad
1518 1673 1581 1714 non
1594 1655 1678 1714 velle.
1689 1657 1730 1711 De
1738 1654 1806 1729 qui-

90 1749 178 1818 mala,
191 1765 260 1823 quae
275 1749 402 1820 egimus,
418 1750 556 1821 graviora
576 1750 667 1807 luisse
692 1751 846 1807 sentimus.
864 1751 919 1808 Un·
971 1749 1030 1806 hus
1048 1765 1122 1806 voce
1144 1749 1298 1807 hominioa
1312 1747 1435 1806 dicitur:
1452 1749 1519 1805 «Vos
1531 1745 1634 1817 vohis,
1651 1743 1761 1802 Scribas
1778 1746 1807 1800 et

89 1839 125 1895 de
140 1843 168 1895 et
183 1837 291 1895 Paulus
304 1842 373 1912 post
381 1842 556 1912 perceptam
570 1839 919 1914 gratiamsuparnorum,
973 1838 1125 1909 Pharisaei,
1154 1837 1226 1912 quia
1253 1837 1365 1895 similes
1393 1836 1462 1894 estis
1487 1833 1631 1912 sepulcris
1658 1829 1806 1888 dealbatis

89 1943 124 1986 aa
145 1944 216 2001 qure
236 1928 268 1984 in
291 1943 322 1984 se
344 1927 443 1984 studia
465 1928 608 1984 virtutum
633 1927 800 1986 crediderat
817 1928 919 1996 luisse,
974 1927 1105 2000 (Matth,
1125 1943 1207 1991 xurr,
1222 1927 1304 2000 27)·”
1324 1927 1480 2000 Sequitur:
1506 1925 1609 1996 Neque
1631 1920 1807 1980 clamabunt

86 2016 151 2088 jam
167 2015 282 2072 scelera
303 2015 507 2086 cognoscebat
525 2016 646 2074 diceus:
670 2017 753 2084 «Qui
772 2017 855 2090 prius
878 2015 921 2073 fui
974 2031 1042 2073 cum
1055 2017 1148 2073 uincti
1156 2015 1321 2086 fuerim.-
1331 2015 1434 2073 Omnis
1450 2013 1581 2087 iniquus,
1593 2011 1657 2086 qui,
1673 2007 1807 2068 cumini-

87 2105 301 2178 hlasphemus,
314 2107 343 2159 et
365 2109 539 2176 persecutor
561 2109 590 2161 et
609 2105 853 2177 contumeliosus,
869 2103 922 2162 sed
974 2120 1054 2178 quus
1070 2103 1117 2168 sit,
1133 2108 1254 2161 sanctus
1269 2104 1363 2162 rideri
1378 2102 1500 2178 appetit,
1514 2103 1544 2159 in
1558 2099 1670 2172 flagelli
1685 2113 1807 2174 pereus-

89 2191 329 2250 misericordiam
342 2197 521 2249 consecutus
536 2209 614 2261 sum,
625 2194 698 2266 quia
712 2193 854 2265 ignorans
866 2193 923 2250 ieci
976 2193 1059 2251 sione
1073 2193 1288 2267 deprehensus,
1301 2193 1384 2250 lateri
1394 2191 1477 2266 qnod
1491 2189 1612 2266 iniquus
1627 2193 1672 2247 est
1684 2187 1806 2246 arubae·

86 2283 117 2339 in
132 2279 341 2337 incredulitate
357 2281 440 2352 (Tim.
456 2297 476 2350 1,
495 2283 568 2350 13).»
584 2279 633 2338 Vel
652 2287 738 2340 certe.
757 2305 771 2333 ι
784 2283 841 2340 Sed
853 2299 922 2356 qum
975 2284 1023 2340 cit.
1041 2282 1132 2350 Quasi
1146 2281 1230 2339 liberi
1243 2299 1316 2340 vero
1330 2299 1446 2352 sumus,
1463 2297 1532 2336 cum
1553 2279 1637 2336 nulle
1651 2276 1807 2334 correctio-

88 2367 163 2423 mihi
183 2367 304 2425 fuerunt
327 2367 421 2438 lucra,
442 2369 506 2426 haec
527 2369 688 2428 arbitratus
713 2387 781 2428 snm
800 2375 923 2446 propter
975 2388 1013 2430 ne
1028 2371 1227 2443 castigamur;
1244 2371 1333 2446 quasi
1348 2371 1514 2438 vincemur,
1528 2385 1599 2425 cum
1612 2365 1732 2438 flagello
1744 2379 1809 2438 per·

87 2457 239 2513 Christum
254 2457 432 2515 detrimenta
445 2459 571 2530 (Pitite'p.
589 2476 630 2531 ιιι,
646 2465 692 2516 7.»
709 2460 860 2534 Sequitur:
975 2460 1123 2518 sussionis
1136 2459 1338 2530 astringimur.
1349 2457 1631 2529 Vinctiigiturtanto
1641 2454 1808 2512 clamamus

122 2547 210 2603 vers.
229 2549 272 2602 to.
289 2546 440 2605 Reoetobil
450 2563 567 2622 quoque
580 2564 684 2606 uorem
696 2565 798 2607 eorum
813 2555 847 2606 ut
857 2565 921 2607 eor·
975 2549 1073 2621 altius,
1086 2553 1201 2623 quanto
1212 2549 1244 2606 in
1256 2547 1449 2623 percussione
1462 2547 1563 2622 positi,
1573 2546 1808 2620 peecatanostra

87 2637 190 2706 rtpict,
208 2641 237 2693 et
252 2637 433 2710 loqueturut
449 2643 642 2696 revertentur
654 2640 691 2696 ab
706 2640 873 2712 iniquitute.
885 2671 920 2682 -
974 2640 1111 2696 veracius
1122 2639 1310 2696 eonfitemur.
1322 2637 1514 2698 simulatores
1527 2636 1617 2694 etiam
1628 2630 1808 2708 deprehensi

87 2733 197 2783 turem
211 2725 343 2783 revelare
356 2731 401 2784 est
410 2726 592 2784 intellectum
603 2729 779 2800 cognitionis
794 2729 920 2802 aperire;
975 2727 1094 2800 flagello
1108 2725 1311 2802 percussionis
1326 2730 1478 2794 extremm,
1493 2725 1566 2800 quia
1586 2721 1807 2782 contessionem

86 2814 220 2872 revelata
235 2831 309 2872 vcro
324 2830 396 2872 aura
415 2815 625 2890 unusquisque
640 2817 808 2891 corripitur,
824 2833 921 2890 quen·
976 2832 1084 2889 puram
1100 2815 1145 2872 vel
1158 2815 1259 2872 afflicti
1283 2831 1419 2872 exercere
1433 2814 1598 2886 negligunt,
1613 2811 1704 2886 quasi
1715 2809 1807 2868 vineti

86 2905 126 2962 do
147 2905 332 2962 intrinsecus
356 2909 537 2962 aeternorum
565 2906 716 2963 bonorum
738 2907 921 2964 desiderium
977 2904 1108 2962 clamare
1118 2901 1473 2978 contemnunt,quamvis
1484 2900 1608 2972 intelligi
1619 2900 1710 2956 etiam
1725 2897 1809 2956 aliter

85 2995 224 3070 percipit.
241 2995 339 3052 Potest
349 3009 423 3051 vero
437 2993 469 3050 in
483 2995 595 3052 catenis
614 2999 643 3051 et
658 2994 780 3052 funibus
792 3012 921 3070 pauper·
938 3025 959 3082 C
975 2997 1081 3068 potest.
1098 2992 1201 3050 Omnis
1217 2993 1297 3049 enim
1309 2991 1371 3065 qui,
1386 3007 1456 3048 cum
1468 2989 1591 3063 iniquus
1604 2988 1651 3056 sit,
1667 2986 1727 3046 dici
1740 3001 1809 3045 san·

86 3084 162 3153 tatis,
179 3097 278 3160 poena
300 3083 389 3139 etiam
409 3083 581 3157 temporalis
603 3081 770 3142 afflictionis
788 3083 920 3157 intelligi.
977 3085 1042 3139 otus
1068 3081 1107 3138 ab
1127 3081 1302 3138 hominihus
1316 3095 1378 3136 non
1393 3077 1584 3154 pertimescit,
1599 3076 1655 3132 etsi
1669 3075 1809 3148 iniquum

84 3174 158 3240 Quia
174 3187 260 3246 saepe
280 3171 414 3242 iubentis
436 3171 530 3228 verba
553 3187 616 3229 non
640 3173 775 3242 audiunt,
793 3173 923 3230 ferientis
978 3187 1011 3228 se
1025 3170 1114 3227 tacita
1137 3168 1317 3239 cogitatione
1331 3165 1532 3242 reprehendit,
1547 3169 1649 3222 nmen
1664 3161 1740 3221 dum
1754 3177 1810 3218 sm·

85 3262 267 3320 verberibus·
284 3261 496 3330 admonentur,
505 3265 538 3318 ut
553 3261 592 3318 ad
607 3261 689 3319 hana
702 3261 923 3337 desideriapoe-
976 3261 1045 3336 pius
1059 3265 1209 3331 sanetum,
1224 3259 1328 3318 audire
1348 3274 1379 3315 se
1394 3256 1526 3335 coeperit,
1542 3256 1600 3313 hoc
1624 3253 1708 3330 quod
1723 3251 1761 3310 de
1777 3267 1810 3308 sa

82 3367 123 3409 na
143 3351 272 3410 trahant
286 3366 364 3424 quos
387 3349 511 3423 praemia
538 3365 599 3407 non
622 3351 757 3408 invitant.
776 3352 857 3409 [inda
870 3366 924 3424 per
976 3349 1154 3406 intrinsecus
1173 3347 1293 3405 tenebat
1316 3346 1432 3404 amittit.
1449 3345 1524 3402 itum
1540 3359 1612 3402 vero
1631 3341 1730 3402 subita
1744 3356 1811 3415 per·

82 3443 270 3518 Prophetam
285 3441 412 3498 dieitur:
438 3445 496 3498 «ln
518 3441 602 3499 ireno
625 3445 654 3499 et
677 3458 764 3499 camo
785 3441 923 3499 maxillas
977 3437 1115 3496 caesione
1136 3436 1291 3504 feriuntur,
1307 3435 1428 3510 iniquos
1449 3451 1481 3492 se
1494 3433 1541 3492 vel
1554 3432 1699 3491 veraciter
1713 3428 1809 3502 lateri,

83 3547 192 3589 eorum
215 3531 401 3602 constringe,
421 3530 475 3605 qui
497 3545 558 3588 non
591 3531 804 3606 approximant
828 3532 867 3588 au
895 3537 923 3589 te
978 3526 1025 3584 vel
1039 3525 1115 3582 sicut
1129 3529 1197 3582 sunt
1212 3523 1437 3598 deprehendere
1452 3523 1576 3580 omnino
1590 3536 1652 3578 non
1671 3521 1809 3595 possunt,

83 3619 178 3692 (Psct.
195 3635 280 3692 xxxi,
295 3621 350 3693 9).»
369 3619 524 3694 Sequitur:
977 3616 1050 3689 quia
1062 3613 1199 3670 videlicet
1212 3615 1333 3670 sanctos
1350 3627 1381 3669 se
1395 3611 1532 3668 humana
1546 3609 1732 3686 professione
1746 3621 1811 3664 ora·

116 3713 210 3767 veae.
230 3713 274 3766 tl.
290 3709 326 3766 Si
343 3709 494 3766 audierim
509 3714 538 3767 et
552 3709 784 3773 observaverint.
798 3712 924 3781 compte·
978 3703 1127 3760 diderunt.
1138 3701 1252 3770 Quibus
1264 3701 1341 3758 haue
1356 3716 1409 3775 par
1419 3700 1599 3774 prophetam
1614 3697 1723 3755 dicitur
1734 3713 1741 3754 :
1754 3696 1811 3752 lte·

83 3799 157 3856 bunt
173 3800 241 3856 dies
255 3813 323 3854 suos
337 3799 368 3853 in
385 3797 470 3864 bono,
482 3803 510 3855 et
524 3813 619 3854 annos
643 3813 710 3855 suos
723 3801 753 3855 in
765 3800 875 3874 qtorir.
889 3831 924 3840 -
978 3793 1049 3860 (tite,
1070 3791 1292 3865 predicatores,
1308 3787 1576 3861 [rraevaricatores]
1604 3787 1644 3844 ad
1664 3798 1717 3844 cor
1737 3783 1810 3858 (leo.

82 3889 136 3944 Per
149 3887 275 3944 bonum
291 3889 371 3942 recta
384 3883 486 3956 arctio,
497 3899 551 3958 per
566 3885 693 3956 gloriam
710 3902 779 3942 vero
794 3902 925 3960 superna
980 3895 1044 3944 ιιι,
1060 3881 1118 3947 8).»
1137 3875 1292 3950 Sequitur:
1539 3865 1545 3880 '

80 3975 246 4034 retributio
259 3973 441 4043 designatur.
459 3973 515 4039 Qui
529 3989 600 4044 ergo
624 3973 746 4032 oberlire
768 3974 924 4048 preceptis
1015 3969 1099 4022 tras.
1111 3968 1153 4022 tt.
1170 3965 1339 4021 Morientur
1349 3965 1383 4019 in
1393 3967 1566 4034 ternpestcte
1574 3963 1685 4018 anemae
1697 3973 1810 4017 eorum.

81 4063 263 4123 eoetesribus
290 4060 420 4128 student,
437 4062 498 4118 ores
519 4063 551 4118 tn
576 4063 650 4119 oeno
674 4063 925 4136 contemplantur,
981 4086 1016 4097 —
1030 4053 1119 4120 Quasi
1143 4051 1339 4124 tranquillum
1359 4065 1491 4124 namque
1506 4047 1687 4105 videbantur
1699 4045 1811 4116 vivere.

79 4167 183 4212 annos
201 4151 237 4206 in
252 4150 362 4221 plone,
373 4147 446 4222 quia
461 4153 489 4204 ct
501 4165 623 4206 cursum
639 4150 796 4223 presentis
812 4154 927 4224 tempo-
981 4159 1052 4202 cum
1075 4141 1113 4198 de
1136 4139 1299 4198 sanctitatis
1323 4142 1461 4195 curarent
1485 4137 1575 4194 laude
1595 4134 1737 4208 gaudere.
1754 4130 1813 4192 Sed

79 4243 120 4298 ris
142 4241 176 4298 in
193 4241 280 4296 reolo
294 4251 395 4310 opere,
411 4241 440 4294 et
451 4238 744 4294 consummationem
759 4254 846 4295 suam
861 4254 927 4312 per·
982 4235 1159 4306 tempestate
1172 4228 1271 4285 subita
1285 4243 1390 4284 eorum
1405 4227 1506 4284 anima
1521 4225 1655 4292 moritur,
1671 4238 1740 4298 quae
1754 4221 1812 4278 hu·

80 4331 191 4389 ficiunt
206 4327 287 4385 felici
301 4327 505 4384 retributione.
524 4327 663 4400 Sequitur
677 4345 684 4383 τ
982 4313 1081 4379 manee
1090 4319 1189 4378 laudis
1196 4317 1329 4392 pessima
1339 4315 1551 4390 tranquillitate
1560 4313 1727 4372 letabatur.
1739 4312 1811 4370 tiinc

115 4425 212 4478 Vens.
234 4417 410 4475 lustrem
431 4433 492 4474 noo
507 4417 670 4482 obtiniut,
687 4419 860 4475 transibunt
874 4434 930 4490 per
983 4411 1096 4488 quippe
1106 4425 1158 4467 eos
1168 4408 1255 4466 turbo
1266 4405 1448 4481 subitorapit
1458 4405 1669 4480 percussionis,
1677 4419 1756 4478 quos
1765 4419 1812 4461 ar·

81 4511 241 4582 qludium‚
257 4511 286 4563 et
310 4509 518 4563 consumenter
542 4506 574 4562 in
598 4507 740 4563 stultitia.
756 4537 791 4547 -
811 4507 884 4572 Quin
900 4497 931 4565 ei
982 4499 1120 4572 rogantia
1141 4497 1253 4556 extend
1277 4495 1386 4554 lavoris
1400 4495 1530 4564 estotim
1546 4497 1584 4562 et,
1596 4493 1671 4550 dum
1683 4491 1813 4568 ampleo

81 4598 224 4666 vindicta
237 4611 290 4652 eos
305 4595 334 4650 in
350 4593 541 4650 tribulatione
563 4593 699 4666 percutit,
714 4599 743 4650 et
758 4593 826 4651 finis
840 4595 870 4652 in
885 4595 928 4652 ia·
984 4595 1086 4648 tuntur
1098 4588 1129 4646 in
1143 4586 1232 4645 laude
1247 4585 1331 4661 quod
1351 4601 1414 4642 non
1428 4589 1507 4656 sunt,
1520 4587 1642 4656 repente
1655 4581 1814 4638 inveniunt

83 4687 189 4744 tuitate
221 4681 386 4741 concludit.
412 4685 487 4740 Sunt
515 4682 625 4740 etenim
651 4683 789 4740 nonnulli
811 4699 888 4758 quos
910 4700 928 4742 a
982 4679 1013 4735 iu
1028 4674 1317 4750 ultionequodsunt.
1330 4673 1484 4746 Sequitur:
1498 4671 1723 4728 litvitoeorum
1733 4670 1813 4724 inter

82 4776 212 4849 perditis
240 4771 379 4828 moribus
399 4787 454 4828 nee
477 4776 627 4830 tormenta
652 4777 861 4846 compescunt.
888 4777 928 4831 lie
983 4764 1242 4839 eliminatos-Si
1255 4763 1336 4820 enim
1351 4761 1467 4818 viriliter
1478 4759 1622 4824 viverent,
1630 4757 1697 4814 laus
1708 4754 1813 4814 hansi-

82 4864 200 4937 quibus
216 4877 275 4936 per
298 4851 477 4935 prophetam
502 4859 626 4916 dieitur:
651 4861 849 4917 «percussisti
864 4877 927 4933 eos,
983 4855 1059 4912 toria
1082 4853 1165 4910 nulla
1183 4867 1235 4908 aos
1259 4849 1449 4923 corruptione
1472 4847 1598 4905 vitiaret.
1612 4847 1648 4903 Ut
1660 4843 1698 4902 de
1713 4843 1813 4902 electis

83 4969 139 5009 nec
154 4952 334 5018 doluerunt,
342 4945 498 5020 flagellasti
512 4964 574 5019 eos,
584 4953 783 5006 etrenuerunt
797 4949 928 5024 suscipe·
983 4943 1129 5016 Propheta
1139 4937 1300 5014 persuadet
1311 4937 1431 4994 dicens:
1448 4958 1462 4986 «
1471 4935 1596 4992 Viriliter
1605 4933 1694 5006 agite,
1706 4937 1735 4991 et
1744 4949 1813 4990 oon·

83 5057 114 5098 ra
136 5038 338 5114 disciplinam
363 5037 446 5110 (der,
467 5053 497 5106 v,
519 5037 577 5109 3).»
606 5039 684 5094 Bene
712 5053 783 5108 ergo
808 5039 926 5110 dicitur,
983 5031 1106 5088 iortetur
1121 5043 1172 5085 cor
1186 5032 1318 5083 vestrum
1335 5025 1429 5098 (Psoi.
1445 5041 1512 5093 xxx,
1525 5029 1601 5092 25).»
1616 5023 1707 5096 Igitur
1721 5022 1814 5079 simu-

83 5130 168 5204 quod
182 5144 247 5202 per
267 5127 405 5200 etodium
428 5131 596 5192 transeunt,
612 5134 640 5184 et
654 5128 694 5200 (in
714 5130 845 5187 stultitia
861 5145 929 5186 eon·
982 5121 1112 5178 latorum
1125 5119 1186 5177 sita
1199 5119 1280 5173 inter
1293 5115 1476 5186 effeminatos
1488 5113 1624 5182 moritur,
1633 5113 1705 5187 quia
1714 5110 1813 5168 laudis

83 5216 272 5288 sumentur),
286 5216 358 5290 quia
379 5219 503 5290 peecata
525 5231 594 5290 quae
617 5215 742 5288 flagellis
766 5217 927 5273 emendare
982 5209 1101 5267 luxuria
1124 5211 1266 5280 corrupta
1288 5205 1442 5274 reperitur,
1458 5203 1650 5262 translatione
1669 5213 1738 5256 vero
1754 5195 1813 5294 alia

83 5307 275 5376 debuerant,
297 5301 422 5375 flagellis
445 5309 637 5375 exaggerant.
654 5309 685 5362 tit
709 5304 756 5360 hie
779 5305 842 5376 jam
863 5305 928 5377 ejus
982 5315 1044 5358 non
1058 5299 1195 5366 hahetur,
1208 5295 1267 5354 vita
1282 5311 1386 5353 eorum
1400 5296 1481 5352 inter
1493 5294 1687 5364 effeminatos,
1702 5283 1756 5340 sed
1769 5299 1812 5340 ιι-

84 5395 305 5470 percussiones
330 5394 470 5463 sentiunt,
486 5399 515 5450 et
534 5393 592 5450 illic
613 5395 700 5466 justis
728 5393 928 5450 retributionis
981 5394 1013 5448 ta
1024 5405 1129 5446 eorum
1141 5385 1363 5443 vulnereturah
1376 5383 1507 5454 angelis:
1523 5385 1684 5447 utrumque
1698 5377 1814 5446 nmen,

85 5483 244 5560 supplicia
267 5499 329 5539 non
353 5480 496 5548 evadunt,
516 5479 636 5538 fatuitas
664 5483 776 5556 quippe
799 5481 928 5540 stultitiae
982 5480 1034 5536 etsi
1049 5493 1187 5536 sermone
1201 5475 1360 5548 discrepat,
1378 5463 1673 5528 rationeoonoordat.
1687 5463 1814 5531 Ouiaet·

86 5580 142 5646 est,
157 5572 252 5647 quod
265 5571 330 5629 illas
346 5570 389 5628 sic
404 5569 545 5644 iniquitas
560 5569 683 5642 obligat,
698 5577 728 5629 ut
743 5588 762 5629 a
776 5571 928 5646 calpaeos
982 5569 1195 5628 seminatorum
1209 5567 1302 5622 vitam
1318 5559 1416 5631 angeli
1438 5556 1605 5622 retinerent,
1621 5554 1696 5611 dum
1715 5551 1813 5612 nuntii

84 5679 142 5721 nec
157 5676 261 5736 poena
274 5661 459 5734 compescat.
474 5658 630 5732 Sequitur:
981 5657 1112 5716 veritatis
1126 5671 1194 5713 eam
1212 5651 1321 5726 jaculis
1344 5650 1454 5704 sancte
1469 5641 1691 5718 predicationis
1712 5642 1813 5714 tmpus
1843 5713 1846 5720 Ι
