4154 6180
142 173 170 228 ιι
652 169 1352 241 cancerauma-nummus.ononis,
1858 205 1894 262 ιι

142 291 281 368 quodibi.
295 293 410 348 Datum
428 313 443 344 ιι
455 293 567 366 llojaco
590 292 660 350 villa
685 291 828 350 Kalendis
853 295 952 366 iuliis,
970 319 983 348 ιι
1001 299 1023 352 ιι
1041 295 1247 368 lugdunensi,
1264 301 1320 360 «in
1344 317 1416 372 egro
1441 307 1632 364 tarnatense.
1651 327 1666 360 ιι
1682 309 1761 371 Item
1791 321 1896 386 nigab

141 399 209 442 enno
221 381 308 453 regni
323 385 369 450 ιθ,
386 381 495 440 indict.
513 387 528 440 3
550 383 599 454 (an
613 385 670 450 ιι),
686 380 716 438 id
741 387 785 439 est
808 399 894 444 anno
919 387 981 444 eoi.
1039 384 1166 455 quidam
1191 389 1289 448 eidem
1315 393 1410 450 (isloni
1426 393 1478 454 dat
1492 410 1639 467 campum
1661 413 1733 456 eum
1761 405 1848 474 silva
1863 416 1894 476 in

140 477 215 530 inno
240 470 388 544 sequenti,
416 471 516 530 Berno
540 469 720 530 Madeoensis
743 472 921 548 episcopus,
938 491 984 534 ro·
1038 487 1118 545 page
1135 477 1342 550 Lugdunensi,
1360 482 1413 540 «in
1433 499 1506 554 agro
1521 486 1711 558 Tarnatansi,
1730 508 1747 544 e
1769 493 1807 560 in
1830 501 1890 560 flu,

140 567 220 634 ganta
233 560 454 618 archimbaldo
470 561 607 634 prealato,
623 561 654 618 id
667 563 719 628 eet,
735 565 906 636 praeposito
919 565 983 624 Clu·
1038 561 1251 624 llenedaliecc.
1279 590 1294 624 ιι
1315 573 1506 632 cornetum»
1532 572 1597 630 sina
1620 573 1714 634 dubio
1737 589 1807 647 erat
1833 588 1887 648 isle

139 651 276 712 nicaensis
288 649 434 722 coenobii,
447 653 477 706 et
488 650 705 720 Hildebnendo,
718 650 832 721 sedens
845 677 859 704 ι
871 655 902 714 in
914 671 982 712 con·
1036 649 1131 722 locus,
1157 655 1212 713 ubi
1236 659 1327 718 situm
1351 666 1415 718 erat
1438 663 1664 722 monasterium
1687 671 1883 748 Tarnaleme,

139 739 274 798 statoria»
298 739 385 810 juxta
410 738 574 798 ecclesiam
599 742 626 796 S.
648 739 795 798 vincentii
821 744 980 802 Matiscone
1035 741 1119 811 quod
1142 758 1251 812 omncs
1274 749 1460 808 contundere
1480 752 1580 810 solent
1602 769 1674 812 cum
1698 759 1880 826 agennensi,

139 857 149 880 ι
163 830 195 887 ad
208 829 313 886 divim
328 833 485 901 precepta
500 845 585 886 more
600 829 843 902 praecedentium
860 837 980 892 Patrem
1034 831 1070 884 it
1082 832 1245 892 Tannetum
1260 836 1344 896 istud
1359 839 1449 900 situm
1462 844 1507 898 esi
1520 841 1562 898 ad
1574 842 1759 904 Rhodanum
1770 849 1801 908 in
1814 867 1883 913 con-

136 917 336 985 dirimenda,»
352 918 504 974 concessit
517 918 649 976 dadmas
666 922 750 976 terne
760 920 802 978 de
820 922 979 980 Suluslna·
1035 917 1107 978 onio
1121 925 1193 995 pagi
1209 928 1420 996 Lugdunensis
1435 935 1463 990 et
1479 932 1671 1006 Viennensis,
1685 937 1778 1010 vulgo
1790 963 1804 991 ιι
1817 945 1881 1000 Tor.

136 1025 175 1076 ιο,
188 1023 281 1082 quarn
304 1006 453 1064 liedulfus
467 1023 519 1064 rex
533 1008 590 1064 reis
600 1007 735 1066 dederat.
755 1011 822 1068 Sub
838 1012 979 1070 eumdem
1033 1024 1105 1081 noy,
1131 1031 1145 1062 ιι
1178 1015 1231 1072 ubi
1258 1022 1305 1076 est
1332 1021 1424 1078 modo
1454 1023 1609 1094 prioratus
1645 1027 1759 1086 ordinis
1788 1032 1882 1092 sancti

136 1115 252 1163 anuum,
267 1097 478 1154 scilicctenno
495 1102 527 1154 ιιι
542 1097 660 1154 ιιοιιιιιιι
675 1099 769 1168 regis,
784 1101 870 1158 idem
886 1105 979 1160 ilerno
1034 1100 1196 1162 Benedicti.
1228 1107 1301 1162 item
1333 1109 1501 1169 Lurlevicus
1540 1115 1776 1176 transmarinus
1802 1135 1882 1180 anno

136 1189 289 1262 episcopus
306 1187 500 1244 consecravit
513 1187 661 1259 capellam
677 1187 707 1243 in
718 1189 836 1246 eadem
851 1191 919 1248 villa
930 1193 979 1250 Sa·
1032 1190 1117 1258 regni
1133 1192 1179 1246 sui
1195 1195 1279 1248 tertio
1294 1211 1342 1250 res
1364 1197 1577 1256 cluniacenses
1592 1203 1625 1258 in
1643 1206 1788 1270 Quercete
1799 1211 1882 1283 apud

135 1276 280 1344 lustriaco,
296 1275 567 1348 quamnapellam
587 1299 600 1324 ιι
618 1275 832 1334 uiuniseensis
854 1281 979 1352 parvula
1035 1276 1200 1334 [lopiacum
1226 1283 1320 1336 ιἰιιιιι
1344 1283 1518 1356 diplomate,
1542 1291 1632 1360 quod
1659 1299 1755 1354 exstat
1782 1297 1812 1360 in
1836 1299 1881 1356 bi.

136 1367 266 1437 societas,
282 1365 331 1422 cui
346 1364 412 1421 Ode
428 1365 510 1422 mitis
526 1370 608 1438 pater
628 1369 656 1422 et
679 1366 782 1423 abbas
807 1370 977 1441 patrocino·
1032 1363 1399 1430 hiiotliceuiiliinieccnsi.
1420 1373 1498 1430 elias
1528 1377 1714 1440 donationes
1742 1386 1882 1446 minutio.

135 1455 227 1526 batur,
245 1455 495 1510 construxerat.»
1032 1468 1080 1508 rac
1105 1457 1202 1524 mitto,
1219 1459 1320 1529 qualis
1342 1466 1385 1517 cst
1404 1477 1448 1528 ea,
1465 1479 1528 1535 qua
1547 1469 1638 1536 lingo
1661 1487 1764 1532 comes
1787 1492 1880 1536 unam

166 1549 208 1601 ιι.
226 1542 350 1600 Biennio
363 1540 718 1615 postLeotalduscomes
734 1545 976 1618 ilatisconensie,
1032 1543 1174 1600 ancillam
1192 1545 1229 1600 ιιιι
1247 1547 1318 1605 ιιιιιι
1335 1551 1502 1606 «liomuuis
1520 1575 1532 1602 ιι
1548 1553 1578 1610 in
1600 1573 1685 1628 pago
1700 1563 1880 1632 Lugdungn.

134 1639 159 1690 et
173 1631 386 1704 Ermengardie
397 1632 562 1702 ejusuxor,
575 1630 670 1688 odoni
683 1631 790 1690 abbati
803 1634 976 1708 ‹lentqnid-
993 1647 1014 1703 Β
1032 1631 1055 1686 si
1076 1634 1161 1690 iredn
1179 1635 1369 1694 i'lluniaccnsi
1386 1643 1569 1698 monasterio
1584 1651 1615 1700 ct
1631 1649 1752 1710 oddoni
1767 1653 1879 1724 abiisti.

131 1721 476 1799 quirleorumiscultatis
488 1725 550 1777 erat
569 1721 626 1776 «in
646 1721 714 1777 villa
729 1723 933 1786 [iarbanieeo.
946 1726 976 1782 in
1032 1725 1062 1776 at
1090 1723 1213 1794 qrridem
1244 1742 1357 1782 «atino
1387 1733 1496 1784 sexto»
1527 1733 1675 1796 budovici
1700 1741 1788 1812 ragis,
1813 1747 1881 1814 posi

132 1829 207 1888 pago
220 1811 427 1882 Lugdunensi,
440 1810 819 1883 snperssuviumSalliam,
832 1834 844 1860 ιι
858 1817 976 1872 utilem
1031 1825 1124 1882 quem
1153 1829 1270 1872 annum
1285 1816 1463 1874 donationes
1489 1817 1565 1876 fiunt
1594 1824 1741 1890 airnardo
1765 1831 1880 1892 abbati.

132 1902 246 1958 animas
265 1903 429 1974 parentum
449 1914 575 1954 errorum
601 1899 727 1956 alberici
752 1904 783 1955 et
810 1903 974 1972 ilscolanre,
1032 1899 1145 1956 Omnes
1160 1902 1272 1960 chartea
1290 1904 1349 1960 sirb
1374 1905 1476 1962 Odone
1492 1923 1623 1968 numero
1652 1920 1711 1974 iau.
1730 1921 1822 1980 Porro
1844 1939 1881 1980 ex

131 1991 271 2050 llanassis
285 1993 314 2047 et
329 1988 538 2060 irmingarde,
556 2003 675 2044 necnon
688 1989 815 2046 Gerardi
829 1991 917 2047 amici
930 1993 974 2049 riri
1031 1984 1078 2042 his
1093 1989 1235 2046 omnibus
1250 1990 1373 2060 chartis,
1387 1993 1511 2065 aliisque
1526 2011 1607 2067 quas
1624 2002 1656 2060 jn
1679 2005 1823 2066 erimardo
1837 2025 1881 2068 m.

131 2081 256 2136 liberare
276 2079 417 2148 dignetur
438 2095 453 2130 ι
471 2093 490 2132 a
514 2077 611 2149 poenie
634 2077 753 2133 interni.
769 2097 785 2129 ι
812 2081 994 2156 Subsedit:
1008 2099 1017 2149 3
1031 2073 1552 2166 feremus,-.acnsiat:5t·ati}sc‚bnem.
1580 2087 1674 2160 eique
1702 2095 1880 2156 attributum

133 2173 200 2242 post
214 2165 387 2224 Leotaldum
402 2167 432 2222 at
449 2165 667 2234 irmingardem
687 2166 859 2222 Gauiredns
874 2149 997 2245 omnm}
1009 2163 1019 2239 ξ
1031 2151 1524 2241 beguinis·i,3,1,liceocmnm;ifon
1536 2173 1878 2244 Bilpgundjonumtune

131 2273 200 2314 cum
216 2255 292 2312 aliis.
307 2254 393 2310 Edita
409 2257 455 2312 est
470 2255 533 2309 baec
546 2254 649 2310 charta
663 2265 734 2310 cum
752 2255 868 2326 aliquot
882 2258 976 2315 nevis
1031 2253 1183 2323 paruisse.

131 2345 319 2404 bibliothecae
346 2343 525 2402 sebusianae
550 2357 620 2414 pag.
651 2347 711 2411 loti,
739 2343 816 2400 uliae
836 2346 990 2450 pinguiam?
1004 2339 1592 2446 Cigtroigfflmgqggmggum
1608 2355 1668 2410 iter
1681 2362 1846 2430 mum-plez

130 2433 258 2491 leotaldi
273 2431 387 2488 rideris
402 2445 475 2504 pag.
492 2431 544 2487 ιιι
557 2435 585 2486 ct
599 2435 662 2488 ιιι.
837 2433 904 2511 in:
981 2443 1112 2506 3:232:
1154 2454 1164 2502 ς
1232 2420 1581 2500 .,ἶ”ι.ιιιιιθίιὲι“·οαιιιια.

163 2529 207 2580 ιι.
224 2527 314 2580 Anno
329 2525 384 2579 936
397 2520 497 2577 odoni
514 2519 584 2576 item
600 2521 731 2578 donetur
747 2522 881 2578 curtibus
895 2539 975 2582 nnus
1067 2523 1112 2576 36-
1135 2523 1200 2578 Non
1219 2522 1365 2580 continuit
1380 2539 1442 2579 nent
1456 2523 1534 2584 inito
1556 2535 1813 2598 monasteriorum
1829 2541 1874 2598 la-

129 2613 157 2669 in
172 2611 245 2669 villa
257 2611 385 2668 liuliaco
401 2609 481 2682 (qum
495 2609 609 2665 aliaest
623 2625 718 2682 prope
732 2610 928 2677 Cluuianum).
944 2615 973 2670 in
1029 2607 1130 2666 tebras
1141 2611 1253 2666 ildonis
1270 2612 1377 2668 eiciens
1391 2612 1420 2668 in
1434 2629 1481 2670 res
1500 2613 1622 2674 divinas
1633 2623 1784 2687 studium:
1799 2629 1875 2701 quin

128 2716 208 2774 pago
220 2699 416 2768 llatimensa,
434 2721 447 2748 ιι
461 2713 566 2753 mensa
581 2699 665 2765 Maio,
683 2699 808 2770 qriando
830 2701 975 2760 Reclnlins
1030 2697 1120 2756 etiarn
1132 2699 1160 2754 in
1179 2699 1312 2756 Ecclesia
1326 2702 1469 2760 irnirersta
1487 2709 1686 2770 eomrnodum
1702 2713 1783 2775 torsa
1803 2733 1876 2790 pro.

129 2807 179 2847 rex
193 2789 339 2858 migrarit
353 2803 373 2843 a
389 2786 511 2844 soecnlo.
529 2789 634 2842 icium
651 2787 802 2858 Cluniaco,
819 2790 973 2848 firmatum
1029 2784 1093 2842 diii.
1107 2790 1181 2844 lium
1192 2789 1342 2860 quippcin
1354 2791 1467 2848 ltaliam
1478 2794 1613 2852 accivere
1626 2801 1718 2858 semel
1727 2805 1877 2868 etiterum

130 2879 271 2936 Lurduuo
286 2876 412 2934 castello
427 2875 556 2949 publice.
573 2899 586 2926 ιι
601 2881 688 2932 Anno
700 2878 834 2934 seeundo
848 2879 974 2936 ledovi·
1030 2877 1155 2934 Romani
1167 2877 1332 2948 pontitices,
1347 2885 1378 2936 ut
1391 2879 1496 2938 allictis
1519 2883 1658 2944 Ecclesiae
1684 2890 1775 2946 rebus
1801 2909 1877 2966 pru·

130 2969 156 3024 ci
184 2967 262 3038 regie
294 2965 363 3024 Ode
395 2963 492 3020 abbas
526 2969 555 3020 et
588 2966 730 3020 monaehi
763 2966 974 3024 Cluniacenses
991 3005 1009 3054 i*
1028 2963 1130 3022 dantia
1150 2971 1179 3020 ei
1196 2967 1370 3024 anctoritate
1387 2985 1442 3026 sira
1469 2971 1648 3032 consuleret.
1670 2977 1777 3037 Primae
1803 2983 1875 3052 ejm

129 3061 234 3114 emunt
255 3070 408 3128 campum
433 3053 539 3110 subtus
567 3059 698 3110 casuum
722 3055 860 3120 bordonl,
882 3057 973 3128 vulgo
998 3041 1010 3058 ”
1028 3053 1171 3109 Romane
1186 3053 1379 3124 protectionis
1393 3055 1457 3112 brec
1473 3055 1529 3112 luit
1543 3074 1647 3118 causa.
1664 3065 1739 3124 Cum
1761 3069 1873 3126 lieren·

129 3171 143 3194 ιι
159 3145 311 3209 ιοιῃιιιοῃ,
328 3166 343 3194 ιι
372 3141 458 3214 quod
483 3141 639 3198 castalium
664 3143 785 3200 llichelii
812 3144 973 3204 cardinalis
1028 3141 1112 3206 tinnin
1128 3140 1307 3212 impetitione
1329 3148 1457 3210 minino,
1473 3147 1559 3214 iiiitio
1581 3149 1745 3208 Tbaobaldi
1767 3155 1872 3216 Arela-

125 3237 217 3307 jussu
235 3231 421 3290 subversum
435 3234 490 3287 est.
1027 3229 1118 3286 lanais
1134 3229 1251 3288 comilis
1266 3231 1356 3298 lilius,
1373 3249 1493 3290 summa
1505 3250 1607 3292 rerum
1625 3237 1655 3294 in
1681 3241 1766 3298 ltalia
1791 3248 1868 3316 poli.

164 3329 209 3380 aa.
228 3322 344 3380 Eodem
363 3335 446 3378 anno
467 3336 555 3392 «quo
571 3319 716 3376 lloduliue
732 3339 783 3378 rex
800 3323 971 3392 migr-evita
1026 3321 1117 3383 retur,
1143 3319 1279 3390 llarozie,
1301 3321 1422 3378 intumis
1450 3323 1583 3382 Widonis
1608 3328 1721 3386 Tusciae
1748 3333 1866 3392 comitis

127 3409 467 3478 saeculo,»Gaulredua
488 3414 725 3466 comesetuxor
743 3413 972 3484 eJ'usAvadant
1025 3407 1136 3474 inlicta.
1160 3425 1228 3479 (itinn
1257 3425 1317 3466 nnn
1341 3427 1411 3468 enni
1439 3410 1575 3470 tiberino
1604 3413 1665 3472 tilio
1695 3433 1807 3476 manua
1832 3422 1864 3478 in

126 3499 288 3566 Eseuzolar
303 3499 425 3571 inpage
437 3497 580 3552 AEduensi
591 3513 646 3570 pre
657 3498 820 3556 animabus
832 3499 904 3567 suis,
917 3523 930 3550 ιι
943 3507 972 3559 et
1023 3497 1170 3555 loannem
1198 3499 1370 3569 pontificem
1397 3500 1547 3571 injecerat.
1570 3505 1757 3578 Romamque
1776 3509 1862 3568 rede-

125 3607 184 3664 pro
199 3589 306 3646 anima
319 3585 445 3642 senioris
460 3584 506 3641 eui
519 3584 671 3654 Willelmi,
687 3588 793 3658 atejus
813 3587 866 3644 filii
882 3590 970 3644 Reso-
1025 3591 1108 3653 gerat
1121 3586 1152 3643 in
1167 3601 1254 3642 sunm
1269 3591 1458 3661 potestatem,
1475 3591 1578 3662 ipsum
1587 3594 1745 3663 Hugoncm
1760 3599 1860 3656 missis

125 3697 210 3735 ms.»
227 3676 323 3734 iidem
339 3673 461 3732 tradunt
482 3673 628 3730 ileliaelos
650 3672 680 3728 in
702 3690 781 3746 pago
805 3675 970 3738 llatiscensi
1023 3673 1136 3732 nuntiis
1151 3675 1283 3734 invitavit
1298 3679 1336 3734 nd
1350 3680 1525 3750 conjugium
1548 3697 1638 3740 suum
1654 3689 1682 3740 et
1698 3686 1782 3742 urbis
1804 3687 1861 3746 im·

126 3791 141 3824 c
159 3769 189 3825 in
206 3767 323 3824 sicana
332 3765 479 3834 Butades,
487 3780 544 3837 pro
558 3763 755 3820 animarums
779 3782 866 3822 arum
877 3783 970 3825 remc-
1023 3762 1139 3832 perium
1154 3767 1390 3836 capessendum
1408 3767 1542 3826 oblatam
1565 3771 1769 3830 conditionem
1785 3777 1859 3834 arri-

125 3859 190 3926 dio,
206 3861 238 3914 ct
253 3855 411 3914 Gaurbcrti
422 3853 531 3924 fratris,
548 3853 618 3909 dicti
633 3853 781 3918 Gaulredi
794 3859 969 3912 annotin-
1022 3851 1065 3923 pit
1097 3856 1189 3922 liugn,
1207 3856 1378 3930 nuptiisque
1408 3861 1578 3928 contractis,
1593 3861 1676 3918 urbis
1690 3863 1793 3923 nome
1806 3865 1859 3924 do·

124 3947 231 4004 dorici
241 3944 457 4003 transmarini.
1022 3939 1150 3998 minium
1170 3943 1293 4002 obtinet.
1311 3946 1431 4006 interim
1446 3963 1515 4006 cunr
1539 3955 1607 4006 ante
1627 3950 1751 4022 epulum
1774 3953 1859 4010 Albe·

166 4040 215 4092 ιι.
227 4041 311 4091 nnnc
323 4039 337 4092 ἰ
349 4033 492 4091 ludovici
502 4032 641 4105 ejusdcm
650 4032 968 4106 llaimboldusepisco
1021 4029 1099 4086 ricus
1120 4032 1223 4088 matria
1239 4033 1357 4090 hortatu
1374 4049 1488 4106 aquam
1501 4037 1541 4092 ad
1558 4037 1726 4098 abluendas
1741 4042 1857 4110 lingunt

124 4142 190 4199 pus
209 4124 387 4182 Monacensis
402 4123 452 4195 alt,
469 4126 637 4179 tiemonem
649 4135 861 4192 praecessorem
876 4139 967 4181 suum
1021 4131 1130 4174 manua
1145 4119 1292 4190 praeberet
1306 4137 1366 4178 non
1389 4121 1557 4180 admodum
1587 4125 1668 4191 seila,
1684 4127 1768 4194 liuga
1794 4143 1857 4184 eor-

125 4213 377 4271 Cliiniacemibus
384 4211 534 4283 tribuisse,
545 4215 578 4267 ιιι
593 4225 699 4266 omnes
714 4227 818 4267 eorum
836 4211 967 4270 ecclesie
1020 4207 1158 4264 rectionis
1170 4224 1261 4266 causa
1276 4225 1346 4268 eum
1360 4210 1390 4267 in
1414 4209 1521 4270 taciem
1545 4212 1659 4272 occidit.
1677 4213 1742 4278 Qua
1762 4231 1795 4272 re
1816 4215 1856 4272 ol·

123 4321 162 4359 ex
180 4307 244 4359 toto
259 4301 317 4358 sub
333 4301 453 4357 illorum
467 4299 580 4357 ditione
596 4299 791 4356 consisterent
806 4319 812 4354 :
831 4301 882 4355 sed
897 4319 965 4357 cum
1020 4293 1121 4352 tensus
1133 4296 1286 4354 niiiericus
1302 4301 1453 4356 Romanos
1466 4300 1503 4356 ad
1513 4300 1711 4360 deiectionem
1723 4301 1854 4376 impulit.

124 4397 236 4466 [msice
248 4390 633 4464 «irruptiouepaganorum
642 4389 790 4446 eimalitia
801 4405 965 4462 pravorum
1020 4389 1109 4457 atque
1133 4389 1343 4456 lingonenses
1368 4389 1444 4446 Urbe
1466 4389 1568 4460 lugere
1593 4390 1699 4461 coegit.
1717 4394 1757 4450 llo
1782 4391 1854 4464 lugu

121 4482 317 4538 hominum»
331 4479 436 4535 excisae
450 4477 587 4548 luissent,
601 4492 632 4532 ae
647 4475 684 4531 de
700 4478 811 4534 tributo
826 4479 965 4551 synodali
1019 4473 1122 4546 elapso
1137 4475 1289 4532 tiberinus
1304 4478 1454 4535 consulari
1470 4484 1615 4550 potestate
1636 4480 1786 4542 civitatum
1801 4482 1854 4538 ad·

120 4571 211 4644 quod
222 4568 400 4635 reddebant,
412 4567 556 4642 minuere.
571 4565 769 4622 subscribunt
779 4567 927 4638 canonici,
938 4573 966 4626 et
1019 4562 1197 4620 ministravit
1220 4581 1289 4622 curn
1313 4571 1407 4624 matre
1432 4583 1487 4624 sna
1514 4568 1650 4636 ιιιιοιιιιι
1670 4573 1698 4628 at
1722 4575 1853 4630 veteram

121 4660 205 4715 inter
215 4675 270 4714 eos
279 4656 346 4713 Ado
357 4655 462 4725 abbas,
475 4657 526 4730 qni
539 4670 618 4711 nnus
632 4671 648 4710 e
662 4655 820 4728 praecipuis
831 4661 903 4726 arat,
915 4658 965 4713 de·
1020 4651 1104 4707 orins
1119 4653 1310 4726 disciplinam
1336 4655 1425 4712 siinul
1447 4673 1518 4712 irum
1541 4657 1702 4716 consulum
1728 4659 1852 4718 nomine

120 4749 232 4822 diique
240 4745 531 4804 nonnullaccenobio
542 4743 740 4811 Oluniaeensi,
751 4761 860 4818 nempe
871 4747 963 4802 ecclc·
1019 4744 1047 4796 et
1061 4739 1159 4798 officio
1172 4742 1394 4812 redintegravit.
1411 4749 1483 4800 Acta
1499 4745 1562 4802 liaeo
1578 4749 1647 4804 eunt
1660 4745 1718 4804 sub
1735 4759 1851 4804 annum

122 4837 189 4892 sias
205 4839 234 4894 S.
248 4834 389 4892 [leeidcrii
408 4839 436 4890 et
457 4835 484 4891 S.
500 4832 609 4890 iuliani
624 4831 654 4888 iu
678 4832 793 4890 Sivisco
817 4839 844 4888 ei
870 4837 964 4890 Dave·
1019 4831 1081 4894 ιιι,
1095 4830 1270 4900 pontillcntu
1285 4832 1407 4888 loannis
1423 4836 1454 4902 lt,
1471 4833 1577 4890 Leonis
1598 4835 1643 4902 vi,
1658 4849 1694 4892 ae
1708 4833 1852 4907 Stephani

124 4925 317 4992 giaco,anno
335 4927 365 4979 ia
379 4923 473 4996 ipsius
485 4921 634 4978 ludovici.
648 4924 719 4977 itam
734 4937 815 4978 enno
831 4923 964 4980 secirndo
1020 4917 1076 4984 Vll,
1091 4917 1201 4989 quibus
1217 4934 1298 4976 anno
1312 4924 1359 4976 ιιι
1379 4920 1525 4978 successit
1543 4923 1674 4978 loannes
1690 4923 1740 4991 iii,
1757 4924 1851 4982 liero-

125 5013 321 5069 itotmundus
349 5011 508 5084 episcopus
536 5010 700 5067 AEduorim
735 5011 786 5068 dat
816 5011 962 5085 capellam
1017 5005 1068 5062 zise
1082 5021 1117 5062 ex
1146 5007 1236 5078 Sergii
1265 5012 1368 5081 stupro
1396 5009 1486 5078 finus,
1502 5009 1628 5068 alberici
1650 5011 1750 5070 ιιιιιιι.
1770 5011 1851 5070 Talia

122 5103 229 5158 sancti
243 5099 413 5171 leodegarii
422 5099 461 5157 de
471 5099 628 5157 Blanoiaco
637 5097 668 5154 in
679 5099 821 5155 comitatu
832 5100 963 5156 Medeae
1016 5095 1078 5168 pati
1093 5101 1197 5154 coacta
1210 5103 1256 5154 esi
1277 5102 1380 5154 sancta
1405 5099 1454 5155 liei
1478 5102 1613 5158 Romana
1641 5100 1782 5170 Ecclesia,
1797 5100 1850 5158 'sed

120 5188 230 5256 nensi,
252 5203 346 5262 mam
371 5187 609 5244 «mouerimus
624 5207 638 5236 ιι
662 5187 866 5259 predecessor
890 5205 962 5244 sirus
1016 5201 1035 5240 a
1059 5187 1184 5244 llarozia
1211 5187 1278 5262 ipsa
1304 5189 1431 5261 ejusque
1460 5189 1521 5246 lilio
1549 5191 1695 5248 atheneo.
1726 5211 1739 5240 ιι
1763 5193 1849 5248 luno

118 5275 512 5334 Waloouidamraoerdcti
533 5275 685 5332 advitam
713 5275 845 5331 dederat.
862 5277 961 5331 Testes
1015 5279 1066 5332 933
1084 5295 1099 5326 ιι
1124 5276 1206 5332 missi
1229 5277 1403 5334 libemeesis
1432 5278 1567 5335 Ecclesiae
1596 5283 1694 5338 lionae
1726 5279 1848 5350 reversi,

70 5351 79 5364 ⁰
119 5371 201 5422 sunt
216 5363 400 5422 llildebodns
414 5363 613 5422 atGirbaldua
627 5363 763 5420 abbates.
1018 5364 1186 5421 «nuntiant
1209 5367 1355 5422 loannem
1385 5383 1509 5440 papam,
1533 5368 1628 5424 lilium
1653 5365 1760 5436 ilarius,
1780 5383 1848 5440 quaa

161 5453 690 5525 35.itnnoie1'usdemregiaindict.
714 5453 800 5524 il,icl
820 5457 864 5509 cst
879 5469 960 5510 anno
1015 5458 1044 5510 et
1068 5455 1199 5510 ilaronia
1224 5454 1368 5522 diction»
1400 5456 1497 5528 inquit
1525 5456 1727 5526 Frodoardus,
1757 5457 1848 5514 «sub

117 5544 237 5602 christi
247 5547 310 5613 038,
326 5543 414 5602 datur
427 5543 613 5601 Cinniaeensi
623 5544 816 5614 monasterio,
828 5543 880 5600 ubl
895 5543 960 5600 odo
1015 5542 1150 5599 custodia
1165 5543 1289 5600 detineri
1305 5545 1425 5601 alraire
1453 5561 1518 5615 sno,
1547 5545 1670 5602 nomine
1698 5544 1845 5612 albariam

119 5633 231 5689 abbas
244 5635 518 5706 procreantium·
531 5631 561 5688 iu
576 5631 644 5689 villa
658 5631 819 5690 Medulicae
833 5631 864 5688 in
878 5645 958 5706 pago
1014 5632 1067 5704 qui
1088 5635 1215 5688 matrem
1251 5649 1373 5706 quoque
1405 5648 1493 5690 suam
1524 5635 1683 5693 Maroeiem
1710 5631 1845 5690 chusam
