4142 6160
239 177 291 233 ῃ)
762 161 790 218 S.
811 157 940 217 eboris
958 156 1103 213 reatris
1122 156 1369 216 chuniacensis
1389 157 1421 214 11.
1894 161 1950 216 228

240 303 429 360 Salomonem
444 293 566 350 dicitur:
588 287 736 354 «Stultus,
753 287 778 343 si
793 287 925 356 tacuerit,
942 285 1063 356 sapiens
1119 281 1303 356 dieituripsa
1317 283 1501 342 rectitudinis
1517 283 1582 353 ejus
1597 283 1752 356 districtio,
1764 300 1826 357 qen
1840 285 1951 344 huma.

239 390 392 466 putabitur
403 387 505 456 (Proc.
522 397 592 450 xvir,
606 379 662 451 28).
676 400 691 428 s
706 376 861 450 Sequitur:
1120 388 1160 430 na
1182 375 1315 446 pravitas
1337 374 1449 432 feritur.
1464 375 1538 431 lusti
1561 379 1661 432 eutem
1684 373 1738 431 riri
1762 379 1830 432 anta
1854 379 1952 434 naum

275 475 362 536 Vses.
378 480 404 532 6.
419 473 530 530 Audite
540 487 610 543 erpo
625 467 824 546 correptiones
840 481 930 530 naeus,
945 471 972 520 ct
982 463 1066 534 judi·
1120 467 1265 533 metuunt,
1281 479 1372 535 quam
1394 463 1460 534 ejus
1478 464 1523 522 ire
1544 467 1648 522 contra
1672 479 1724 520 eos
1738 469 1907 530 movantur,
1921 471 1954 524 gr

239 571 316 627 dum
332 564 481 624 labiorum
496 575 627 618 meorum
643 557 796 614 attendite.
811 587 844 595 -
868 555 942 610 Bene
964 557 1065 608 aetem
1119 567 1156 608 ne
1176 557 1362 608 commotum
1390 553 1529 624 sentient,
1559 553 1754 626 tranquillum
1778 553 1892 612 timent.
1914 558 1955 612 Α)

237 654 321 732 prius
333 651 563 726 correptionem,
580 651 608 704 et
619 643 814 720 postmodum
830 641 977 714 judicium
991 641 1067 696 intu-
1119 643 1222 696 contra
1242 642 1375 713 perversi
1388 643 1533 714 tuncjam
1546 642 1626 700 feriri
1638 642 1864 716 pertimescunt,
1879 660 1951 704 cunr

237 745 280 816 lit,
295 741 368 824 quia
383 741 440 798 nisi
454 756 508 814 per
530 736 746 810 correptionem
765 729 847 806 prius
863 735 962 786 tumor
986 727 1065 786 stulti
1118 729 1272 802 feriuntur,
1289 747 1402 805 eosque
1427 737 1498 789 tunc
1522 737 1617 788 terror
1641 732 1706 804 ejus
1730 749 1748 790 e
1768 747 1877 792 somno
1903 734 1952 792 sei

238 831 434 908 deprimatur,
448 841 641 900 nequaquam
656 819 849 890 intelligentia
861 817 1007 890 judicium
1016 817 1064 888 l'U·
1119 819 1261 892 temporis
1285 821 1455 892 exsuscitat,
1469 839 1539 879 eum
1553 821 1686 878 vindicte
1709 823 1873 894 perturbat.
1888 825 1950 880 Un.

238 923 274 982 sti
288 917 486 992 cognoscitur.
503 913 656 987 Sequitru:
1118 908 1155 964 de
1170 924 1224 982 p„
1244 911 1423 982 pmphfltam
1447 909 1570 967 dieitur:
1599 931 1612 962 e·
1623 914 1656 968 Et
1669 913 1752 968 mmo
1770 911 1836 970 Βοὴ
1859 927 1951 970 νω-

273 1015 355 1069 Vses.
371 1015 398 1064 7.
413 1005 559 1078 Ncnqcid
576 1003 654 1060 Deus
665 1001 883 1072 iedipetcestro
898 997 1063 1064 mendacio,
1120 997 1159 1053 tio
1184 997 1365 1054 intellectum
1394 999 1479 1056 dabit
1507 999 1622 1057 auditui
1647 999 1718 1071 (lae.
1743 1015 1840 1068 usur,
1864 1001 1951 1068 19)»

238 1107 272 1158 ut
289 1116 345 1172 pro
370 1097 422 1154 illo
446 1094 611 1166 loquamini
633 1090 715 1146 dolos
729 1092 743 1143 ἱ)
757 1120 791 1128 —-
807 1089 883 1144 Deus
904 1083 1064 1141 mendacio
1120 1086 1280 1158 sequitur:

237 1203 300 1250 non
313 1187 388 1257 eget,
404 1183 476 1257 quia
488 1181 596 1239 veritas
621 1178 716 1235 fulciri
739 1193 801 1233 non
825 1176 931 1248 quaerit
954 1173 1064 1232 auxilio
1155 1177 1239 1232 Vens.
1253 1177 1332 1232 le-
1341 1177 1595 1234 Memoriuoeslro
1607 1178 1951 1248 comperenrercsees'.

238 1273 383 1331 falsitatis.
398 1269 530 1328 Haeretici
545 1273 645 1325 autern
660 1265 731 1340 quia
754 1280 822 1338 qua
835 1279 928 1336 prave
948 1259 985 1318 de
1004 1259 1064 1316 ileo
1119 1294 1153 1304 -
1163 1266 1272 1321 omnes
1287 1265 1340 1336 qui
1352 1265 1530 1334 cogitatione
1541 1270 1658 1324 terrene
1670 1265 1740 1324 huic
1755 1266 1865 1324 naulo
1878 1283 1952 1324 con·

237 1361 413 1431 intelligunt,
429 1375 466 1416 ex
489 1357 611 1414 veritate
633 1353 708 1412 tueri
727 1369 788 1410 non
815 1355 950 1425 possunt,
976 1347 1065 1424 quasi
1119 1351 1296 1419 formentur,
1310 1367 1363 1424 per
1377 1368 1467 1410 omne
1481 1353 1565 1426 qued
1579 1353 1763 1425 egunt,buie
1778 1352 1952 1414 mundone·

237 1449 276 1507 ad
302 1445 495 1524 probandum
518 1445 638 1502 radium
663 1441 785 1499 luminis
808 1439 943 1496 falsitatis
969 1435 1066 1511 requi·
1119 1441 1253 1514 linquere
1266 1442 1311 1498 sui
1324 1442 1503 1500 memoriam
1515 1449 1673 1500 conentur.
1685 1442 1739 1502 atti
1748 1443 1899 1502 bellorum
1914 1445 1950 1500 ti-

236 1540 315 1594 runt.
333 1535 485 1610 Sequitur:
1119 1531 1197 1598 tulis,
1213 1531 1262 1587 alii
1288 1531 1353 1588 eltis
1375 1531 1571 1589 aedificiorum
1595 1533 1756 1590 rnrenibus.
1772 1537 1851 1592 Aure
1866 1534 1951 1593 enim

272 1629 356 1684 Vens.
371 1629 397 1682 8.
418 1621 565 1693 Nunquid
585 1621 693 1691 faciem
713 1617 776 1689 ejus
800 1617 944 1687 accipitis,
963 1621 989 1672 et
1007 1631 1100 1698 prag
1120 1620 1250 1675 cinerem
1266 1619 1390 1692 spargit,
1407 1620 1483 1676 sicut
1503 1620 1720 1694 scriptumest:
1736 1621 1953 1680 «Nonam.

236 1717 297 1773 Dec
306 1713 448 1786 judicare
463 1709 619 1768 nitimini?
638 1741 671 1748 —
688 1707 771 1765 Stulti
787 1723 855 1762 curn
871 1705 1063 1780 prudentium
1119 1709 1169 1780 pii,
1185 1723 1246 1765 non
1271 1709 1323 1775 sic,
1340 1708 1394 1764 sed
1419 1713 1566 1782 tanquam
1593 1709 1690 1782 pulvis
1715 1709 1953 1784 quampropere

236 1801 315 1861 facta
327 1799 525 1875 conspiciunt,
539 1799 604 1854 haec
617 1796 659 1854 eis
673 1795 775 1852 omnia
790 1812 855 1852 esse
878 1793 1064 1868 reprehensi·
1118 1801 1225 1853 ventus
1239 1814 1258 1853 a
1271 1797 1346 1853 facie
1361 1801 1445 1854 terres
1462 1797 1552 1869 (Psoi.
1565 1815 1584 1866 r,
1597 1801 1636 1866 4).
1648 1820 1663 1850 a
1688 1801 1775 1856 hacta
1793 1813 1862 1868 argo
1877 1798 1953 1856 stul·

236 1891 308 1948 bilia
321 1891 470 1958 videntur,
487 1903 609 1960 suoeque
624 1885 779 1959 imperitiae
804 1889 893 1956 atque
908 1882 1063 1938 infirmita·
1118 1890 1217 1943 torum
1232 1887 1410 1944 memoriam
1425 1887 1516 1944 cineri
1530 1891 1695 1960 comparat,
1705 1887 1777 1960 quie
1792 1885 1849 1944 illic
1863 1887 1953 1960 poni-

236 1980 273 2038 tis
287 1979 379 2047 obliti,
391 1983 474 2036 tanto
489 1977 629 2034 intentius
643 1976 680 2032 dc
693 1973 797 2030 alienis
810 1972 957 2044 iudicant,
969 1985 1064 2043 quan·
1118 1978 1176 2044 tur,
1192 1973 1242 2030 ubi
1259 1973 1298 2031 ab
1309 1991 1383 2032 aura
1394 1975 1518 2048 rapitur.
1536 1975 1675 2048 Sequitur
1691 1994 1698 2032 s
1718 1975 1759 2032 Et
1773 1975 1953 2048 radicentur

235 2073 266 2127 to
279 2067 457 2143 prehendius
470 2081 525 2123 sua
537 2066 685 2136 ignorant.
702 2067 737 2119 At
749 2067 853 2119 eontra
862 2059 944 2130 justi,
953 2065 982 2116 et
994 2077 1064 2116 cum
1118 2065 1149 2119 io
1166 2065 1261 2120 letam
1277 2065 1403 2122 cerices
1418 2069 1534 2122 vestras.
1549 2097 1585 2106 -
1600 2064 1680 2122 Sicut
1703 2077 1756 2136 par
1770 2063 1892 2122 cautum
1907 2063 1952 2120 va.

236 2172 399 2232 pravorum
419 2157 497 2214 facto
520 2154 714 2224 redarguunt,
729 2167 847 2225 semper
862 2165 923 2206 sura
938 2147 1062 2206 infirmi·
1118 2168 1180 2222 sus,
1194 2152 1236 2208 sic
1251 2153 1458 2226 perservicem
1470 2152 1545 2208 solet
1557 2151 1699 2226 superbie
1710 2151 1873 2222 designari.
1883 2154 1952 2212 caiz

235 2247 303 2304 tatis
328 2247 451 2318 conscii,
472 2259 535 2310 eos,
560 2243 614 2301 etsi
639 2241 767 2299 exterius
792 2241 938 2298 saeviendo
963 2243 1063 2296 tamen
1117 2241 1168 2298 vix
1181 2241 1282 2314 itaque
1294 2241 1325 2298 in
1339 2241 1435 2298 lutum
1450 2241 1603 2312 redigitur,
1614 2258 1684 2300 curn
1699 2241 1850 2316 superbus
1864 2241 1950 2314 quis-

235 2335 358 2393 intarius
379 2333 600 2408 compatiendo,
622 2329 865 2404 reprehendunt;
889 2329 961 2402 quia
984 2327 1063 2383 illius
1117 2347 1176 2404 que
1191 2331 1365 2388 humiliatur
1379 2331 1410 2387 in
1424 2335 1529 2399 morte,
1546 2335 1575 2387 et
1588 2330 1666 2390 elate
1689 2345 1759 2388 caro
1777 2329 1902 2388 iaromir
1915 2331 1950 2388 jn

235 2425 327 2482 salias
343 2428 387 2480 est
399 2427 523 2496 peccata
538 2421 696 2477 hominum
712 2419 774 2474 sine
785 2417 995 2490 compassione
1005 2416 1064 2472 dis·
1118 2420 1284 2494 putredine.
1300 2423 1473 2478 intueamur
1488 2421 1569 2478 enim
1582 2420 1685 2494 qualia
1698 2419 1729 2478 in
1744 2419 1889 2494 sepulcris
1902 2421 1951 2492 je·

236 2518 345 2581 autera,
360 2511 413 2584 qui
427 2525 464 2567 err
486 2514 601 2565 naturas
625 2523 688 2562 sure
710 2506 927 2578 omnipotentia
945 2505 1064 2574 ignoret
1119 2513 1185 2568 cont
1199 2510 1324 2566 divitum
1340 2509 1497 2566 cadevera.
1511 2509 1666 2584 Sequitur:

235 2615 370 2673 peecare.
386 2599 462 2664 Quia
476 2597 565 2668 igitur
579 2596 668 2652 amici
680 2595 760 2652 beati
781 2594 836 2650 lob
852 2594 893 2650 ita
905 2595 970 2666 ejus
985 2594 1064 2650 tacte
1154 2601 1239 2656 Vsus.
1259 2600 1299 2656 13.
1320 2601 1424 2656 Tercle
1437 2601 1603 2670 paulisper,
1619 2605 1652 2656 ur
1671 2600 1779 2672 toqw
1791 2600 1949 2672 quodem.

236 2687 543 2761 reprehenderant,ae
559 2685 623 2742 siin
634 2683 731 2757 seipsi
743 2683 976 2756 reprehensibile
991 2683 1064 2739 nihil
1117 2705 1174 2761 que
1187 2690 1351 2747 minimam
1365 2691 1555 2761 suppetierit.
1567 2721 1601 2730 -
1613 2690 1741 2748 sonsum
1754 2689 1851 2748 cernis
1866 2689 1950 2748 toou-

235 2777 390 2834 heberent.
407 2775 562 2850 Sequitur:
1118 2782 1163 2834 tos
1185 2777 1307 2836 indicet.
1324 2781 1405 2844 Quos
1424 2777 1535 2835 idcireo
1562 2777 1715 2836 silentium
1738 2777 1899 2850 restringit,
1913 2781 1950 2834 ut

271 2868 354 2922 Vsas.
368 2869 394 2922 9.
414 2864 656 2935 Aetplocetitei
669 2879 754 2936 quern
765 2865 864 2921 celare
882 2865 928 2919 rsit
944 2867 1064 2934 potest?
1118 2883 1155 2924 ea
1175 2884 1243 2941 quse
1266 2867 1307 2924 illi
1322 2882 1408 2924 mens
1425 2867 1608 2937 suggesserit
1621 2865 1711 2924 dicat.
1727 2868 1769 2924 Ao
1795 2867 1821 2923 si
1845 2869 1949 2938 sporta

236 2961 290 3014 out
312 2953 478 3024 decipietur
499 2959 531 3008 ut
554 2953 640 3009 tomo
657 2953 762 3010 cestris
775 2953 1016 3022 fraudulentiis?
1028 2985 1063 2993 -·
1077 2999 1098 3055 G
1117 2956 1205 3014 dicet.
1220 2961 1283 3014 Non
1297 2972 1369 3027 ergo
1383 2955 1550 3024 carnaliter,
1565 2955 1619 3014 sed
1628 2955 1818 3029 spiritualiter
1827 2955 1947 3028 loquor,

235 3044 382 3102 Fraudem
404 3045 464 3100 Deo
486 3040 615 3098 haeretici
631 3041 782 3110 exhibent,
796 3044 848 3116 qui
864 3057 900 3097 ea
914 3046 1061 3111 astruunt,
1117 3046 1189 3120 quie
1204 3061 1258 3120 per
1272 3061 1396 3102 sensum
1411 3045 1646 3118 spirituseudio‚
1661 3061 1731 3119 quae
1745 3061 1799 3118 per
1812 3044 1948 3104 ministe-

235 3151 304 3208 quee
317 3147 515 3206 nequaquem
529 3131 587 3204 ipsi
601 3147 656 3204 pro
667 3147 728 3204 quo
743 3130 916 3203 loquuntur,
928 3131 1061 3205 placent;
1117 3135 1195 3191 rium
1207 3133 1341 3208 corporis
1354 3133 1483 3208 potem.
1501 3134 1659 3208 Sequitur:

235 3219 452 3295 eumquedum
466 3219 554 3294 quasi
568 3218 727 3276 defendere
745 3219 889 3288 nituntur,
906 3217 1063 3278 offendunt
1153 3223 1239 3279 Vens.
1258 3225 1299 3278 tt.
1329 3222 1426 3290 Quare
1450 3224 1548 3279 lacero
1574 3237 1679 3282 caraea
1702 3237 1782 3281 meos
1807 3221 1947 3280 mrtem

234 3310 308 3366 dum
322 3309 354 3365 in
368 3307 546 3365 adversitate
560 3307 625 3378 eJes
650 3310 803 3377 corruunt,
817 3307 865 3364 eui
877 3307 1014 3364 videntur
1026 3325 1062 3364 ex
1116 3313 1210 3368 meir?
1227 3339 1259 3352 --
1274 3313 1307 3368 In
1319 3310 1466 3384 scripture
1480 3326 1566 3368 sacre
1578 3311 1684 3372 dautes
1696 3310 1861 3384 aliquando
1874 3325 1945 3370 aen·

234 3397 445 3472 predicatione
471 3393 619 3453 temulari.
637 3396 719 3453 Unde
741 3399 770 3453 et
794 3411 848 3469 per
873 3395 1061 3454 Psalmistem
1116 3402 1156 3460 cti
1178 3401 1387 3474 predicatores
1411 3400 1506 3474 accipi
1531 3400 1637 3470 solent,
1653 3400 1791 3458 utillud:
1811 3402 1947 3462 «Dentes

233 3487 357 3546 dicitur:
374 3509 388 3538 ι(
402 3489 437 3544 ut
449 3485 587 3544 destrues
601 3485 756 3544 inimicum
783 3487 811 3543 et
825 3485 952 3544 sutorem
967 3487 1059 3558 (Psul.
1116 3489 1168 3558 tui,
1184 3489 1260 3546 sicut
1269 3505 1374 3561 greges
1383 3493 1552 3559 tunsarum,
1562 3505 1630 3564 quse
1645 3488 1892 3548 emendaruntde
1902 3488 1946 3546 la·

233 3594 295 3648 rur,
310 3578 373 3650 3).»
389 3575 463 3641 Quia
477 3579 578 3634 autern
598 3575 689 3634 latere
714 3579 807 3634 ileum
820 3575 863 3632 nil
881 3579 988 3648 potest,
1004 3575 1061 3632 hoc
1115 3595 1205 3637 vauro
1219 3580 1319 3652 (cont.
1331 3597 1370 3647 rr,
1386 3585 1445 3648 5).»
1465 3579 1635 3654 aliquando
1649 3579 1757 3638 interni
1769 3579 1865 3653 accipi
1879 3593 1947 3638 ean·

232 3666 263 3726 in
278 3665 320 3724 eis
330 3664 457 3740 iudicat,
471 3664 555 3740 quod
578 3664 658 3722 intus
678 3664 818 3736 sentiunt,
835 3679 898 3720 non
911 3663 994 3736 quod
1017 3663 1060 3720 ie·
1116 3684 1167 3725 sns
1179 3667 1284 3734 solent,
1299 3672 1333 3724 et
1343 3667 1418 3724 illud
1428 3668 1578 3725 ieremias:
1599 3667 1718 3740 «Fregit
1731 3668 1946 3726 adnumerum

232 3755 342 3814 mulari
354 3753 426 3812 ioris
439 3754 589 3812 videnter.
606 3751 761 3827 Sequitur:
1115 3757 1220 3814 dantes
1234 3773 1318 3814 rneos
1329 3757 1449 3829 (Three.
1462 3774 1502 3828 ru,
1521 3757 1592 3828 itit.»
1607 3760 1667 3816 iios
1680 3756 1770 3828 igitur
1781 3757 1859 3828 loce,
1871 3757 1947 3832 quie

267 3849 350 3902 Vens.
368 3848 411 3901 t0.
427 3845 556 3914 Ipsecoe
572 3848 689 3916 erpeet,
706 3843 893 3914 quantumin
907 3841 1061 3900 abscondi·
1115 3845 1219 3904 dantes
1246 3845 1379 3904 internos
1407 3861 1514 3904 sensus
1539 3846 1717 3920 accipimus,
1745 3847 1799 3920 qui
1825 3846 1947 3917 singula

230 3941 262 3992 tc
274 3935 384 4006 saciare
400 3937 465 4005 ejus
478 3934 626 4004 occipitia.
639 3963 672 3973 -
689 3933 763 3988 Sernt
777 3946 909 4005 namque
924 3932 1061 3992 nonnulli
1115 3951 1184 4009 quse
1202 3936 1342 4008 coptam,
1358 3937 1446 4008 quasi
1461 3935 1611 3994 manderet
1624 3941 1653 3993 et
1666 3935 1887 4008 comminuunt,
1902 3939 1946 3997 et·

232 4023 284 4098 qui
306 4030 336 4081 et
348 4022 503 4082 veritatem
517 4021 549 4080 iu
573 4020 662 4080 corde
678 4020 820 4093 sentiunt,
836 4024 865 4076 et
879 4025 980 4078 ernau
992 4037 1060 4096 que
1115 4039 1174 4098 qua
1185 4025 1373 4082 advenirem
1385 4025 1538 4082 memoriae
1549 4025 1763 4098 transmittunt,
1776 4025 1946 4084 medae·

231 4113 310 4172 falsa
324 4117 394 4170 sunt
413 4112 450 4170 de
472 4115 533 4169 Deo
547 4111 619 4170 ieris
641 4111 815 4185 loquuntur.
832 4113 872 4167 Ne
887 4111 968 4168 enim
988 4109 1061 4170 cinci
1114 4129 1146 4170 re
1160 4129 1345 4187 magnopere
1359 4114 1433 4187 quid
1446 4129 1536 4184 agere
1548 4114 1620 4185 justi
1635 4114 1761 4186 soleant,
1777 4113 1944 4183 dabernusr

230 4202 397 4270 videantur,
423 4204 452 4258 et
480 4203 667 4272 cognoscunt
691 4199 846 4257 veritatem
871 4199 1006 4267 interius,
1030 4203 1061 4258 et
1114 4203 1168 4275 qui
1180 4203 1357 4276 plerumque
1370 4203 1395 4258 si
1409 4219 1471 4276 que
1494 4203 1526 4260 in
1539 4219 1571 4260 se
1586 4203 1753 4276 quemlibet
1766 4203 1868 4262 leviter·
1880 4219 1946 4264 aar·

231 4293 332 4347 tamen
352 4290 433 4346 hena
456 4287 579 4346 interius
598 4287 749 4362 [exterius]
774 4288 1019 4362 impugnantes
1035 4288 1059 4346 si
1115 4291 1196 4349 nalia
1218 4305 1283 4348 esse
1307 4291 1547 4364 deprehendunt,
1569 4292 1634 4350 heac
1659 4291 1783 4351 internis
1805 4291 1945 4352 sensibus

231 4393 302 4449 crgo
317 4377 445 4435 diceret:
467 4379 561 4435 Tanto
575 4377 673 4448 magis
688 4377 725 4433 de
740 4376 866 4434 falsitate
889 4377 971 4451 apud
989 4394 1059 4435 eum
1074 4345 1097 4402 ⁰
1114 4383 1318 4451 retrectantes,
1332 4381 1523 4438 vehementer
1545 4381 1577 4438 in
1596 4381 1763 4456 ancupes
1778 4381 1945 4456 hseqeun·

230 4465 300 4524 estis
314 4465 572 4540 reprehensibiles,
588 4469 701 4541 quanto
716 4471 745 4524 et
757 4463 839 4541 apud
860 4467 1059 4544 vosmetipsos
1114 4473 1173 4536 ter,
1188 4469 1348 4527 afflictione
1371 4485 1403 4526 se
1422 4473 1589 4542 conterunt,
1604 4471 1784 4544 magnisque
1806 4470 1945 4530 audeh-

231 4557 315 4632 quod
339 4569 445 4614 verum
468 4559 523 4627 est,
551 4555 667 4614 videtis.
690 4559 724 4616 Et
752 4561 827 4616 sunt¹
843 4557 979 4615 nonnulli
1007 4557 1060 4632 qui
1114 4559 1230 4617 busvst
1242 4559 1368 4616 minime
1381 4559 1413 4616 in
1426 4575 1457 4616 sa
1476 4573 1571 4634 prere
1584 4559 1761 4632 diiudicent,
1777 4561 1945 4633 anschero

214 4641 354 4722 'quamn
368 4645 407 4704 ad
417 4651 549 4704 mentem
562 4645 698 4718 redeunt,
711 4645 761 4704 Dei
773 4645 921 4720 Justitiam
934 4651 962 4703 et
977 4647 1060 4704 recti-
1113 4663 1167 4720 per
1189 4647 1395 4720 paenitentiam
1419 4647 1576 4706 damnent.
1593 4647 1680 4714 Quod
1703 4647 1813 4706 idoneo
1838 4653 1944 4720 egunt,

229 4733 365 4794 tudinem
389 4735 640 4811 contemplantur,
656 4737 684 4794 et
698 4735 814 4793 orando
832 4735 975 4793 etflendo
990 4747 1060 4792 eon·
1112 4740 1147 4793 ut
1168 4735 1200 4792 in
1222 4740 1387 4809 conspectu
1407 4737 1509 4794 eterni
1522 4735 1634 4809 judicis
1647 4740 1677 4793 et
1691 4735 1747 4810 ipsi
1762 4736 1898 4805 invem,
1914 4738 1945 4796 in

229 4825 422 4883 tremiscunt:
449 4823 501 4883 sed
534 4830 698 4901 postquam
738 4823 951 4898 contemplatio
981 4829 1060 4882 tran-
1112 4829 1261 4900 quantum
1275 4825 1420 4898 possibile
1443 4831 1498 4897 est,
1513 4825 1788 4900 irreprehensibiles
1801 4825 1944 4898 debeant,

230 4915 320 4986 sterit,
345 4911 387 4973 sic
411 4914 543 4973 audaces
575 4915 615 4972 ad
644 4914 829 4989 iniquitatem
858 4911 994 4986 redeunt,
1022 4929 1057 4972 ac
1111 4919 1141 4974 et
1154 4915 1185 4972 hi
1199 4913 1252 4988 qui
1266 4927 1319 4970 eos
1333 4913 1376 4970 sic
1390 4930 1423 4972 se
1435 4914 1570 4986 judicare
1584 4913 1783 4989 conspiciunt,
1797 4916 1944 4974 amende·

230 5003 255 5062 si
281 5007 350 5078 post
377 5001 501 5062 dorsum
526 5006 590 5077 ejus
626 5005 726 5079 positi,
753 5005 793 5062 ad
818 5003 964 5077 justitiam
993 5005 1057 5076 ejus
1111 5019 1142 5062 re
1164 5005 1341 5078 semetipsos
1361 5021 1380 5061 a
1403 5004 1500 5078 culpis
1527 5005 1717 5076 gravioribus
1742 5005 1943 5066 inardescant

228 5093 342 5152 lumine
356 5093 524 5152 videantur.
540 5093 574 5150 Hi
588 5094 689 5168 itaque
704 5093 786 5168 apud
801 5111 832 5151 se
853 5093 1057 5151 inabscondi-
1112 5095 1267 5168 Sequitur:
1295 5095 1334 5152 tit
1360 5097 1492 5153 ammom
1514 5111 1610 5153 meam
1638 5101 1725 5166 porto
1747 5096 1779 5152 io
1807 5097 1944 5154 monim

228 5187 258 5242 to
280 5183 370 5260 quasi
392 5183 586 5258 corporaliter
606 5184 758 5242 ridentem
779 5183 931 5257 accipiunt
948 5181 1055 5240 taciem
1108 5187 1190 5244 mets.
1208 5215 1242 5228 -
1257 5183 1398 5243 Animam
1423 5186 1454 5242 in
1478 5185 1620 5244 menibus
1642 5190 1763 5260 portare
1780 5190 1828 5244 est
1849 5185 1944 5268 inten3

228 5275 290 5332 bei.
307 5274 463 5350 Sequitur:
1109 5275 1222 5332 tionem
1251 5274 1350 5334 cordis
1387 5274 1417 5331 in
1454 5273 1627 5348 operatione
1650 5274 1818 5332 ostendero.
1845 5276 1887 5332 Δο
1919 5271 1945 5330 sl

263 5366 348 5422 Vsas.
364 5369 407 5422 tt.
423 5363 532 5423 Stodm
545 5371 581 5422 et
594 5379 625 5423 se
638 5365 826 5423 commoverit
843 5363 974 5420 tardavit
993 5377 1053 5432 uos,
1110 5364 1200 5435 igitur
1214 5369 1318 5422 eontra
1334 5363 1448 5421 amicos
1465 5379 1537 5421 suos
1550 5363 1658 5422 beatus
1672 5361 1730 5420 lob
1745 5362 1844 5422 dicet:
1864 5365 1944 5432 (lae

228 5456 255 5507 et
271 5456 369 5510 tenor
382 5458 447 5525 ejus
459 5456 555 5512 irruet
568 5469 660 5524 super
674 5467 734 5510 cos.
747 5455 820 5509 Cum
834 5451 872 5507 sit
885 5454 1000 5507 naturae
1012 5451 1055 5507 in·
1107 5469 1141 5510 re
1156 5456 1255 5510 lucau
1275 5467 1482 5510 cornesmeus
1504 5453 1641 5509 dentibus
1664 5455 1745 5522 meis,
1762 5459 1790 5509 el
1808 5453 1943 5510 nonaum

228 5542 671 5619 commutabilisornnipotens,
685 5541 716 5599 in
734 5541 779 5598 ire
791 5540 895 5612 judicii
913 5539 1054 5614 partiba-
1105 5557 1203 5602 meum
1226 5547 1316 5614 porto
1344 5543 1376 5598 in
1397 5543 1535 5600 manitas
1562 5543 1656 5601 mersi
1687 5541 1720 5600 ld
1741 5545 1788 5600 est
1814 5557 1869 5598 eur
1895 5539 1944 5598 val

226 5627 296 5688 bilis
330 5637 394 5688 een
423 5635 478 5690 eet.
508 5631 567 5691 &d
589 5631 725 5689 humano
756 5628 849 5688 verbo
878 5633 979 5688 mewa
1004 5629 1055 5688 Dei
1110 5630 1307 5687 mediatricis
1332 5645 1434 5688 coram
1456 5631 1789 5703 hominibesdijudico,
1805 5627 1944 5703 reiquid
