4110 6138
634 179 661 236 S.
682 175 812 234 ODONlS
831 169 976 230 arentis
995 167 1060 227 SEU
1079 165 1248 226 stractus
1266 164 1395 223 0⁰0le
1414 163 1571 222 uouacur

639 1129 1823 1160 *ssmm-ffl—

823 1161 915 1221 Linea
1002 1159 1097 1216 Victo·
1188 1158 1249 1215 rire.

296 2201 328 2255 ln
342 2213 378 2256 ea
392 2201 469 2256 certe
482 2195 616 2254 invenies
636 2196 858 2266 argumentum,
874 2187 1042 2248 maximum
1054 2187 1085 2244 in
1099 2198 1126 2251 „t
1142 2201 1245 2242 merus
1255 2181 1466 2256 distinguatur,
1481 2181 1592 2244 valebit
1610 2185 1771 2262 inspicere:
1792 2190 1873 2260 quot
1892 2187 1983 2244 ctiam
2053 2191 2054 2202 ¹

261 2303 293 2343 se
305 2286 498 2344 arithmeticae
511 2283 712 2343 continentem
733 2283 873 2340 fructum.
891 2281 976 2336 Recte
998 2292 1085 2332 nam·
1141 2289 1319 2348 camporum
1333 2273 1447 2348 spalda,
1463 2275 1510 2333 vel
1521 2267 1612 2335 etiam
1626 2277 1749 2351 quasin
1763 2281 1869 2351 partes
1882 2277 1985 2348 singu-

259 2391 318 2449 que
333 2375 421 2432 debet
434 2373 492 2432 diei
515 2375 738 2446 augmentum,
754 2371 826 2444 quia
846 2374 875 2426 et
895 2365 1019 2425 auribus
1038 2381 1086 2422 so·
1140 2359 1286 2421 laslioeat
1300 2361 1416 2437 species
1443 2365 1620 2438 producere,
1634 2367 1686 2440 qui
1708 2365 1835 2424 minoris
1865 2367 1984 2438 torma,

259 2467 321 2535 nat,
337 2469 366 2521 et
379 2465 446 2538 ipsa
457 2459 497 2519 rei
514 2459 633 2520 veritate
647 2461 792 2536 probatur
805 2463 918 2530 argutae
928 2451 1036 2513 mentis
1045 2453 1088 2510 in-
1142 2453 1196 2527 qui
1219 2453 1357 2510 rotunda
1382 2453 1470 2528 quive
1486 2456 1654 2530 ¹¹quadratos
1679 2455 1811 2514 debeant
1836 2457 1984 2526 exissem
2053 2525 2054 2528 Ἴ

260 2555 402 2610 ventum:
419 2551 471 2608 ubi
484 2567 546 2608 una
559 2549 726 2624 eademque
736 2563 943 2615 numerorum,
956 2544 1037 2619 paris
1047 2543 1090 2599 vi·
1143 2539 1272 2614 qualiter
1282 2538 1373 2600 etiam
1388 2543 1497 2616 singuli
1511 2545 1629 2604 numeri
1647 2545 1722 2602 dum
1737 2546 1900 2602 contrariis
1915 2545 1986 2601 insi·

261 2639 367 2698 delicet
379 2640 565 2713 imparisque
576 2639 705 2695 invicem
721 2635 907 2694 concorditer
917 2633 1090 2691 discordan-
1145 2629 1278 2702 dicutur,
1289 2631 1403 2706 seipsos
1417 2633 1579 2690 metiantur
1598 2651 1669 2692 cum
1693 2649 1879 2708 camporum
1892 2635 1983 2692 inter·

261 2729 308 2799 tis,
334 2726 435 2786 subtili
461 2725 645 2784 delectamur
676 2721 847 2782 certamine.
875 2723 905 2781 Si
924 2721 1005 2780 enim
1027 2721 1091 2778 dili·
1147 2713 1311 2791 capedine:
1326 2718 1365 2778 ad
1383 2717 1533 2792 ultimum,
1549 2722 1705 2796 quomodo
1726 2723 1795 2798 quis
1820 2723 1984 2780 advincere
2053 2723 2054 2728 ’

262 2818 378 2889 gentius
398 2813 594 2890 inspiciamus
613 2815 718 2873 intimo
743 2813 851 2871 mentis
875 2811 995 2884 intuitu,
1007 2807 1092 2886 quod
1146 2807 1273 2864 tendens
1285 2807 1317 2866 in
1331 2809 1399 2884 ipsa
1415 2827 1613 2869 numerorum
1634 2811 1847 2870 constitutione
1876 2812 1987 2869 debeat

259 2906 348 2964 nobis
359 2905 428 2964 utile
440 2906 531 2963 lateat
552 2905 670 2962 numeri
688 2904 736 2962 vel
759 2903 1014 2976 multiplicatione,
1031 2899 1092 2957 cla·
1148 2899 1338 2970 constituere,
1361 2899 1464 2976 sicque
1489 2901 1530 2960 ad
1552 2901 1716 2976 perfectam
1738 2902 1899 2960 victoriam
1925 2909 1986 2960 ten-

259 2995 336 3054 rebit
350 2995 513 3069 perlucide,
541 2995 571 3052 in
590 2995 637 3051 his
659 2993 836 3065 maximam,
853 2996 886 3049 ut
907 3007 999 3065 supra
1019 2990 1093 3077 dixi,
1150 2986 1231 3044 dere.

258 3085 451 3142 arithmeticae
464 3083 655 3158 disciplinam
665 3082 843 3139 fructificare
857 3082 907 3150 ;in
921 3081 968 3137 lris
984 3079 1093 3136 etenim
1190 3083 1239 3140 llis
1250 3079 1894 3156 itaqueomnibuclnprelatalectionecerta
1904 3082 1984 3150 sede,

258 3174 371 3232 difficili
394 3173 623 3248 proportionum
643 3172 683 3231 ad
705 3184 736 3229 se
763 3167 893 3228 invicem
916 3167 1094 3227 habitudine
1149 3173 1428 3240 certomotu,certa
1441 3171 1566 3229 victoria
1579 3171 1641 3230 llne
1663 3171 1797 3244 legitimo
1819 3171 1985 3246 dispositis,

259 3280 382 3321 omnem
395 3263 595 3320 monochordi
607 3277 793 3330 mensuram,
815 3260 864 3318 vel
878 3259 969 3317 etiam
994 3257 1093 3316 omnis
1149 3256 1278 3317 deterosi
1288 3255 1452 3332 [decaetero
1465 3259 1502 3332 si]
1516 3261 1591 3335 quid
1604 3266 1717 3322 restare
1736 3261 1871 3318 cernitur
1892 3261 1985 3317 intra·

259 3352 467 3426 cujuscunque
481 3351 588 3408 musici
596 3350 784 3408 instrumenti
798 3347 1013 3424 symphoniam
1024 3363 1093 3405 con·
1148 3351 1261 3406 clatum
1271 3345 1417 3404 velnobis
1429 3347 1530 3405 minus
1552 3349 1734 3422 proficuum,
1748 3349 1778 3406 in
1800 3365 1866 3423 quo
1886 3353 1986 3406 noster

258 3457 383 3499 sonare:
399 3440 430 3497 in
443 3440 490 3496 his
503 3455 626 3513 quoque
641 3440 771 3497 rationes
786 3437 817 3496 in
830 3437 938 3496 divina
956 3433 1095 3494 lectionis
1147 3433 1256 3497 titubet
1269 3435 1404 3502 aflectus,
1418 3437 1450 3494 in
1463 3433 1522 3496 hoo
1536 3437 1988 3512 enucleando,licetstolide,no·

259 3530 477 3604 expositionem
492 3523 677 3586 multimodis
689 3529 776 3586 utiles
790 3533 939 3586 constare.
949 3531 1008 3585 Nos
1018 3539 1090 3584 rero
1105 3545 1130 3600 Β
1148 3527 1278 3600 sterjam
1292 3531 1416 3586 acuetur
1429 3528 1563 3588 effectus.
1583 3533 1625 3588 lie
1645 3532 1737 3588 trium
1756 3545 1905 3602 genuum
1922 3547 1987 3603 spe·

259 3619 337 3676 velut
351 3619 441 3676 rudes
467 3617 627 3688 intellectu,
647 3619 700 3692 qui
720 3618 811 3690 hujus
836 3617 959 3676 novello
975 3617 1092 3690 planta*
1148 3617 1251 3678 clebus
1267 3621 1370 3674 nostra
1394 3618 1514 3677 solertia
1527 3619 1638 3693 rideat,
1651 3620 1809 3694 quomodo
1823 3621 1927 3694 prima
1942 3620 1986 3676 sui

257 3709 346 3768 tionis
372 3709 510 3766 nondum
545 3708 690 3766 satiamur
721 3707 829 3780 fructu,
851 3706 947 3780 ipsius
987 3710 1089 3764 umen
1146 3703 1529 3778 multiplicationecrescat;
1542 3709 1710 3782 penultima
1720 3708 1804 3784 quali
1813 3709 1987 3766 adsescha-

259 3798 343 3872 pomi
356 3797 444 3856 dulce
467 3793 627 3872 fragrantis
641 3813 696 3872 per
716 3793 813 3871 ipsius
837 3795 1013 3855 exteriorem
1027 3811 1091 3853 non
1146 3791 1283 3852 bitudine
1298 3809 1427 3853 numero
1434 3810 1596 3855 numerum
1605 3803 1778 3874 comparet;
1792 3795 1903 3856 ultim
1912 3814 1988 3872 quo·
2053 3801 2054 3834 ³

258 3887 448 3946 dulcedinem
485 3887 660 3944 interiorem
698 3881 795 3960 palati
829 3885 930 3944 adhuc
958 3885 1090 3942 asurim
1147 3881 1241 3940 modo
1249 3899 1314 3940 sese
1323 3885 1585 3959 proportionaliter
1597 3891 1757 3960 augeatet
1780 3889 1909 3964 insuper
1918 3889 1986 3963 plus

257 3977 294 4036 tis
311 3975 487 4034 summatim
496 3975 721 4050 prelibavimus
732 3975 903 4047 gustutanti
913 3973 972 4032 favi
982 3973 1090 4034 melin·
1147 3971 1270 4046 reliquis
1284 3972 1340 4029 sibi
1350 3973 1465 4048 aliquid
1480 3976 1724 4050 superaddendo,
1735 3977 1782 4034 sui
1797 3977 1946 4049 dignitate
1959 3981 1986 4034 et

257 4067 348 4126 torius
359 4067 466 4138 latens,
481 4069 571 4126 unta
590 4066 701 4124 scilieet
723 4065 793 4124 artis
814 4063 1008 4123 subtilitatem
1026 4079 1093 4122 non
1148 4060 1364 4121 numerositate
1378 4069 1501 4123 ceteros
1520 4067 1748 4140 superexcellat.

257 4157 389 4229 suppetit
398 4156 524 4214 tacsdtas
535 4156 707 4228 singillatim
717 4171 882 4230 exponere,
899 4169 993 4228 epum
1006 4154 1088 4212 enim
1184 4150 1357 4208 &cundum
1387 4153 1606 4213 arithmeticam
1628 4153 1784 4230 multiplex
1808 4169 1909 4228 genus
1934 4157 1984 4228 est,

255 4244 428 4317 repellimur
443 4244 564 4313 aculeis,
579 4261 618 4302 ne
631 4243 803 4302 desiderate
820 4243 979 4301 valeamus
991 4242 1089 4315 perci-1
1147 4253 1218 4297 oum
1228 4254 1373 4298 nummus
1382 4257 1512 4301 numero
1525 4249 1719 4320 comparatus
1733 4244 1831 4313 itinn,
1841 4247 1897 4304 cui
1906 4261 1988 4304 oom-

256 4331 1090 4407 pere,ipsarumvidslicetrhythmimaobiaediversarum
1145 4331 1273 4403 paratus
1287 4333 1343 4401 est,
1358 4331 1390 4390 in
1404 4333 1542 4392 sehabet
1564 4333 1731 4408 plusquam
1755 4334 1870 4393 semel:
1895 4335 1988 4408 hujus

257 4423 485 4496 proportionum
501 4421 585 4494 gravi
595 4421 749 4494 rejicimur
762 4420 976 4495 condilomate,
988 4435 1028 4478 ne
1048 4419 1090 4479 ed
1145 4417 1263 4490 gerens
1274 4421 1393 4479 numeri
1407 4425 1579 4498 suntaperi
1598 4425 1633 4497 ll,
1655 4422 1699 4494 IV,
1718 4425 1763 4495 u,
1788 4425 1898 4497 vnto
1920 4425 1987 4484 toti-

255 4510 348 4584 huJ‘us
360 4511 488 4570 scientie
500 4510 659 4570 secretiora
670 4511 767 4584 possit
782 4511 960 4585 pertingere.
1144 4507 1217 4564 dem
1229 4507 1374 4568 nimirum
1389 4513 1533 4583 numeris,
1543 4529 1623 4588 quos
1635 4514 1772 4574 charius
1786 4513 1898 4590 duplo,
1909 4531 1984 4590 que·

290 4605 450 4662 Tonternus
470 4600 576 4660 salum
595 4600 726 4670 leviora;
749 4600 861 4674 qsiibus
888 4599 973 4658 haud
996 4614 1088 4674 posse
1144 4595 1292 4656 ternarius
1301 4601 1483 4676 quadruplo,
1493 4603 1630 4661 senarios
1642 4603 1797 4678 sexcuplo,
1806 4603 1987 4662 octonarius

253 4691 356 4750 subest
369 4691 452 4767 prius
465 4691 614 4749 discutere
630 4687 809 4760 difficiliore,
833 4699 890 4747 nec
913 4687 986 4746 nisu
997 4691 1088 4747 mme-
1144 4686 1266 4760 octuplo
1279 4687 1389 4748 insese
1401 4691 1615 4767 multiplicatos
1632 4689 1723 4767 quest
1733 4692 1837 4752 sociali
1858 4693 1987 4769 copule·

253 4781 333 4840 rario
352 4798 398 4855 ea,
414 4798 482 4858 quoe
497 4781 561 4854 ipse
579 4779 671 4853 hujus
694 4779 765 4838 artis
789 4778 929 4854 panditor
953 4778 1086 4838 studiose
1144 4773 1226 4832 tione
1241 4775 1299 4833 sibi
1313 4779 1474 4840 asciscunt.

253 4869 440 4940 investigata,
455 4873 487 4926 ut
497 4869 634 4927 omnium
648 4867 818 4926 liberalium
828 4869 937 4926 artium
948 4868 1087 4927 imbutus
1184 4870 1235 4926 llic
1246 4868 1415 4926 notandum
1424 4870 1616 4944 quodunitas
1631 4870 1721 4929 totius
1737 4869 1924 4945 pluralitate
1937 4885 1986 4944 ge·

255 4956 532 5024 scientia,notitiam
546 4957 717 5015 futurorum
730 4953 807 5032 stylo
820 4953 905 5016 haud
917 4959 1082 5034 parvipen-
1100 4919 1127 4977 Β
1143 4957 1233 5017 nitrix
1242 4953 1416 5014 naturaliter
1423 4955 1583 5030 singularis
1593 4957 1709 5018 nullam
1724 4959 1851 5034 recipiat
1874 4963 1986 5037 paritr·

253 5043 354 5102 dendo
369 5045 517 5119 patefecit,
533 5047 714 5118 repetamus.
737 5046 796 5106 Sed
811 5045 895 5105 salva
908 5046 1004 5121 ipsius
1018 5061 1083 5120 per·
1143 5045 1850 5125 tisctlmparitatissectionem‚quiapcritatcsibi
1858 5045 1986 5128 propris

253 5151 334 5194 sonre
350 5135 523 5195 auctoritate
542 5151 579 5192 ex
593 5136 731 5209 ejusdem
749 5139 778 5193 et
801 5136 969 5211 scriptionis
996 5141 1083 5211 prato
1142 5137 1591 5211 ceterisprincipaliterexstans
1606 5139 1653 5197 sui
1660 5139 1816 5212 dignitate,
1834 5141 1982 5200 minorari

252 5226 393 5286 flosculos
418 5225 580 5285 mellifluos
605 5225 748 5300 legentes,
773 5231 883 5283 nostro
906 5227 1084 5298 ignorantes
1141 5227 1446 5300 veleugerinesciers
1462 5229 1563 5287 unitas
1579 5233 1759 5303 perseverat
1773 5233 1985 5306 marsupio

252 5315 338 5374 utiles
357 5316 569 5376 recondamus.
600 5318 727 5374 uaeas
746 5331 819 5373 vero
842 5315 1086 5389 rhytmimachies
1140 5318 1981 5396 positaredeamue,quodsuperiusprctulimoscxempll

251 5421 374 5465 normas
401 5407 515 5466 ibidem
542 5403 667 5480 pleniter
699 5403 888 5462 subtitulatas
928 5404 1083 5464 memorie
1140 5425 1243 5482 causa,
1264 5408 1360 5483 ipsius
1383 5406 1638 5484 multiplicationis
1659 5425 1751 5484 opere
1774 5413 1911 5485 apertus
1933 5427 1983 5468 cx·

231 5537 234 5546 .
251 5511 313 5553 non
328 5497 554 5555 subtrahamus.
572 5495 617 5552 lbi
640 5509 774 5568 namque
788 5493 936 5567 prelibati
958 5493 1081 5552 cecilie·
1139 5497 1296 5572 pergendo
1310 5497 1509 5557 &cudamus
1533 5499 1585 5556 sic.
1600 5500 1647 5556 Bis
1661 5499 1725 5558 duo
1739 5504 1812 5558 sunt
1823 5506 1959 5574 quatuor

250 5589 299 5643 tus
313 5590 476 5656 certamen,
490 5587 514 5644 si
528 5585 614 5660 quod
626 5581 726 5650 libeat,
751 5583 860 5658 poterit
877 5599 1079 5656 cognoscere:
1138 5603 1208 5646 ecoe
1218 5588 1314 5646 habes
1324 5587 1444 5664 duplas,
1461 5589 1562 5661 idest,
1576 5593 1708 5665 quatuor
1728 5591 1768 5650 ed
1780 5591 1863 5662 dno;
1888 5591 1969 5650 habe

249 5675 292 5732 ibi
303 5679 379 5750 quot
392 5690 537 5748 generum
548 5673 704 5750 speciebus
717 5673 766 5732 hic
784 5690 840 5749 par
859 5673 892 5734 in
910 5675 1010 5750 imper
1023 5689 1080 5735 nu·
1137 5677 1606 5754 enimquetemericsbinerium
1628 5677 1724 5755 duplo
1742 5680 1774 5738 ln
1798 5695 1842 5739 se.
1863 5683 1964 5749 Quale
