4160 6162
155 159 209 213 ree
374 151 376 156 ·
577 153 727 214 serrone
745 137 930 206 nonnitus
949 135 979 192 S*
999 134 1101 195 GREG·
1122 140 1248 206 ¹N1013·
1269 184 1304 194 -
1323 154 1388 215 tu.
1409 160 1456 215 vn
1812 175 1866 230 cro

153 283 205 350 tat,
218 285 335 354 quanto
349 281 433 355 prius
447 281 570 338 infirme
587 273 733 350 fugiebat,
757 273 822 330 haec
840 285 902 344 pres
929 259 1019 324 abab
1037 269 1208 328 transitoria
1223 275 1287 333 sine
1297 282 1463 342 cessatione
1474 287 1607 360 diligere,
1622 291 1726 353 cdntra
1744 281 1865 371 nagelta

151 371 250 442 gustis
260 371 401 441 comedit,
415 387 482 446 qure
498 370 581 444 prius
597 373 720 441 tangere
735 363 867 422 nolebat.
880 357 982 432 Sequi·
1037 359 1204 420 conditoris
1212 365 1424 428 insensibiliter
1432 377 1607 448 perdurare.
1622 385 1662 440 lte
1675 384 1723 441 his
1735 389 1864 462 prophe-

152 464 211 518 ιω,
1035 450 1065 505 ta
1081 450 1122 507 ait
1137 456 1233 511 :cve
1248 457 1533 532 quipbtcntesestis
1563 469 1602 527 ad
1628 461 1798 546 potandum
1822 477 1865 534 vi.

188 553 274 608 vers.
287 555 313 608 8.
331 545 401 618 (turs
414 553 463 608 det
478 557 509 606 nt
525 551 626 607 veniat
636 547 743 620 petitio
757 559 834 613 mea,
850 543 878 598 et
900 537 981 611 quod
1034 553 1119 596 num.
1135 560 1151 595 ›
1167 545 1200 600 Et
1213 545 1329 621 reliqua
1344 547 1413 622 (Iso.
1426 569 1454 610 v.
1470 559 1527 624 22).
1545 559 1578 615 Et
1594 577 1600 614 ε
1617 579 1633 614 s
1649 565 1722 622 Ecce
1736 581 1864 641 occupe-

151 643 258 708 repeto
273 639 383 696 tabeat
396 639 473 696 mitti
485 641 640 706 Dominus,
656 642 684 694 et
698 633 848 708 quicoptt
862 631 981 700 ipsene
1034 634 1141 686 verunt
1155 633 1289 692 animam
1304 653 1416 712 meam,
1434 647 1463 698 et
1475 641 1669 707 irrueruntin
1696 667 1745 710 me
1774 655 1863 712 tortes

151 735 289 787 conterat
297 732 346 786 t-
360 732 424 788 Non
437 730 518 786 enirn
526 745 580 803 per
593 725 815 786 contumaciam
829 719 938 796 expetit
948 733 980 774 se
1034 717 1128 784 (Psat.
1145 737 1222 792 rvrrr,
1235 725 1272 796 t).
1288 749 1303 777 n
1318 729 1420 787 Fortes
1433 731 1545 806 quippe
1566 736 1619 808 qui
1646 740 1729 798 mala
1756 745 1863 802 mundi
1890 762 1894 772 ·

150 817 307 890 exstingui,
324 824 357 876 ut
377 819 554 892 injustiu'am
580 816 710 875 ferientis
738 815 867 880 accuset,
895 805 979 883 quod
1034 806 1161 866 tolerant
1172 828 1227 884 pro
1239 815 1365 888 mundo,
1379 820 1506 895 ejusque
1521 825 1644 898 gaudie,
1665 833 1697 884 ut
1719 829 1761 888 ita
1781 833 1863 890 dixe-

147 907 249 964 rerbis
277 909 474 981 sequentibus
498 909 695 976 demonstrat,
724 905 852 962 dicens:
876 923 890 950 «
914 902 978 954 Non
1032 895 1277 971 rim,qurerentes
1290 908 1429 980 perdunt,
1442 925 1496 968 nec
1515 917 1617 970 tamen
1644 915 1708 972 brec
1735 921 1861 990 perden-

147 996 354 1054 contradicam
369 997 560 1054 sermonibus
589 995 699 1052 sanctis
728 993 805 1062 (Job.
832 1007 869 1058 rr,
893 987 977 1058 tot.»
1032 985 1073 1042 do
1086 987 1258 1059 fatigantur.
1275 1001 1316 1053 Ac
1333 997 1358 1054 si
1372 1015 1444 1071 crgo
1456 1002 1501 1058 vir
1528 1009 1649 1061 sanctus
1665 1005 1762 1063 dicat:
1786 1009 1861 1066 Male

149 1086 310 1144 Sciendum
324 1103 397 1144 vero
411 1087 541 1160 estquia
562 1083 728 1159 aliquando
755 1097 811 1139 nos
840 1078 979 1136 adversa-
1032 1079 1141 1156 mundi
1155 1097 1211 1152 pro
1233 1087 1350 1143 mundo
1380 1090 1505 1148 tolerare
1519 1108 1648 1168 nequeo,
1670 1097 1816 1170 quiajam
1829 1099 1860 1156 in

147 1175 220 1244 rius,
237 1175 404 1250 aliquando
419 1181 520 1233 autem
535 1174 660 1232 conterit
674 1177 760 1230 lleus.
775 1173 817 1227 Ex
836 1167 976 1226 advcrse-
1032 1169 1097 1240 eius
1111 1171 1259 1230 desiderio
1272 1175 1356 1233 tortis
1369 1195 1432 1236 non
1448 1198 1527 1239 sum.
1544 1186 1620 1240 Dum
1636 1186 1716 1242 enirn
1727 1203 1860 1260 praesen-

147 1265 183 1322 rii
196 1266 371 1323 contritione
386 1265 544 1324 deficimus
558 1265 701 1322 avirtute.
715 1263 770 1318 Per
779 1257 895 1317 Domini
905 1271 977 1313 vero
1031 1255 1068 1312 tis
1079 1257 1145 1315 vitre
1158 1260 1251 1318 finem
1266 1265 1430 1339 conspicio,
1458 1285 1511 1325 cur
1534 1286 1589 1343 pro
1618 1274 1734 1330 mundo
1760 1275 1858 1348 patiar

147 1356 357 1413 contritionem
384 1355 469 1413 fracti
495 1355 573 1412 vitiis
600 1354 631 1411 in
655 1353 761 1410 virtute
788 1349 974 1408 laboramus.
1032 1347 1119 1418 cujus
1135 1351 1301 1422 appetitum
1315 1355 1398 1412 calco
1411 1357 1426 1412 t
1439 1359 1587 1431 Sequitur.

148 1443 220 1501 ilinc
233 1444 379 1518 scriptum
393 1448 457 1502 est:
474 1464 490 1498 ι
518 1447 611 1515 Reges
640 1457 692 1499 eos
719 1439 750 1496 in
771 1439 857 1508 virga
881 1435 976 1492 terrea
1067 1437 1151 1494 Vens.
1168 1443 1210 1495 tt.
1226 1441 1287 1498 Nec
1297 1444 1447 1512 fortitudo
1459 1448 1595 1517 tapetium
1611 1451 1762 1519 fortitudo
1783 1467 1858 1526 mea,

146 1535 242 1607 (Psnt.
259 1551 291 1603 rr,
305 1537 343 1608 9).
360 1557 374 1585 »
391 1537 464 1592 Cum
479 1535 629 1592 enimnos
648 1531 776 1590 cxterius
800 1525 914 1598 affligit,
931 1524 976 1580 in·
1031 1540 1167 1583 neccaro
1182 1545 1248 1586 rnen
1262 1545 1344 1588 enea
1358 1535 1526 1601 cst—Quid
1540 1525 1861 1599 hoclocoeereautla-
1898 1557 1906 1574 ·

146 1623 238 1680 terius
252 1622 356 1681 reficit.
367 1626 402 1680 Et
414 1623 486 1697 quia
496 1623 674 1697 plerumque
702 1619 842 1676 vitiorum
867 1611 974 1671 contri·
989 1604 1012 1661 Β
1030 1614 1163 1688 pidibus‚
1175 1618 1232 1675 nisi
1239 1619 1459 1680 insensibilium
1466 1625 1626 1683 hominurn
1637 1627 1730 1687 corda
1741 1631 1860 1701 signan-

145 1703 258 1772 tionem
272 1714 304 1772 in
317 1713 406 1772 nobis
418 1714 563 1772 Dominus
577 1728 666 1785 agere
679 1711 810 1778 inchoat,¹
825 1705 878 1764 scd
903 1719 974 1762 cum
1029 1707 1088 1772 tur,
1103 1707 1156 1780 qui
1170 1708 1253 1768 nulla
1267 1712 1458 1783 percussione
1469 1715 1669 1774 mollescunt?
1679 1719 1743 1785 Quo
1754 1723 1859 1778 contra

145 1819 232 1860 mens
245 1819 282 1860 ex
296 1803 364 1878 ipso
377 1803 501 1862 exordio
516 1803 667 1878 proiectus
680 1799 839 1867 extollitur,
866 1794 973 1852 adver·
1029 1792 1129 1851 electis
1142 1795 1268 1855 dicitur:
1285 1801 1426 1860 ‹Tollam
1441 1803 1526 1861 vobis
1547 1821 1600 1862 cor
1620 1805 1785 1879 lapideum,
1800 1830 1814 1859 n
1828 1811 1859 1865 et

146 1891 225 1950 sario
239 1893 356 1950 aditrrm
365 1893 482 1968 pandit.
498 1895 686 1966 Quapropter
697 1889 815 1948 innotus
835 1885 879 1944 vir
902 1900 973 1942 exo-
1027 1883 1144 1957 reliqua
1159 1887 1275 1958 (lineola
1302 1907 1402 1961 xxxvr,
1427 1893 1484 1966 26).
1507 1894 1620 1952 Pardus
1644 1913 1766 1970 quoque
1793 1897 1855 1954 ait:

145 1984 192 2037 rat
204 1980 329 2038 dicens:
724 1979 729 1988 '
1029 1992 1045 2026 a
1062 1974 1090 2030 Si
1104 1973 1214 2047 linguis
1228 1977 1387 2038 bominum
1408 1981 1517 2056 loquar
1530 1987 1558 2041 et
1581 1985 1769 2058 angelorum,
1786 2009 1801 2036 »
1829 1989 1858 2043 et

122 2135 125 2142 Ι
182 2073 268 2127 Vere.
280 2075 306 2126 e.
323 2070 381 2137 Qui
393 2072 492 2141 cepe
506 2073 568 2140 ipsc
579 2085 626 2127 me
641 2073 785 2126 cantant.
797 2070 872 2122 -Ac
897 2063 921 2120 si
933 2062 975 2120 di·
1028 2061 1144 2136 reliqua
1157 2067 1186 2132 (I
1197 2067 1268 2124 Gor.
1283 2085 1347 2140 xrrr,
1366 2071 1400 2142 1).
1418 2071 1521 2146 Lepidi
1533 2073 1639 2130 similis
1661 2079 1706 2132 cst
1718 2073 1857 2148 quisquis

123 2222 127 2232 ι
146 2162 196 2214 cat
211 2175 218 2213 :
232 2161 292 2215 lloc
306 2158 429 2232 quodin
437 2174 486 2215 me
493 2174 636 2215 exorsum
647 2161 700 2220 est,
714 2154 857 2229 perficere
869 2153 973 2210 ferien-
1029 2169 1048 2208 a
1059 2154 1336 2232 pietatispreoepto
1350 2159 1491 2232 durescit,
1506 2169 1535 2220 et
1548 2180 1707 2238 percussus
1724 2167 1857 2222 sonitum

145 2246 187 2304 do
201 2261 264 2305 non
273 2248 445 2314 desinat,nc
455 2247 607 2306 desertum
619 2262 668 2303 mc
678 2241 897 2304 adversarioad
906 2256 974 2298 con·
1029 2240 1151 2300 humilis
1166 2244 1363 2304 confessionis
1374 2264 1437 2308 non
1449 2251 1557 2308 reddit.
1571 2251 1698 2318 Quidam
1711 2269 1782 2310 rere
1792 2268 1856 2308 me-

145 2336 297 2394 tritionem
313 2337 421 2396 tradat.
432 2337 585 2410 Sequitur:
601 2337 705 2394 Solvet
716 2349 838 2392 manum
849 2347 934 2389 snam
946 2337 974 2388 et
1029 2330 1100 2386 tallo
1112 2332 1178 2388 eris
1190 2332 1221 2389 in
1230 2333 1314 2392 nullo
1329 2335 1543 2411 discrepantes,
1569 2356 1640 2396 cum
1662 2341 1783 2411 flagella
1806 2355 1856 2396 su-

144 2427 281 2484 snccidm
288 2428 488 2486 rna-Solvet
500 2443 623 2485 manum
631 2425 750 2496 dicitur,
758 2425 894 2480 exerceat
903 2420 972 2478 effe-
1027 2433 1128 2492 perna
1140 2424 1342 2494 percussionis
1352 2426 1513 2499 accipiunt,
1529 2427 1587 2500 pire
1602 2427 1798 2486 confessionis
1811 2443 1857 2484 so·

144 2519 236 2573 ctnrn.
254 2517 312 2574 Sed
327 2533 398 2573 curn
410 2533 466 2574 nos
481 2516 581 2574 extolli
595 2515 737 2574 Conditor
759 2513 914 2586 conspicit,
943 2513 972 2568 et
1026 2507 1107 2564 nitus
1121 2511 1268 2570 emittunt.
1283 2513 1340 2570 Sed
1355 2514 1408 2588 qui
1420 2515 1596 2573 humilitatis
1610 2533 1699 2574 voces
1714 2533 1751 2572 ex
1765 2515 1856 2572 corde

145 2591 280 2664 amorem
295 2623 384 2664 suum
395 2623 467 2679 erga
480 2622 537 2664 nos
552 2622 606 2680 por
620 2606 746 2664 verbera
769 2620 831 2662 non
843 2605 970 2673 exercet,
1026 2614 1089 2656 non
1101 2602 1266 2674 proterunt,
1283 2604 1323 2662 ad
1336 2609 1445 2662 statum
1461 2606 1564 2663 salutis
1578 2607 1703 2678 reducti,
1718 2606 1857 2664 nesciunt

145 2693 218 2768 quia
231 2693 271 2751 ed
283 2694 416 2752 ferienda
429 2693 528 2752 in'nos
542 2699 646 2754 nostra
665 2694 736 2751 vitia
750 2709 876 2752 manum
888 2691 970 2764 liget.
1027 2690 1111 2762 quod
1125 2693 1336 2766 promiserunt.
1348 2703 1389 2752 Ac
1402 2695 1427 2752 si
1441 2712 1512 2768 ergo
1531 2698 1577 2754 vir
1603 2701 1726 2756 sanctus
1751 2697 1832 2754 dicat
1847 2713 1854 2750 ι

114 2785 179 2870 Χ,Εἰ
193 2800 263 2842 cum
276 2800 398 2842 securos
408 2801 465 2843 nos
479 2801 514 2842 ao
529 2785 567 2842 de
576 2786 718 2842 virtutum
734 2782 887 2841 affluentia
911 2780 972 2838 cla·
1027 2779 1235 2852 Reproborum
1250 2783 1442 2842 similitudine
1459 2785 1516 2842 sub
1528 2785 1692 2859 disciplinae
1721 2785 1855 2852 verbere,

146 2878 192 2930 tos
208 2879 329 2948 repente
340 2874 388 2932 rel
397 2874 507 2947 flagelli
521 2874 618 2945 dolor,
633 2875 681 2932 vol
704 2871 884 2930 infirmitatis
913 2873 975 2928 ten-
1028 2883 1084 2924 nec
1099 2886 1182 2926 more
1195 2870 1331 2944 lapidum
1344 2873 1384 2930 ita
1403 2873 1562 2942 obduravi,
1589 2879 1622 2931 ut
1647 2891 1665 2932 a
1690 2873 1857 2930 ministerio

146 2962 218 3019 tatio
233 2963 371 3036 percutit,
386 2963 524 3036 protinus
535 2979 554 3020 a
567 2966 661 3020 status
677 2962 723 3018 sui
735 2961 843 3018 vertice
867 2949 1011 3015 mentiso
1030 2957 1226 3016 confessionis
1242 2961 1461 3032 obmutescam,
1473 2979 1529 3020 nec
1551 2979 1673 3020 rursum
1699 2963 1787 3038 qnasi
1816 2979 1857 3019 res

147 3056 255 3108 nostras
270 3051 359 3110 elatio
370 3047 487 3110 succisa
511 3051 600 3121 cadit,
616 3055 649 3109 ut
663 3051 700 3108 de
716 3049 878 3122 semetipse
903 3045 977 3104 nihil
1029 3049 1465 3124 vocemconfessionisresono,
1476 3052 1724 3109 etsensumrocis
1739 3053 1855 3124 ignoro.

147 3141 267 3212 audeat,
279 3141 332 3198 sed
346 3140 526 3199 infirmitatis
537 3157 600 3198 suae
616 3143 676 3198 ictu
688 3141 839 3214 prostrata
848 3151 976 3194 menum
1032 3135 1169 3208 Sequitur
1185 3155 1192 3194 τ

146 3229 273 3288 levantis
287 3235 412 3304 quaeret.
429 3232 505 3290 Hine
520 3231 661 3306 estquod
674 3229 769 3288 sancti
792 3228 846 3286 riri
870 3226 977 3284 tentari
1066 3228 1150 3284 Vens.
1168 3229 1302 3299 isticce,
1318 3235 1431 3288 nonest
1446 3230 1596 3287 auritium
1609 3229 1685 3286 milei
1699 3229 1730 3285 in
1756 3244 1858 3286 me.—

147 3324 303 3394 appetunt,
319 3320 466 3392 flagellari
473 3321 701 3395 concupiscunt,
716 3319 848 3376 dicentes
864 3336 871 3374 :
885 3320 975 3373 «Pro
1031 3313 1114 3374 Patet
1124 3318 1189 3390 jem
1202 3319 1242 3376 ad
1255 3320 1342 3392 cujus
1357 3319 1489 3393 speciem
1504 3318 1638 3393 percussi
1650 3319 1770 3376 animus
1793 3335 1858 3394 pcr-

146 3408 189 3465 ba
200 3425 260 3478 me,
276 3411 412 3481 Domine,
427 3415 456 3467 et
470 3415 550 3468 tenta
563 3426 612 3467 mc
623 3411 717 3484 (Psat.
742 3425 814 3480 xxv,
841 3408 905 3480 ²)·¹
921 3409 974 3463 lit:
1032 3411 1141 3476 currat,
1154 3408 1260 3466 cumin
1273 3425 1305 3466 se
1316 3409 1372 3467 sibi
1383 3426 1447 3468 esse
1459 3407 1604 3466 auxilium
1615 3406 1715 3478 deget.
1725 3405 1859 3462 Plerum-

148 3499 211 3568 Ego
225 3498 264 3555 ed
276 3498 395 3570 flagella
408 3504 533 3574 paratus
549 3516 619 3558 sum
633 3499 729 3572 (Psal.
751 3513 866 3568 xxxvrr,
890 3496 943 3568 rs).
961 3517 975 3546 »
1030 3513 1090 3571 que
1105 3497 1185 3556 enirn
1201 3499 1294 3557 virtus
1303 3500 1383 3558 avita
1394 3499 1525 3557 deterius
1537 3515 1631 3574 quam
1643 3497 1668 3554 si
1680 3497 1807 3568 deesset,
1818 3495 1859 3551 in·

147 3588 295 3662 Sequitur.
1030 3589 1156 3661 terticit;
1169 3589 1242 3664 quia
1268 3588 1342 3648 dum
1358 3589 1398 3648 ad
1421 3589 1468 3646 sui
1490 3587 1704 3646 confidentiam
1725 3587 1859 3642 mentem

183 3680 267 3735 vers.
284 3679 326 3736 lo.
341 3681 383 3737 tit
393 3680 456 3738 tec
467 3681 543 3738 mitri
552 3681 590 3738 stt
601 3679 775 3751 coarctatio,
790 3685 822 3735 nt
834 3679 975 3750 affligens
1030 3681 1125 3752 erigit,
1134 3681 1212 3738 hanc
1222 3679 1359 3737 elationis
1370 3679 1470 3752 gladio
1483 3678 1640 3749 transfigit.
1654 3675 1807 3751 Sequitur:
1819 3675 1860 3730 er

147 3783 194 3824 me
206 3767 309 3826 dotare
322 3785 384 3826 non
397 3773 595 3844 parcat-Ac
604 3769 629 3826 si
643 3769 724 3828 dicat
738 3787 745 3825 ε
759 3768 834 3834 Quia
848 3767 896 3824 bic
907 3767 975 3822 ideo
1031 3771 1192 3828 necessarii
1200 3787 1316 3844 qnoque
1327 3771 1385 3827 met
1394 3773 1577 3826 recesserunt
1586 3783 1604 3825 a
1614 3763 1765 3832 rae—Qui
1779 3762 1859 3820 enim

147 3871 210 3913 non
224 3858 330 3932 parcit,
346 3858 424 3914 utin
437 3863 618 3933 perpetuum
628 3863 743 3932 parcat.
759 3861 801 3915 Ex
815 3856 975 3916 afflictione
1031 3861 1186 3918 infirmum
1200 3876 1232 3917 se
1246 3859 1276 3916 in
1292 3858 1486 3934 semetipsum
1500 3857 1643 3926 insinuet,
1665 3855 1706 3911 ad
1736 3851 1860 3924 majoris

149 3945 230 4003 enim
243 3946 394 4016 corsolor,
409 3948 492 4020 quia,
508 3948 708 4022 corruptionis
721 3949 865 4005 humanae
878 3951 976 4020 putre-
1033 3951 1133 4009 adbuc
1147 3951 1287 4007 meritum
1303 3947 1483 4005 tortitudinis
1498 3946 1588 4002 etiarn
1603 3943 1748 4017 proximis
1771 3940 1860 3997 desti-

147 4036 252 4092 dinem
259 4036 367 4102 sciens,
377 4034 416 4091 ed
425 4051 509 4108 spem
521 4037 669 4093 saluttsex
678 4037 800 4094 vulnere
808 4041 906 4093 certus
912 4036 977 4092 red·
1033 4040 1134 4096 turtur.
1149 4037 1287 4110 Sequitur
1302 4053 1309 4091 ι

147 4125 217 4180 dor.
228 4122 319 4179 Valde
332 4123 445 4196 quippe
455 4123 538 4180 electi
548 4124 707 4182 tormidine
721 4125 888 4195 tabescunt,
909 4141 978 4182 cum
1069 4130 1155 4184 Vens.
1173 4121 1596 4193 14.Quirottteatamicosoo
1613 4115 1861 4186 misericordiam,

148 4205 340 4288 perpetrasse
355 4228 386 4269 sc
396 4211 497 4270 illicita
508 4229 629 4285 novere,
639 4214 692 4271 sed
703 4218 925 4288 perscrutantes
935 4213 978 4270 in·
1038 4221 1172 4276 timorem
1185 4214 1307 4272 Domini
1320 4205 1782 4284 derelinquet-Amicinomine
1804 4205 1862 4261 hcc

149 4301 283 4370 veniunt,
295 4301 367 4376 quia
383 4302 467 4360 nulle
493 4319 548 4378 pro
567 4303 674 4361 illicitis
698 4304 826 4363 adversa
845 4305 980 4379 perpessi
1036 4299 1864 4382 locoproximusquilibctdesigneturlluosuntpraecep

150 4395 229 4448 sunt.
247 4379 470 4465 Sequitur:Ncc
480 4394 687 4452 contradicam
697 4395 882 4453 sermonibus
892 4411 977 4452 sane·
1036 4385 1864 4466 tacharitatis,amorvidelicetDeictproximi.Peramb-

151 4481 335 4539 tis-Verba
349 4481 399 4538 Dei
415 4483 521 4541 adnos
533 4486 605 4540 sunt
618 4483 741 4541 effectus
756 4485 976 4558 operationum.
1035 4503 1099 4545 rem
1115 4486 1176 4555 Dei,
1192 4481 1416 4558 arnorproximi
1437 4479 1570 4552 gignitur
1586 4497 1592 4548 ;
1608 4482 1636 4535 et
1657 4491 1711 4550 per
1727 4489 1864 4533 amorem

150 4573 184 4626 ln
197 4585 233 4628 eo
248 4585 319 4644 ergo
333 4571 423 4628 nobis
437 4571 580 4646 loquitur,
594 4573 677 4647 quod
691 4589 763 4646 erge
786 4590 842 4632 nos
870 4575 978 4632 tacitus
1035 4576 1174 4653 proximi,
1187 4575 1237 4633 ilci
1251 4589 1338 4632 emor
1363 4571 1492 4630 nutritur
1506 4587 1513 4638 ;
1538 4567 1610 4625 ilinc
1638 4567 1839 4640 scriptumest
1855 4581 1862 4619 ι

152 4663 302 4732 operetur.
318 4663 425 4718 Beatus
438 4661 528 4734 igitur
543 4662 599 4720 tob
621 4663 810 4721 sermonibus
835 4665 885 4721 Dei
912 4680 982 4722 con·
1037 4689 1051 4716 e
1064 4666 1120 4733 Qui
1129 4680 1192 4722 non
1200 4662 1295 4734 diligit
1305 4661 1426 4718 tratrem
1435 4674 1526 4715 suum
1533 4673 1626 4730 quem
1635 4655 1726 4724 videt,
1737 4675 1751 4704 »
1760 4656 1788 4710 et
1799 4651 1865 4707 reli-

153 4745 317 4817 trsdiceret,
335 4749 360 4804 si
379 4749 417 4806 de
432 4751 497 4822 ejus
511 4751 756 4826 percussionibus
768 4757 980 4811 murmuraret.
1036 4771 1097 4829 qua
1108 4756 1209 4827 (Joan.
1222 4768 1262 4820 rv,
1272 4751 1328 4824 20).
1339 4746 1630 4816 Quoetsmcndivina
1640 4742 1759 4799 dilectio
1770 4755 1824 4815 per
1834 4739 1866 4796 ti-

154 4833 212 4890 Sed
226 4835 300 4908 quid
315 4836 353 4893 dc
365 4853 543 4911 percussore
559 4857 615 4898 suo
625 4841 732 4898 sentiat
747 4841 870 4906 indicet,
889 4857 982 4916 quem
1037 4840 1304 4908 moremnascitur,
1321 4838 1374 4895 scd
1384 4838 1416 4894 in
1423 4835 1564 4894 allectum
1575 4830 1737 4890 crescendo
1743 4845 1866 4904 permu-

152 4923 235 4979 enim
249 4922 404 4984 ferientem
414 4927 528 4997 tolerat,
542 4932 681 4986 sanctum
701 4933 797 4987 vocat.
819 4930 958 5004 Sequitur
973 4947 980 4986 :
1037 4937 1126 4990 tatur.
1144 4930 1347 5004 scriptumest
1361 4927 1460 4984 enirn:
1479 4947 1493 4975 ιι
1508 4926 1573 4980 Non
1587 4925 1766 4993 agnoscetur
1775 4919 1868 4977 inbo-

189 5011 277 5070 vrrs.
296 5019 337 5071 tt.
353 5015 423 5083 Qua
438 5023 479 5074 cst
491 5018 569 5075 enirn
580 5020 730 5088 fortitudo
744 5033 810 5077 mea
833 5025 867 5076 nt
893 5021 982 5077 susti·
1039 5023 1086 5078 nis
1102 5020 1229 5086 amicus,
1240 5021 1269 5076 et
1278 5032 1339 5075 non
1350 5012 1599 5074 celaturinmelis
1610 5010 1749 5069 inimicus
1758 5011 1865 5084 (ticeli.

153 5115 252 5170 neam,
267 5109 321 5159 aut
331 5107 397 5176 qv&
410 5107 480 5176 finis
495 5123 587 5178 mnes,
603 5111 635 5164 nt
646 5110 801 5180 patienter
814 5123 903 5181 aparn
923 5111 983 5165 t-
1039 5111 1136 5183 xn,8).
1146 5134 1160 5161 »
1170 5104 1454 5180 Quianimirumqui
1464 5120 1500 5162 cx
1510 5102 1686 5161 adversitate
1694 5100 1868 5175 proximum

153 5189 315 5250 Sciendum
325 5195 409 5268 quod
426 5195 486 5254 alia
507 5198 669 5270 justorum,
681 5203 772 5272 atque
782 5197 841 5258 alia
850 5199 985 5258 estiorti-
1041 5199 1177 5274 despicit,
1193 5201 1294 5272 aperte
1306 5192 1492 5253 convincitur
1506 5192 1590 5268 quod
1603 5191 1685 5249 bunc
1697 5189 1728 5244 in
1743 5199 1868 5259 prospe-

152 5279 445 5354 tudoreproborum.
459 5289 610 5345 iustorum
623 5287 736 5362 quippe
763 5287 904 5346 tortibrdo
930 5294 984 5358 est,
1042 5291 1083 5349 ris
1094 5305 1156 5347 non
1170 5287 1289 5347 amavit.
1319 5289 1353 5343 Et
1378 5301 1448 5342 cum
1474 5283 1666 5356 omnipotens
1687 5281 1773 5340 Deus,
1801 5271 1869 5329 idco

153 5383 278 5450 carnem
291 5371 422 5444 vincere,
437 5375 566 5448 propriis
590 5377 799 5452 voluptatibus
826 5380 984 5450 contraire,
1043 5380 1194 5454 quosdam
1200 5375 1336 5451 percutit,
1349 5379 1383 5432 ut
1391 5389 1551 5449 percussos
1563 5367 1689 5430 erudiet,
1701 5366 1730 5418 et
1736 5376 1797 5418 non
1805 5376 1871 5435 per-

154 5455 385 5518 delectationem
413 5461 481 5518 viere
505 5465 660 5536 praesentis
682 5467 882 5540 exstinguere.
914 5469 986 5527 ilinc
1044 5467 1140 5526 cussis
1156 5463 1347 5523 occasionem
1360 5459 1542 5532 bonioperis
1569 5450 1710 5525 prebeat,
1732 5447 1871 5522 quisquis

154 5547 241 5606 enirn.
253 5550 365 5607 sanctis
379 5549 508 5622 dicitur:
525 5571 541 5604 ‹
556 5552 682 5612 Viriliter
702 5557 791 5628 agite,
806 5579 815 5612 r
832 5557 988 5632 etreliqua
1024 5625 1029 5636 ,
1046 5573 1224 5632 percussum
1238 5553 1374 5628 despicit,
1387 5549 1579 5608 occasionem
1594 5539 1709 5598 virtutis
1730 5557 1749 5597 a
1776 5556 1807 5594 sc
1829 5553 1872 5593 re-

154 5637 255 5709 (Psal.
284 5657 356 5710 xxx,
379 5639 674 5771 {qirngepgffirirlrlm
697 5662 768 5705 vero
790 5647 931 5708 tortitudo
951 5653 995 5706 est
1050 5647 1141 5721 pellit,
1154 5649 1184 5704 et
1197 5647 1280 5704 tento
1295 5639 1423 5714 nequius
1438 5651 1469 5691 se
1484 5621 1590 5690 contra
1603 5634 1761 5760 Atorctorern
1776 5625 1872 5697 erigit,
