4160 6162
249 84 302 140 ιιι
786 78 814 135 S.
830 77 958 138 000le
971 74 1118 136 Aesuris
1131 76 1418 184 uiuumunrtststt
1450 83 1453 90 “
1517 83 1519 88 '
1898 83 1951 140 206

250 207 326 264 dum
340 205 422 280 quod
435 219 481 260 res
496 202 664 260 decernitur
677 207 706 259 et
719 203 807 270 veuit,
821 220 891 261 cum
905 203 999 262 virtus
1008 220 1077 278 quse
1094 211 1118 263 Α
1132 205 1229 263 malos
1243 205 1372 264 blandiri
1387 206 1586 280 conspiciunt,
1608 205 1681 280 quia
1693 207 1780 278 iuxta
1803 206 1885 265 Parrli
1908 223 1962 266 ro-

251 311 288 352 ex
306 291 451 351 desiderio
473 292 628 365 expetitur,
652 290 795 362 largiente
816 295 875 349 [leo
897 293 986 350 etiam
1010 291 1079 349 atie·
1133 311 1208 366 cem,
1225 319 1240 346 ιι
1251 312 1305 370 per
1319 296 1422 353 dmccs
1433 312 1586 353 sermones
1596 301 1625 352 ct
1634 295 1860 354 benedictiones
1875 297 1961 354 sedu-

250 387 331 439 ctum
346 384 548 454 prosperatur:
563 379 646 437 Unde
658 385 686 437 et
699 380 798 439 adhue
811 380 950 437 subditur
964 397 970 434 :
983 380 1024 435 Ει
1047 379 1078 434 in
1133 389 1204 442 nunt
1216 385 1307 443 corda
1320 385 1526 442 innocentium
1541 387 1637 455 (Rom.
1664 401 1725 454 ιιιι,
1751 385 1804 458 ιιι).
1821 408 1836 436 »
1861 386 1962 444 laniis

250 471 304 527 uiis
319 471 378 526 inis
392 470 559 540 splendebit
574 471 684 528 lamen.
707 503 741 510 —
767 474 797 526 tn
821 470 875 526 viis
896 469 1008 543 quippe
1028 468 1077 540 ju·
1132 474 1244 548 quippe
1255 474 1353 548 plagae
1368 479 1411 532 est
1436 475 1577 533 fortitudo
1600 474 1812 549 percussionis.
1831 475 1962 534 Ριιιιιιιιιι

249 562 364 616 storum
378 557 482 614 lumen
494 558 685 632 resplendere
699 562 752 630 est,
775 574 829 632 per
852 555 936 614 mira'
952 572 1078 630 operum
1131 577 1264 636 namque
1292 563 1517 637 percussionem
1539 579 1627 621 suam
1654 561 1739 621 electi
1762 563 1960 635 considerant,

248 648 393 706 virtutum
411 647 498 718 signa
511 663 573 704 suae
588 647 727 705 claritatis
753 663 921 722 aspergere,
948 651 981 703 ιιι
1001 663 1077 720 quo·
1132 649 1184 722 qui
1199 667 1217 706 a
1232 652 1399 710 conditoris
1412 653 1458 709 sui
1473 653 1585 711 risione
1600 652 1701 710 divisi-
1714 657 1794 725 sunt,
1817 652 1891 726 quia
1910 669 1961 711 ne-

250 753 369 811 ounque
382 752 436 810 per
457 735 812 810 intentionempergtmt,
836 736 875 793 ad
899 735 1078 793 intuentium
1131 753 1288 812 quaquam
1299 740 1526 799 illuminationis
1539 741 1652 798 intime
1666 741 1799 800 claritate
1812 741 1960 812 fruuntur,

250 826 392 884 cordibus
405 825 519 898 pcccati
534 829 653 884 noctem
672 825 833 897 excutiant,
852 830 881 883 et
907 825 954 882 sui
980 824 1078 900 operis
1132 825 1235 884 sedin
1256 829 1413 901 presentis
1436 829 1504 887 vitae
1529 829 1633 886 exsilio
1657 829 1744 904 quusi
1767 829 1799 886 in
1812 830 1961 888 'caecitnn's

250 914 389 988 exemplo
401 913 432 970 in
451 913 493 970 eis
515 913 636 986 justitiae
658 913 763 970 lumen
782 914 952 973 infundant.
979 913 1079 986 Sequi-
1131 912 1198 973 loco
1212 914 1327 987 religati
1342 921 1475 988 gemunt.
1493 917 1616 991 Semper
1629 931 1701 988 ergo
1715 917 1829 976 habent
1852 917 1883 974 in
1905 919 1963 976 bac

251 1007 322 1060 tur:
1132 1001 1193 1060 rita
1219 1018 1346 1060 manum
1372 1004 1470 1078 plagre
1502 1005 1648 1076 gemitum
1684 1022 1784 1076 suum,
1812 1005 1866 1064 sed
1892 1023 1963 1064 cum

287 1091 440 1149 vinces.
468 1092 525 1160 Qui
547 1093 624 1148 enirn
648 1092 1024 1165 cumiliacensem
1046 1092 1078 1148 in
1132 1089 1233 1147 adbuc
1248 1092 1338 1150 etiam
1352 1093 1382 1149 in
1397 1093 1454 1150 bac
1468 1093 1530 1151 vita
1543 1093 1670 1152 adversa
1684 1094 1841 1165 accedunt,
1854 1111 1963 1153 mantis

250 1181 360 1252 glorie,
376 1186 464 1252 eique
461 1180 668 1237 'inclinaverit
686 1183 798 1249 oculos,
815 1183 878 1252 ipse
898 1181 1076 1239 salvabitur
1132 1178 1229 1252 plaga
1244 1197 1349 1238 eorum
1364 1182 1453 1240 etiam
1468 1197 1558 1256 super
1573 1183 1719 1254 gemitum
1743 1187 1895 1254 gravabar.
1912 1186 1961 1242 Se

250 1301 285 1311 -
300 1271 371 1335 Quae
386 1267 528 1324 nimirum
543 1268 688 1326 sententia
707 1270 931 1327 averiiatisore
952 1285 1015 1327 non
1037 1269 1079 1326 di·
1132 1267 1256 1341 quitur:
1681 1295 1682 1300 ¹

250 1359 376 1429 serapat,
390 1355 558 1412 dicentisu
559 1357 682 1414 <Omnis
697 1358 749 1431 qai
768 1374 800 1415 se
814 1358 926 1415 exaltat
938 1358 1078 1415 humilia·
1168 1359 1251 1415 Vens.
1267 1364 1293 1416 3.
1309 1359 1379 1428 Quis
1393 1361 1470 1418 mili
1483 1360 1597 1418 tribnat
1612 1315 1646 1418 nt
1657 1367 1872 1434 cognoscereet
1885 1363 1964 1420 inae·

248 1445 338 1518 bitur,
355 1445 449 1518 etqui
464 1461 496 1502 se
511 1445 1078 1520 humiliatexaltabrtur(Mattirxxrn,
1132 1448 1317 1505 nicmillnrn
1340 1451 1499 1507 eternium
1521 1465 1613 1522 usqne
1633 1450 1676 1508 ad
1699 1452 1807 1508 solium
1832 1452 1965 1522 ejus?-

251 1536 304 1608 ta).
322 1557 336 1587 n
352 1534 435 1592 Unde
448 1550 502 1608 per
515 1534 708 1608 Salomonem
729 1536 857 1594 dicitur:
879 1559 893 1590 ι
910 1541 1078 1612 nunquam
1099 1533 1248 1617 Blilectus
1260 1536 1389 1610 quisque
1400 1537 1458 1595 nisi
1473 1538 1634 1596 Dominum
1650 1539 1851 1610 cognovisset,
1863 1540 1965 1615 utique

250 1629 429 1694 conteratur,
457 1624 604 1682 exaltabar
629 1641 680 1684 cor
698 1626 840 1698 hominis,
864 1631 894 1683 el
916 1631 1078 1700 antequem
1132 1639 1194 1680 non
1207 1631 1330 1682 emeret.
1349 1626 1406 1684 ssd
1421 1627 1503 1684 aliud
1518 1633 1562 1685 est
1582 1643 1765 1699 cognoscere
1787 1645 1842 1703 per
1862 1628 1965 1700 iidem,

250 1715 401 1786 glorietur,
416 1713 591 1770 humilietur
601 1714 702 1786 (Prae.
719 1731 797 1784 ιιιιι,
817 1715 869 1788 ιι).
885 1737 900 1766 »
923 1718 1008 1773 ltecte
1030 1731 1080 1772 au·
1133 1719 1222 1789 atque
1237 1715 1320 1772 aliud
1330 1731 1384 1790 per
1396 1717 1537 1790 speeiem,
1549 1717 1633 1774 aliud
1646 1718 1778 1776 invenire
1792 1735 1847 1792 per
1861 1719 1966 1776 οιιιιιι-

251 1807 310 1861 tem
323 1802 453 1860 dicitur:
475 1803 533 1871 Qui
547 1803 738 1860 inclinaverit
752 1805 853 1862 canios
877 1806 939 1876 ipse
952 1803 1080 1862 salvatri·
1132 1802 1257 1875 litatem,
1282 1803 1364 1862 aliud
1387 1822 1441 1879 per
1464 1806 1760 1880 contemplationem.
1785 1810 1827 1864 Ex
1851 1823 1915 1882 qua
1935 1823 1966 1864 re

250 1897 312 1966 iar,
327 1893 559 1967 quiaquantum
584 1908 637 1966 per
650 1894 858 1952 membrorum
881 1893 1079 1952 ministerium
1133 1891 1240 1963 agitur,
1256 1897 1288 1950 ut
1302 1893 1386 1951 electi
1401 1909 1600 1964 omneseum,
1614 1911 1706 1968 quem
1731 1894 1791 1952 tide
1815 1909 1965 1966 cognore-

249 1980 434 2056 deprehendi
461 1986 568 2055 polest,
597 1981 695 2054 prima
719 1983 868 2056 superbie
894 1983 1024 2041 ostensio
1048 1983 1079 2040 in
1133 1985 1212 2051 runt,
1229 1981 1327 2040 videre
1340 1999 1463 2057 quoque
1478 1999 1533 2058 per
1546 1984 1678 2058 speciem
1700 1983 1853 2056 anhelam,
1878 1985 1964 2057 cujus

250 2069 343 2128 oculis
358 2086 425 2127 esse
449 2069 531 2128 solet.
555 2070 627 2127 llinc
652 2071 732 2128 enim
756 2071 989 2146 scriptumest:
1016 2093 1029 2123 ι
1047 2074 1081 2129 nt
1133 2085 1236 2128 amore
1259 2071 1422 2143 flagrantes
1444 2076 1582 2144 ιιιιιιιιιιι,
1608 2073 1681 2147 quia
1704 2073 1770 2146 ejus
1798 2072 1965 2131 dulcedinis
2010 2065 2014 2070 “

250 2159 353 2217 oculos
367 2160 567 2234 superborum
585 2160 759 2218 humiliabis
785 2163 878 2232 (Psal.
899 2179 965 2235 ιιιι,
992 2165 1078 2235 ιιι.»
1133 2158 1311 2216 suavitatem
1320 2160 1386 2234 jam
1400 2160 1469 2235 ipsa
1483 2178 1545 2218 sure
1570 2159 1641 2219 tidei
1656 2161 1831 2220 certitudine
1853 2161 1964 2233 degus-

250 2249 358 2308 Oculos
373 2263 445 2320 ergo
455 2247 598 2306 inclinare
610 2253 664 2318 est,
678 2250 793 2308 nullum
818 2251 1006 2324 respiciendo
1030 2250 1080 2307 de·
1132 2252 1206 2308 tant.
1222 2249 1298 2314 Quid
1312 2250 1392 2308 enim
1408 2250 1519 2308 solium
1547 2250 1598 2310 liei
1612 2255 1669 2323 est,
1693 2251 1753 2308 nisi
1775 2251 1817 2308 illi
1839 2251 1966 2322 angelici

250 2339 374 2413 spicere,
392 2337 446 2395 sed
460 2338 485 2394 si
499 2339 647 2395 minorem
676 2343 766 2412 sique
792 2339 939 2413 imparem
965 2339 1079 2397 cunetis
1133 2337 1264 2410 spiritus,
1276 2339 1344 2412 qui,
1360 2339 1512 2413 Scriptura
1527 2344 1610 2412 teste,
1624 2339 1735 2398 Τιιιοιιι
1756 2340 1852 2399 vocati
1872 2341 1965 2397 sunt?

249 2442 326 2500 quos
336 2425 442 2498 aspicit
452 2426 610 2482 aestimare.
624 2426 793 2483 salvabitur
804 2427 904 2500 itaque
916 2427 1078 2500 quioculos
1132 2425 1187 2492 Qui
1201 2427 1303 2500 utique
1318 2444 1413 2502 usque
1428 2428 1468 2486 ad
1485 2427 1595 2486 solium
1610 2429 1661 2486 liei
1674 2428 1774 2488 venire
1797 2428 1869 2498 vult,
1889 2428 1966 2503 quid

249 2513 467 2586 inclinatque
481 2512 534 2586 qui
548 2513 658 2570 falsum
672 2514 821 2587 superbiae
843 2515 984 2573 verticem
996 2516 1079 2574 dese·
1132 2513 1215 2571 aliud
1229 2531 1322 2588 ιριιιιιι
1344 2516 1486 2574 interesse
1510 2516 1654 2589 angelicis
1678 2517 1831 2590 spiritibus
1854 2533 1966 2576 coneu-

250 2601 297 2671 rit,
312 2600 445 2658 veritatis
460 2599 648 2657 altitudinem
661 2602 805 2659 ascendit.
828 2603 966 2677 Sequitur
981 2621 987 2670 ;
1131 2601 1218 2676 piscit
1230 2607 1263 2659 ιιι
1275 2603 1358 2661 nullu
1368 2603 1434 2676 jam
1448 2604 1595 2662 delectiva
1617 2609 1788 2680 temporum
1812 2611 1967 2664 momenta

285 2692 370 2746 vms.
387 2693 431 2746 30.
445 2689 732 2748 Saloatitnraniem
746 2693 887 2750 innocens
909 2694 941 2750 in
958 2695 1078 2752 mnndi·
1132 2691 1288 2773 sustineat,
1306 2692 1360 2750 sed
1374 2695 1563 2767 permanenti
1578 2694 1716 2766 gloriain
1740 2695 1968 2770 mntomplatio·

251 2781 293 2838 tia
304 2793 449 2836 mannum
467 2793 601 2836 suornm.
617 2810 652 2820 -
667 2781 738 2846 Ωιι
755 2781 866 2839 scilicet
879 2783 1078 2852 sententiani
1132 2796 1202 2838 nem
1217 2782 1388 2840 aeternitatis
1402 2784 1571 2854 exsurgat?
1586 2784 1726 2858 Sequitur
1741 2802 1748 2840 ι

249 2868 287 2926 de
302 2865 429 2924 eoelestis
444 2867 528 2938 regni
543 2867 736 2926 retributione
750 2871 940 2944 promittitur,
958 2872 1078 2931 veritate
1096 2913 1117 2970 C
1167 2872 1251 2926 Vens.
1267 2873 1294 2926 i.
1305 2871 1422 2929 Ponam
1438 2888 1540 2930 coram
1555 2874 1799 2944 coincidence
1821 2890 1854 2932 os
1868 2890 1966 2934 menen

249 2956 379 3028 cicitur,
394 2956 549 3030 quiscum
563 2956 601 3013 de
616 2960 676 3014 lieo
689 2959 834 3034 scriptum
849 2961 885 3018 sit
901 2979 908 3017 :
922 2983 937 3012 «
953 2962 1009 3029 Qui
1020 2978 1079 3019 cre
1131 2959 1250 3030 nennio
1262 2960 1527 3030 increpationibus.
1544 2973 1579 3002 -·
1592 2964 1700 3020 Coram
1715 2965 1775 3019 lieo
1790 2979 1904 3037 ponere
1919 2965 1967 3036 ju·

249 3045 324 3104 didit
349 3044 511 3119 unicuique
531 3045 618 3118 iuxta
639 3062 731 3121 opera
755 3065 811 3107 sua
832 3050 938 3122 (nom,
960 3068 990 3122 ιι,
1011 3056 1049 3125 6),
1063 3075 1077 3104 »
1132 3046 1311 3120 dictumest,
1324 3048 1402 3106 intra
1416 3053 1564 3106 secretum
1576 3050 1685 3108 mentis
1705 3065 1759 3124 per
1782 3051 1966 3125 contemple-

248 3133 376 3192 illumin
391 3139 525 3192 extremo
552 3135 690 3193 examine
710 3137 824 3209 justitia
847 3140 949 3197 aeterni
968 3139 1078 3213 judicis
1132 3135 1245 3193 ιιοιιιιιι
1266 3135 1348 3209 tidei,
1370 3136 1410 3194 ad
1433 3137 1625 3196 tremendum
1645 3155 1774 3197 examen
1798 3139 1965 3213 majestatis

249 3223 305 3294 sal,
320 3239 412 3296 quem
426 3223 474 3280 hic
489 3224 556 3296 ejus
567 3223 663 3296 pietas
688 3224 727 3282 ab
748 3225 914 3284 immundis
935 3227 1078 3302 operibus
1131 3223 1209 3281 illius
1221 3224 1325 3282 oeulos
1339 3229 1449 3284 nostres
1463 3226 1711 3286 considerationis
1730 3229 1856 3303 aperire,
1879 3229 1965 3304 quod

248 3307 364 3368 liberal.
381 3311 513 3369 Sinvero
528 3311 568 3369 ad
581 3312 639 3370 hoc
652 3313 762 3372 salvari
773 3315 821 3372 bic
839 3315 967 3416 quisque
990 3334 1078 3376 mun-
1131 3317 1271 3386 peccator
1295 3314 1388 3372 homo
1412 3321 1563 3374 mereatur
1582 3317 1743 3390 attendere,
1767 3323 1804 3391 et,
1827 3318 1963 3376 occrrltus

249 3398 322 3456 ditia
335 3414 484 3458 manuum
498 3415 622 3458 suarum
637 3401 775 3472 ereditur,
787 3407 820 3460 ut
834 3420 896 3460 suis
908 3405 1042 3464 viribus
1034 3423 1077 3463 ιιι-
1131 3416 1213 3458 nunc
1227 3407 1256 3460 et
1270 3403 1375 3461 tacitus
1388 3405 1482 3476 iudex
1495 3421 1589 3478 quam
1614 3405 1753 3464 terribilis
1777 3413 1847 3481 post
1867 3423 1964 3482 appa·

248 3487 439 3556 nocensfiat,
455 3489 1077 3573 proculdubioerratur,quias1superna
1131 3496 1194 3549 reat
1205 3492 1406 3550 considerare
1424 3495 1479 3562 Qui
1499 3493 1580 3552 enim
1593 3495 1679 3554 sibi'
1671 3511 1704 3552 ιιι
1722 3501 1887 3571 conspeetu
1914 3497 1965 3554 liei

249 3573 345 3648 gratia
359 3569 517 3634 nocentem
531 3579 685 3651 prevenit,
699 3595 859 3654 nunquam
877 3581 1039 3654 prolecto
1031 3599 1077 3640 ιιι-
1129 3580 1276 3654 judicium
1290 3582 1385 3656 ponit,
1411 3599 1446 3640 os
1467 3600 1557 3642 suum
1579 3584 1834 3660 increpationibus
1857 3586 1964 3660 replet,

248 3663 452 3738 venietquem
466 3669 636 3723 remuneret
647 3666 848 3726 innocentem
861 3670 944 3727 Unde
956 3672 1078 3730 vendier
1130 3671 1203 3746 quia
1216 3671 1291 3728 dum
1306 3671 1413 3729 subtile
1427 3675 1705 3734 examentrementi
1718 3680 1823 3734 contra
1838 3675 1964 3749 sejudi-

249 3751 331 3811 ltoisi
344 3769 416 3812 voce
430 3752 559 3812 dicitur·
553 3797 559 3810 .
576 3755 740 3832 Nullusque
754 3758 839 3832 apud
864 3763 961 3834 tepet·
982 3777 1015 3818 se
1035 3761 1078 3819 in·
1131 3760 1173 3819 οιι
1188 3760 1417 3835 contemplatur,
1432 3777 1535 3820 amare
1550 3779 1581 3822 se
1596 3764 1777 3838 pantenus
1795 3765 1965 3824 macedone

248 3857 361 3899 nocens
375 3846 419 3900 est
433 3844 542 3912 (Eeod.
559 3861 656 3914 ιιιιι,
672 3845 710 3918 7).
726 3869 741 3897 »
757 3848 829 3915 Qua
853 3851 956 3906 tamen
975 3850 1078 3908 omnia
1118 3851 1327 3926 persequitur.
1344 3853 1502 3927 Sequitur:

247 3947 303 4006 pro
318 3935 391 4006 typo
402 3931 607 3992 hereticorum
619 3935 873 4008 promissionibus
896 3944 1076 4010 congruunt.
1165 3944 1251 3999 vaes.
1263 3947 1289 4001 ὅ.
1304 3941 1342 4000 ut
1355 3945 1446 4002 sciam
1470 3944 1560 4002 aerbo
1580 3959 1647 4018 qne
1667 3945 1743 4004 mili
1770 3947 1963 4018 respondeat,

248 4020 302 4087 Qui
315 4037 385 4078 cum
399 4021 503 4080 fideles
516 4039 639 4098 quoque
659 4024 690 4082 in
711 4026 850 4098 prasenti
870 4027 929 4086 rita
952 4028 1078 4088 afflictos
1130 4037 1159 4089 ei
1171 4032 1337 4106 intelligam
1353 4033 1427 4105 quid
1451 4033 1594 4106 loquetur
1614 4035 1758 4093 miii.—
1778 4037 1859 4094 Tune
1881 4036 1965 4094 enim

247 4108 411 4180 inveniunt,
437 4127 489 4169 eos
510 4113 651 4196 exculpe
664 4114 798 4188 perfidie
821 4132 980 4190 percussos
1002 4119 1077 4177 arbi·
1130 4120 1235 4195 culpas
1249 4121 1432 4196 plangimus,
1447 4138 1519 4180 cum
1539 4137 1667 4198 pensare
1685 4124 1885 4198 coeperimus;
1910 4125 1966 4182 sed

248 4200 373 4267 bantur,
387 4198 489 4272 eisque
505 4200 529 4255 si
552 4217 608 4258 sua
629 4201 773 4274 dogmata
794 4210 968 4279 sequantur,
997 4207 1076 4266 saiu-
1131 4214 1201 4268 tunc
1216 4209 1354 4267 subtilius
1377 4213 1553 4285 pensamus,
1577 4228 1647 4269 cam
1667 4211 1820 4272 sollicitius
1844 4213 1966 4288 plangi-

249 4289 308 4343 tem
327 4285 504 4344 innocentie
518 4303 573 4362 per
592 4289 743 4350 bonorum
758 4308 885 4366 operum
896 4297 1076 4357 munditiam
1092 4265 1115 4320 Β
1130 4313 1210 4363 mus,
1225 4302 1315 4371 etque
1329 4315 1366 4356 ex
1384 4297 1554 4357 lamentis
1546 4315 1578 4358 ιιι
1604 4301 1694 4358 corde
1716 4308 1820 4360 nosue
1843 4301 1966 4377 plenius

248 4373 435 4446 promittunt.
452 4375 613 4448 Sequitur:
1130 4385 1263 4445 nascitur
1276 4385 1350 4460 quid
1364 4388 1505 4462 estquod
1528 4389 1724 4464 peccantibus
1741 4391 1843 4449 divina
1863 4390 1966 4448 distri-

547 4467 667 4524 CAPtl'l'
690 4469 780 4526 lllllll.
1132 4474 1190 4532 ctio
1203 4475 1335 4532 minatur
1337 4493 1427 4550 ,quse
1442 4481 1530 4535 οιιιιιι
1554 4477 1605 4536 illa
1628 4479 1855 4554 reproborum
1848 4495 1966 4554 impro-

284 4553 373 4612 Vens.
385 4559 409 4624 l,
420 4557 447 4612 2
460 4556 896 4627 Respondensantcrniobait:
910 4565 1077 4638 Nuncqnc
1130 4563 1211 4637 peria
1220 4581 1274 4638 qm
1265 4564 1407 4624 terrores
1409 4566 1967 4642 ,quaimplncabiiismaJ'estatisarer-

248 4645 348 4716 quein
358 4645 562 4703 amaritudine
569 4653 611 4704 est
619 4663 713 4706 sceno
722 4664 814 4716 mens
825 4655 853 4707 ci
864 4666 970 4709 manns
976 4655 1076 4726 plage
1131 4653 1185 4710 sio.
1200 4654 1296 4710 Tanta
1311 4654 1391 4712 enim
1405 4659 1477 4712 tunc
1490 4656 1635 4715 Dominus
1648 4657 1784 4732 reprobis
1801 4657 1897 4716 iratus
1921 4657 1967 4713 di-

247 4749 321 4792 meac
334 4723 503 4806 aggravata
518 4741 662 4808 estsuper
676 4739 817 4810 genitum
831 4755 938 4800 meum.
952 4775 987 4784 —
999 4746 1075 4802 ltore
1130 4745 1185 4815 cet,
1200 4747 1315 4816 quanta
1329 4759 1380 4801 eos
1395 4745 1458 4818 pati
1471 4760 1509 4802 ex
1520 4745 1660 4820 mqtutete
1669 4734 1846 4820 permiserit.
1861 4746 1968 4821 Sequi·

249 4821 439 4881 suobeatum
458 4825 513 4883 lob
535 4825 723 4900 planioribus
749 4828 846 4886 verbis
868 4830 999 4904 inchoat,
1022 4835 1076 4892 sed
1130 4835 1199 4890 tur:

248 4909 328 4967 dicta
342 4925 407 4983 sua,
423 4911 484 4970 alta
497 4913 631 4987 mysterii
645 4917 853 4989 prosecutione
873 4927 1073 4981 consummat.
1165 4921 1251 4979 Vnus.
1268 4927 1295 4979 6
1307 4923 1386 4982 Nolo
1399 4925 1497 4983 meua
1514 4925 1698 4996 fortitudine
1716 4927 1880 4984 mniendut
1903 4941 1966 4984 Με-

247 4997 354 5056 ιιοιιιιι
367 4998 480 5073 quippe
493 5000 581 5059 dolor
594 5002 695 5061 afflicti
709 5006 925 5066 exemicorum
941 5011 1075 5070 consola·
1129 5025 1206 5079 cnm,
1227 5027 1266 5070 ne
1287 5015 1507 5084 magnitudinis
1532 5031 1594 5074 aaa
1617 5017 1695 5074 mole
1716 5032 1763 5074 me
1777 5023 1911 5087 ριιιιιοι.
1928 5047 1967 5056 -

247 5087 327 5146 tione
350 5087 505 5160 debuerat,
530 5091 583 5148 sed
595 5093 761 5151 consolatio
778 5111 883 5154 eorum
898 5097 938 5155 ad
957 5097 1075 5158 blandi·
1129 5102 1209 5159 Mens
1222 5103 1333 5160 etenim
1346 5104 1488 5178 quislibet
1498 5105 1582 5177 Juetr
1599 5122 1624 5162 ιι
1616 5105 1678 5164 ab
1692 5106 1899 5180 omnipotente
1908 5107 1968 5162 lio

237 5181 350 5268 ¹merita
367 5177 492 5237 lassaciae
517 5181 624 5256 erupit,
648 5183 721 5257 quia
740 5185 878 5245 videlicet
897 5187 1075 5248 inordinatae
1128 5188 1212 5248 mino
1226 5191 1532 5266 ciceronianam,
1551 5195 1631 5254 mole
1652 5195 1871 5267 magnitudinis
1892 5209 1968 5270 pre-

248 5267 461 5326 consolationis
481 5268 605 5328 intentio
628 5274 877 5346 persecutionem,
901 5293 995 5352 quem
1017 5279 1074 5336 mi·
1131 5277 1231 5336 mitur.
1248 5280 1407 5354 Sequitur:

248 5369 340 5414 nuere
360 5356 473 5428 debuit,
502 5357 719 5434 multiplicavit.
733 5363 776 5420 ln
793 5364 905 5437 quibus
931 5367 1074 5424 nimirum
1164 5371 1248 5428 Vens.
1264 5376 1291 5426 7.
1305 5371 1460 5440 Proponai
1472 5375 1640 5444 equitatem
1656 5380 1763 5432 contra
1777 5387 1834 5447 me,
1853 5379 1881 5432 et
1895 5389 1970 5444 per·

248 5443 347 5499 verbis
361 5460 415 5516 per
428 5451 535 5520 typum
550 5453 661 5506 sancta
676 5451 811 5508 Ecclesiae
834 5453 924 5510 etiam
940 5453 1073 5513 fidelium
1132 5459 1231 5516 veniat
1242 5460 1284 5517 ud
1293 5461 1608 5532 victoriamjndicinm
1619 5479 1726 5521 meum.
1746 5461 1864 5530 -Quis
1879 5463 1969 5520 enim

248 5529 335 5588 dolor
354 5531 537 5605 exprimitur,
558 5537 610 5610 qui
631 5553 667 5596 eo
690 5539 820 5612 amplius
848 5547 982 5613 gemunt,
1010 5561 1072 5619 quo
1130 5547 1441 5621 alius,n1srmedretor
1450 5551 1502 5610 tier
1511 5552 1969 5622 ctnommumhomocunnus
