4120 6154
229 172 278 228 431
760 154 788 208 s.
804 149 932 207 oooms
950 140 1096 202 ιοιιιιι
1111 143 1360 204 aremarensis
1375 149 1397 202 ιι
1882 148 1937 208 tar

230 293 325 364 (Prot.
342 302 453 352 ιιιιιιι,
470 284 506 348 lt.
518 303 530 331 ι
553 277 702 350 Singulari
725 279 826 332 autem
849 286 976 330 numero
991 269 1055 324 lun·
1070 273 1091 326 Α
1113 265 1144 322 in
1160 268 1221 324 suis
1236 269 1352 326 actibus
1364 275 1467 328 servet.
1479 267 1549 326 ideo
1564 268 1644 326 euim
1658 283 1712 342 per
1722 284 1806 326 sacra
1821 269 1939 345 eloquia

230 387 405 442 dementum
431 374 575 431 Dominus
597 369 751 443 accipitur,
767 367 804 423 de
826 382 888 439 quo
903 371 931 420 et
950 360 1057 418 Paulus
1113 355 1228 412 subtilis
1240 362 1371 414 euteuos
1386 365 1560 416 sanctorum
1571 357 1631 414 vita
1642 357 1833 430 expanditur,
1845 365 1939 417 utno-

232 476 287 531 ait:
315 493 327 520 a
339 465 579 524 Fundamentum
599 458 680 516 aliud
699 472 788 513 nemo
811 457 910 528 potest
934 463 1056 524 ponere,
1112 448 1172 501 stra
1186 460 1278 518 opera
1291 447 1337 504 vel
1358 448 1476 505 minora
1499 446 1667 520 proficiant,
1684 446 1730 504 vol
1746 448 1865 520 majora
1880 465 1939 505 mo

231 565 336 636 praeter
351 557 382 614 id
396 554 479 629 quod
495 551 626 625 positum
639 551 692 618 est,
707 545 788 619 quod
805 549 850 600 est
866 541 998 600 Christus
1011 541 1057 594 te·
1112 531 1262 605 derantur,
1289 540 1439 608 quatenus
1464 549 1519 592 nee
1546 535 1647 595 minus
1671 539 1795 593 conetur
1823 537 1940 610 explere

231 666 281 706 sus
299 648 328 715 (I
338 651 405 704 Cor.
422 659 461 706 ιιι,
479 643 548 710 tit»
564 643 604 694 Ac
620 637 645 692 si
659 635 740 691 euim
754 633 842 689 beato
863 628 918 686 lob
932 624 1055 684 dicitur:
1112 637 1197 678 meus
1212 639 1305 696 quam
1319 624 1437 695 suffieit,
1454 641 1509 681 nee
1529 624 1597 699 plus
1612 624 1736 699 arripiat
1754 642 1848 700 quarn
1861 642 1941 683 acce

231 734 375 788 Virtutem
399 728 519 785 fortium
544 722 709 788 considere,
728 735 835 792 meque
862 729 966 772 eorum
990 713 1058 767 aute
1113 710 1164 784 pit.
1180 712 1334 785 Sequitur:

232 821 341 878 surcula
355 822 512 875 Auctorem
524 829 629 888 pensa,
643 815 672 867 et
684 826 753 866 cum
774 824 825 864 eos
847 821 924 878 quos
940 803 971 858 iu
984 804 1057 855 tem·
1148 801 1230 857 Vens.
1248 805 1273 858 6.
1293 802 1391 873 Super
1404 819 1489 874 quem
1506 804 1588 860 beses
1603 803 1687 860 illius
1701 803 1838 860 sotietate
1848 805 1941 860 sueti

230 927 303 986 pore
329 905 449 964 condidi
470 901 621 960 mirabiles
647 897 784 972 suspicis,
799 890 952 968 perpende
965 901 1058 961 quan·
1113 920 1147 928 -
1163 889 1322 959 Subaudis,
1338 892 1394 947 nisi
1408 909 1497 965 super
1511 908 1570 960 me,
1583 891 1634 966 qui
1647 895 1755 949 cuncta
1769 891 1943 949 mirabiliter

232 1005 297 1056 tum
312 996 401 1054 subdi
415 993 535 1062 debeas,
552 1005 643 1064 quem
658 993 816 1044 Auctorem
829 978 1011 1039 mirabilium
1023 975 1059 1030 si·
1113 980 1209 1045 leuce,
1225 983 1253 1035 et
1266 979 1354 1036 bonis
1365 980 1562 1037 exterioribus
1577 981 1656 1037 intus
1669 980 1872 1056 principaliter
1884 981 1944 1038 ori·

233 1105 271 1145 uc
286 1093 420 1160 tempore
444 1099 508 1139 esse
530 1077 697 1150 cognoscis.
713 1079 885 1133 ιιοιιιιιιιιι.
902 1069 931 1127 Si
952 1081 1057 1140 pecca·
1113 1063 1214 1134 giuem
1232 1069 1365 1140 praestol
1382 1069 1475 1140 liujus
1490 1074 1575 1125 terror
1596 1068 1695 1140 bases,
1718 1074 1828 1127 sauctae
1848 1069 1945 1126 Eccle-

233 1177 305 1234 toris
322 1175 440 1232 animus
455 1169 552 1245 pulvis
572 1171 624 1235 est,
640 1165 755 1222 dicente
776 1159 953 1219 Psalmista:
969 1178 982 1205 ι
995 1159 1058 1211 Non
1114 1152 1165 1209 sie
1190 1154 1326 1212 doctores
1353 1161 1432 1228 suut,
1448 1156 1500 1230 qui
1524 1156 1599 1212 dum
1624 1163 1705 1214 recta
1728 1157 1897 1230 praedicant
1917 1162 1945 1213 et

234 1266 275 1322 sic
291 1263 384 1337 impii,
401 1277 462 1318 nou
478 1259 528 1328 sic,
541 1256 594 1313 sed
610 1250 893 1328 tauquampulvis,»
906 1244 1059 1316 etreliqua
1113 1243 1317 1315 predicationi
1334 1261 1395 1301 sure
1410 1245 1538 1302 vivendo
1552 1246 1747 1317 concordant,
1760 1261 1851 1302 omne
1869 1260 1946 1319 pou-

233 1356 354 1428 (Pseln,
367 1353 404 1423 4),
419 1349 460 1406 nil
474 1349 573 1405 obstat
581 1343 704 1414 intelligi
715 1349 823 1398 terram
831 1338 963 1395 animam
976 1331 1058 1406 justi,
1113 1330 1170 1389 dus
1182 1333 1317 1390 Ecclesia
1327 1334 1388 1392 lixa
1404 1351 1522 1392 morum
1538 1351 1661 1392 suorum
1673 1336 1818 1408 gravitate
1829 1340 1946 1392 susten-

233 1447 270 1502 dc
284 1459 346 1518 qua
367 1440 510 1513 scriptum
532 1441 592 1494 est:
620 1437 732 1490 «Terra
747 1431 828 1486 euim
847 1442 927 1500 saepe
941 1423 1060 1480 venien·
1113 1426 1186 1479 tant.
1209 1426 1335 1480 Possunt
1353 1441 1407 1498 per
1424 1424 1514 1482 bases
1539 1426 1626 1482 etiam
1649 1427 1803 1500 prophete
1819 1425 1944 1496 signari,

233 1541 292 1592 tem
308 1547 442 1605 superse
458 1529 564 1584 bibens
580 1524 718 1588 imbrem,
730 1525 758 1576 et
772 1533 919 1590 generans
933 1513 1060 1570 herbam
1113 1509 1254 1582 quidum
1278 1513 1367 1585 primi
1391 1518 1491 1585 aperte
1517 1513 1555 1569 de
1571 1513 1724 1571 Dominica
1739 1513 1945 1570 incarnatione

233 1627 436 1696 opportunam
451 1617 507 1672 illis
522 1612 664 1686 aquibus
680 1610 795 1678 colitur,
811 1605 918 1678 accipit
939 1601 1059 1660 benedi·
1075 1620 1095 1673 B
1114 1598 1204 1656 locuti
1217 1604 1295 1668 suut,
1307 1601 1394 1675 quasi
1406 1601 1556 1676 quasdam
1570 1602 1661 1659 bases
1674 1619 1726 1659 eos
1737 1601 1945 1675 conspicimus

234 1712 362 1768 ctionem
386 1707 489 1778 (Hebr.
504 1721 541 1775 ιι,
558 1703 618 1774 τι.»
647 1699 703 1757 Sed
729 1697 820 1769 hujus
846 1701 930 1752 terrra
956 1690 1062 1747 funda·
1115 1703 1133 1743 a
1159 1687 1357 1745 fundamento
1384 1705 1515 1762 surgere,
1545 1694 1574 1748 et
1599 1691 1795 1765 superposite
1823 1690 1946 1746 ιοιιιιοοι

234 1804 370 1858 mentum
384 1795 460 1851 fides
473 1797 525 1850 est.
543 1794 617 1848 Cum
632 1788 711 1845 euim
726 1803 787 1843 non
810 1782 941 1840 eredenti
951 1785 1062 1838 aeterua
1114 1775 1249 1848 pondera
1264 1777 1418 1833 sustinere.
1436 1778 1518 1835 Unde
1531 1778 1570 1836 ad
1585 1782 1705 1851 lloysen
1720 1777 1866 1836 Dominus
1875 1793 1946 1835 cum

234 1889 309 1945 tides
324 1886 422 1954 detur,
434 1881 473 1938 ad
486 1878 647 1938 editicium
662 1872 873 1948 subsequentis
889 1869 987 1944 operis
997 1868 1061 1940 J'am
1115 1863 1297 1921 tabernaculi
1323 1866 1444 1924 tabulas
1471 1867 1544 1938 erigi
1564 1868 1715 1942 precepit,
1731 1867 1817 1924 tundi
1841 1883 1947 1924 earum

233 1977 464 2034 fundamentum
480 1969 609 2044 ponitur.
627 1969 700 2024 Cum
717 1969 816 2021 autem
838 1962 864 2018 ei
878 1959 931 2034 qui
944 1955 1061 2015 venturi
1115 1954 1205 2012 bases
1220 1961 1376 2026 argenteas
1388 1956 1483 2028 jubet.
1500 1959 1675 2014 ιιοιιιιιιι.
1693 1961 1780 2014 Bases
1803 1957 1948 2014 uniuscu-

232 2064 337 2138 judicii
351 2067 492 2120 terrorem
506 2055 640 2128 despicit,
656 2053 785 2128 peccatis
799 2067 830 2107 sc
845 2047 943 2106 caruis
963 2051 990 2104 et
1005 2044 1062 2119 spi·
1113 2044 1225 2116 jusque
1237 2045 1346 2102 animas
1358 2051 1428 2102 suut
1443 2046 1622 2104 intentiones
1637 2063 1708 2104 sue.
1726 2051 1801 2104 Nam
1817 2046 1948 2104 sioutia·

234 2155 308 2211 ritus
332 2151 476 2208 audenter
499 2144 632 2210 involvit,
648 2145 769 2215 repente
787 2139 958 2196 futurorum
974 2136 1063 2191 timor
1115 2133 1199 2188 brica
1214 2133 1371 2204 columnis,
1388 2134 1535 2192 columnae
1550 2141 1651 2193 autem
1671 2135 1797 2192 basibus
1812 2135 1948 2192 innitun-

234 2241 410 2308 inlunditur,
436 2243 466 2294 ut
489 2236 576 2292 bonae
600 2233 664 2289 vitae
687 2235 790 2302 surgat
813 2227 983 2292 aedificium,
997 2225 1062 2296 jam
1116 2225 1179 2278 tur:
1195 2221 1236 2278 ita
1250 2223 1308 2280 vita
1332 2228 1435 2281 nostra
1455 2224 1669 2292 invirtutibus,
1686 2225 1807 2283 virtutes
1824 2240 1895 2282 vero
1917 2224 1948 2280 iu

234 2331 432 2388 fundamenta
455 2327 677 2382 construuntur.
702 2325 742 2376 Ac
761 2319 785 2374 si
808 2333 879 2387 crgo
899 2313 1062 2387 justificato
1116 2311 1221 2368 intima
1232 2312 1394 2370 intentione
1410 2314 1586 2371 subsistunt.
1601 2317 1636 2371 Et
1649 2314 1719 2388 quia
1728 2315 1872 2389 seriptum
1881 2319 1946 2372 est:

234 2418 383 2494 peccatori
392 2416 504 2474 Veritas
522 2413 622 2470 dicat:
639 2411 768 2466 Virtutes
782 2423 800 2464 a
814 2421 862 2462 mc
877 2409 1015 2478 acceptas
1031 2401 1063 2458 ti·
1117 2399 1386 2460 «Fundamentum
1410 2403 1492 2460 aliud
1506 2419 1596 2460 uerno
1608 2408 1706 2477 potest
1724 2421 1846 2478 ponere,
1859 2427 1873 2454 ι
1890 2409 1947 2460 etc.

234 2509 265 2566 hi
279 2524 341 2564 uon
354 2505 486 2572 tribuas,
512 2501 574 2558 noli
601 2503 705 2556 contra
729 2511 777 2552 me
803 2494 840 2550 de
855 2509 923 2550 meo
940 2506 1063 2547 munere
1118 2491 1146 2562 (Ι
1158 2491 1226 2546 Cor.
1252 2507 1293 2562 ιιι,
1310 2493 1363 2565 ιι),
1380 2497 1452 2550 tuuc
1477 2493 1567 2550 bases
1593 2495 1625 2550 iu
1647 2493 1845 2551 fundamento
1866 2499 1946 2561 sunt,

235 2596 344 2655 extolli,
363 2593 515 2666 Sequitur:
1117 2596 1188 2637 cum
1199 2581 1377 2638 intentiones
1391 2588 1499 2640 uostrae
1509 2583 1540 2640 iu
1549 2583 1663 2642 Christo
1673 2583 1863 2641 roborantur.
1872 2587 1948 2640 Nam

271 2689 357 2740 Vnus.
380 2688 406 2738 5.
429 2681 535 2736 lectica
556 2677 631 2733 milri
650 2677 676 2732 ιι
701 2675 789 2730 babes
811 2671 1064 2742 intelligentiam:
1117 2669 1245 2728 inaniter
1256 2671 1397 2743 quislibet
1411 2689 1531 2729 summa
1545 2688 1638 2746 opera
1651 2673 1721 2730 iacit
1735 2673 1760 2728 si
1776 2677 1837 2729 tota
1849 2673 1948 2729 inteu-

238 2776 308 2844 Qeis
321 2772 420 2844 posuit
433 2783 588 2826 mensuras
601 2768 676 2836 ejus,
687 2765 820 2820 sinostt?
835 2761 887 2818 Vel
898 2761 964 2832 quir
975 2765 1066 2816 teten-
1118 2760 1198 2818 tione
1213 2760 1310 2817 cordis
1331 2777 1407 2818 verre
1432 2763 1500 2819 vitre
1521 2763 1645 2836 praemia
1665 2779 1727 2820 non
1749 2763 1882 2836 requirit.
1899 2765 1948 2820 Se-

236 2867 281 2922 dit
296 2878 387 2933 super·
401 2876 464 2917 eam
480 2872 650 2915 mensuram
673 2855 776 2910 tirteae?
790 2883 825 2892 -
838 2852 870 2906 ln
882 2866 1002 2907 caruem
1014 2865 1065 2905 au·
1118 2849 1234 2923 quitur:
1249 2853 1311 2905 Aut
1324 2852 1390 2921 quis
1400 2851 1513 2908 dimisit
1528 2853 1657 2921 lapidem
1669 2853 1848 2923 capularem
1861 2853 1948 2922 ejus?

236 2954 297 3008 tem
314 2947 456 3005 Dominus
471 2945 510 3002 ad
526 2943 687 3001 Ecclesiam
702 2941 824 2996 veniens
838 2953 996 2995 mensuras
1012 2942 1064 2993 ter·
1080 2968 1100 3024 C
1117 2969 1154 2982 -
1167 2939 1254 3012 Lapis
1278 2940 1431 3010 angularis
1458 2940 1504 2997 ille
1530 2946 1574 2997 est
1587 2942 1625 2998 de
1647 2957 1708 3015 quo
1723 2942 1867 3015 scriptum
1883 2945 1946 2998 est:

236 3055 276 3096 rre
291 3036 377 3094 lineis
397 3049 519 3092 mensus
539 3036 592 3104 ert,
607 3029 680 3104 quia
701 3027 776 3084 fines
800 3025 938 3083 Ecclesiae
957 3025 1065 3082 occulti
1119 3051 1133 3078 «
1146 3028 1288 3102 Lapidem
1303 3045 1395 3102 quem
1410 3029 1647 3104 reprobaverunt
1660 3031 1854 3100 edificantes,
1865 3053 1881 3081 ο
1891 3034 1946 3088 etc.

233 3126 339 3199 judicii
352 3123 512 3181 subtilitate
522 3120 666 3178 distinxit.
678 3117 786 3174 Paulus
800 3131 933 3188 namque
946 3119 1064 3188 aposto·
1118 3119 1212 3190 (Prot.
1230 3134 1315 3186 cxvu,
1331 3119 1387 3191 ιι.)
1403 3118 1545 3183 Quidum
1565 3118 1596 3176 iu
1615 3135 1646 3176 se
1669 3119 1830 3177 ludaicum
1850 3119 1946 3190 genti-

234 3217 295 3284 lus,
311 3231 380 3272 eum
395 3211 573 3270 Macedonica
588 3208 752 3283 predicare
767 3205 939 3277 negligeret,
955 3220 1008 3277 per
1022 3203 1065 3260 vi·
1118 3206 1238 3279 lemque
1252 3206 1400 3280 populum
1413 3207 1592 3280 suscepit,in
1608 3223 1670 3266 uua
1682 3207 1818 3266 Ecclesia
1834 3207 1949 3264 lubrica

236 3321 304 3360 sum
318 3303 359 3358 illi
375 3300 514 3374 apparuit
533 3298 578 3354 vir
600 3296 720 3354 llacedo
735 3295 788 3368 qui
801 3295 930 3350 diceret:
954 3295 1065 3350 «Trau-
1119 3295 1206 3368 quasi
1227 3295 1304 3352 duos
1327 3294 1455 3368 parietes
1476 3295 1583 3368 junxit.
1601 3297 1673 3354 iiiuc
1699 3297 1779 3354 euim
1803 3295 1948 3370 scriptum

236 3393 316 3448 siens
330 3391 361 3446 in
376 3387 580 3446 Macedoniam
592 3385 703 3458 adjuva
717 3399 773 3439 uos
789 3383 867 3452 (Act.
881 3398 942 3450 ιιιι,
958 3381 1014 3452 ιι.»
1030 3384 1065 3436 At
1120 3386 1182 3440 est:
1207 3384 1312 3440 «Fecit
1332 3388 1459 3457 utraque
1482 3399 1578 3440 uuum
1598 3385 1716 3456 (apres.
1733 3401 1769 3452 ιι,
1785 3388 1861 3457 ιιι»
1876 3385 1949 3459 quia

237 3485 340 3538 contra
355 3478 430 3534 sicut
442 3476 586 3550 scriptum
599 3475 660 3530 est:
677 3495 690 3522 ι
701 3471 867 3528 Teutabaut
882 3470 1011 3542 apostoli
1021 3469 1064 3526 irc
1121 3472 1296 3543 augularem
1313 3488 1344 3528 sc
1358 3471 1490 3544 lapidem
1506 3488 1569 3530 nou
1590 3473 1687 3530 solum
1701 3474 1731 3530 in
1746 3473 1947 3546 interioribus,

237 3571 266 3626 in
284 3567 463 3639 Bithyniam,
479 3569 507 3620 et
531 3578 593 3619 nou
616 3561 750 3634 permisit
771 3575 822 3615 eos
849 3559 974 3631 Spiritus
995 3561 1065 3614 lesu
1120 3559 1174 3616 sed
1189 3558 1259 3615 etiu
1274 3559 1412 3632 superuis
1433 3559 1576 3631 exhibuit,
1591 3561 1665 3635 quia
1678 3567 1707 3618 et
1726 3562 1850 3619 interra
1868 3561 1948 3636 plebi

238 3659 314 3730 (Act.
328 3671 386 3722 xri,
402 3657 463 3722 7)·»
481 3653 638 3721 Dumcrgo
649 3648 858 3722 predicatores
870 3646 962 3704 sancti
977 3651 1005 3704 et
1016 3663 1065 3704 vc·
1120 3647 1285 3706 israelitice
1299 3649 1435 3705 nationes
1455 3649 1589 3719 gentium
1604 3655 1633 3708 et
1654 3654 1780 3724 utraque
1796 3651 1887 3708 simul
1898 3667 1948 3708 an·

237 3751 344 3804 cantur
367 3743 406 3800 nd
426 3739 640 3805 Macedoniam,
656 3742 685 3794 et
705 3737 744 3793 ab
768 3736 837 3793 Asia
858 3735 1063 3809 prohibentur,
1119 3735 1192 3808 gelis
1203 3735 1235 3793 in
1250 3737 1325 3794 coelo
1341 3737 1474 3806 sociavit,
1486 3754 1522 3796 eo
1534 3739 1646 3813 quippe
1658 3743 1729 3796 nato
1744 3739 1949 3797 clamaverunt

236 3835 292 3892 ista
306 3833 491 3890 occultarum
507 3842 718 3886 mensurarum
733 3825 812 3882 linea
833 3823 892 3880 illio
905 3824 995 3880 ducta
1010 3827 1064 3895 est,
1119 3825 1235 3898 augeli:
1253 3847 1267 3876 «
1280 3825 1377 3884 Gloria
1391 3826 1423 3883 in
1433 3826 1556 3883 excelsis
1573 3831 1642 3896 ilco,
1652 3832 1680 3886 ct
1693 3828 1724 3885 iu
1735 3833 1815 3886 terra
1825 3845 1886 3904 pax
1896 3829 1947 3884 ιιο-

236 3923 306 3980 bine
318 3922 449 3978 reducta.
460 3923 537 3975 tntra
550 3917 606 3974 has
621 3931 692 3986 ergo
704 3929 861 3970 mensuras
877 3917 946 3970 suut
959 3928 1065 3970 omues
1118 3915 1251 3972 minibus
1265 3914 1354 3972 bouae
1365 3914 1527 3973 voluntatis
1541 3919 1751 3991 (Lec.11,tt).»
1764 3918 1945 3975 Morinum.

236 4011 331 4080 electi,
345 4015 427 4084 extra
439 4009 495 4064 has
507 4020 613 4063 omues
627 4002 757 4076 reprobi,
769 4001 886 4058 etiamsi
900 4001 979 4058 iutra
993 3999 1064 4056 fidei
1118 4002 1207 4075 Lapis
1228 4002 1381 4074 augularis
1405 4007 1449 4059 est
1472 4003 1512 4060 ad
1535 4019 1622 4062 sacra
1641 4004 1761 4079 eloquia
1782 4004 1948 4063 intellectus

136 4089 144 4103 '
236 4101 360 4158 limitem
376 4115 440 4156 esse
452 4096 622 4154 videantur.
638 4096 810 4150 ιιοιιιιιιιι.
825 4091 896 4158 Quis
912 4090 992 4148 euim
1007 4094 1064 4146 ter·
1118 4089 1240 4164 duplex,
1255 4091 1328 4165 quia
1341 4095 1413 4148 tuuc
1427 4091 1570 4149 divinitus
1584 4093 1750 4164 dimittitur,
1759 4093 1885 4169 quaudo
1900 4110 1948 4152 ne

236 4207 286 4257 rte,
303 4191 333 4246 id
348 4194 402 4258 cst,
413 4189 502 4259 justae
517 4183 626 4240 auimae
638 4197 797 4238 mensuras
813 4180 906 4253 ponit,
918 4179 976 4236 uisi
991 4182 1064 4238 Con·
1118 4194 1273 4252 quaquam
1287 4179 1538 4252 districtojudieic
1552 4181 1729 4252 ignorantie
1744 4199 1804 4240 sura
1817 4183 1947 4241 tenebris

235 4279 313 4334 ditor
327 4281 439 4345 noster,
453 4272 505 4345 qai
518 4270 625 4327 interni
637 4269 741 4340 iudicii
757 4273 871 4324 secreto
885 4266 1064 4324 moderami·
1118 4267 1257 4338 illigatur,
1275 4267 1327 4324 scd
1342 4268 1476 4342 quadam
1491 4268 1626 4328 libertate
1640 4269 1811 4345 pertruitur,
1827 4271 1904 4329 dum
1917 4273 1947 4328 in

235 4383 284 4433 nc,
301 4365 349 4421 alii
362 4377 531 4420 sermonem
547 4358 686 4424 scientior,
703 4357 753 4413 alii
766 4357 888 4430 plenam
900 4356 1003 4427 tidem,
1015 4355 1064 4412 alii
1118 4356 1274 4430 praeceptis
1302 4356 1352 4414 Dei
1375 4356 1484 4416 sufficit
1509 4357 1556 4415 vel
1581 4360 1775 4433 exsequendo
1801 4362 1946 4418 exteriora

236 4453 363 4524 gratiam
379 4451 553 4514 sanitatum,
568 4447 618 4503 alii
631 4445 837 4518 operationem
851 4445 1004 4517 virtutum,
1015 4445 1064 4504 alii
1119 4459 1218 4516 agere,
1232 4444 1277 4501 vel
1290 4445 1523 4520 contemplando
1535 4447 1652 4507 interna
1669 4449 1787 4506 sentire.
1806 4453 1946 4508 lucama-

234 4541 424 4617 prophetiam
438 4537 562 4595 tribuit?
575 4538 605 4608 (I
616 4539 681 4593 cor.
697 4551 742 4604 ιιι,
757 4539 784 4604 8,
796 4539 823 4606 9,
842 4535 896 4605 ιο.)
908 4535 953 4592 Sic
963 4535 1064 4608 itaque
1118 4539 1167 4592 tus
1181 4533 1262 4592 euim
1277 4533 1457 4610 Redemptor
1471 4536 1593 4594 veniens
1613 4541 1741 4611 utraque
1755 4538 1903 4609 exhibuit,
1916 4539 1945 4597 iu

234 4634 354 4690 Creator
368 4633 469 4686 noster
493 4643 528 4683 ac
543 4625 731 4698 dispeusator
750 4625 858 4680 cuncta
880 4622 1063 4695 moderatur,
1118 4627 1292 4697 neutraque
1317 4624 1452 4692 sociavit,
1465 4625 1599 4684 videlicet
1620 4627 1748 4688 activam
1767 4632 1797 4685 et
1814 4632 1948 4687 coutem-

235 4724 329 4797 utqui
344 4721 443 4800 extolli
459 4721 574 4793 poterat
594 4733 630 4772 ex
651 4714 732 4772 douo
747 4712 832 4787 quod
854 4712 954 4780 babet,
969 4713 1064 4770 humi·
1118 4712 1261 4786 plativam
1287 4713 1390 4782 vitam,
1420 4712 1460 4772 ad
1483 4715 1567 4788 quod
1592 4731 1753 4790 nunquam
1779 4723 1881 4774 noster
1907 4719 1949 4775 in·

232 4813 319 4870 lietur
333 4811 484 4868 exvirtutc
498 4821 666 4881 quamuou
680 4805 780 4862 babet.
795 4803 840 4862 Sic
854 4804 1063 4878 uuusquisque
1117 4801 1249 4858 tellectus
1282 4807 1461 4874 assurgeret,
1488 4803 1545 4862 uisi
1572 4805 1620 4862 ille
1649 4807 1689 4864 ad
1721 4807 1948 4881 suscipiendam

233 4903 316 4974 quod
331 4915 391 4955 non
418 4897 542 4970 accepit,
558 4896 588 4951 iu
604 4893 696 4950 altero
717 4891 879 4965 possideat,
896 4891 1005 4966 utipse
1019 4891 1062 4950 al-
1116 4895 1251 4948 uostram
1278 4890 1391 4947 veniret
1414 4896 1565 4950 naturam.
1593 4899 1634 4952 Αο
1659 4895 1684 4952 si
1708 4911 1780 4966 argo
1802 4897 1948 4954 Dominus

233 4988 286 5046 teri
300 4986 485 5062 possidendo
506 4983 590 5058 quod
605 4980 720 5054 aceepit
733 4980 884 5036 humiliter
896 4979 1060 5054 impendat.
1116 4981 1244 5038 diceret:
1258 4981 1330 5048 Quis
1344 4981 1456 5040 dimisit
1468 4982 1602 5058 lapidem
1615 4986 1792 5056 angularem
1806 4987 1863 5044 uisi
1879 5003 1946 5060 ege,

232 5079 306 5136 Hinc
323 5078 425 5133 i‘etrus
441 5075 499 5131 ait:
521 5095 534 5122 a
549 5071 759 5144 Unusquisque
774 5070 849 5127 sicut
865 5070 979 5144 accepit
994 5087 1061 5142 gra-
1116 5069 1240 5128 unicum
1260 5087 1352 5144 quem
1376 5071 1440 5129 siue
1461 5075 1596 5146 tempore
1611 5075 1711 5145 genui,
1727 5075 1883 5134 semendis
1897 5077 1949 5135 be

231 5170 303 5228 tiam
334 5167 365 5224 iu
393 5164 569 5222 alterutrum
598 5159 682 5218 iiam
707 5157 960 5228 administrantes,
987 5159 1062 5218 sicut
1116 5157 1248 5216 minibus
1264 5174 1334 5216 cum
1355 5163 1489 5235 tempore
1508 5161 1645 5220 ostendit
1664 5163 1798 5237 lncujus
1813 5165 1949 5222 ritadie

230 5257 303 5316 boni
313 5257 537 5330 dispensatores
551 5246 740 5308 multiformis
752 5245 856 5318 gratie
871 5245 922 5303 Dei
935 5247 964 5318 (I
977 5247 1059 5302 Petr.
1116 5245 1318 5304 cereutetiam
1333 5246 1450 5306 diverse
1470 5248 1592 5308 vivendi
1606 5250 1706 5310 studia
1719 5265 1782 5310 non
1795 5251 1948 5327 discmpa·

230 5363 269 5416 ιι,
285 5347 360 5417 tot.»
376 5347 471 5417 Super
495 5341 574 5398 hauc
599 5336 680 5394 enim
696 5339 804 5392 terram
825 5333 906 5392 linea
921 5333 1059 5402 tenditur,
1117 5349 1159 5392 re.
1177 5333 1331 5408 Sequitur:

230 5434 354 5508 quaudo
382 5433 481 5490 electe
505 5427 667 5500 uuicuique
692 5425 799 5483 animes
824 5423 863 5479 ad
879 5422 1060 5480 sumendam
1151 5423 1351 5482 versarem
1364 5425 1945 5488 metaedarentrtmetestremcrerere.

231 5521 350 5579 vivendi
373 5521 507 5590 regulam
534 5521 652 5574 Petrum
672 5512 904 5588 precedentium
921 5510 1059 5583 exempla
1117 5513 1232 5578 -Quia
1247 5511 1326 5568 euim
1341 5511 1429 5585 primi
1440 5515 1539 5585 angeli
1554 5517 1665 5575 conditi
1676 5523 1823 5584 suntuna
1838 5519 1946 5576 imme·

231 5611 491 5676 monstranteque
512 5623 549 5662 ex
572 5605 691 5662 illorum
717 5603 774 5658 rita
797 5599 962 5656 consideret
983 5599 1056 5672 quid
1116 5601 1267 5659 ritoestre
1282 5603 1598 5676 ιιοιοιιιοιοοοοιιιι,
1613 5605 1666 5679 qui
1690 5609 1852 5664 venturum
1864 5607 1945 5666 diem
