4120 6154
119 145 166 202 irs
502 121 654 206 mirone
671 143 861 206 ιιοιιιιιιιιι
881 146 911 204 s.
931 143 1032 204 onec.
1054 145 1234 208 rusce-
1257 154 1322 210 na.
1342 155 1428 214 ιιιιι.
1766 157 1820 216 ιιι

120 273 213 326 umen
229 265 358 342 proximi
373 283 434 326 non
448 267 571 344 repellit.
587 271 660 328 Nam
676 268 784 328 Paulus
799 287 876 346 quos
896 269 936 328 ab
955 269 980 326 Δ
993 271 1205 348 prohibebant,
1221 274 1297 332 sicut
1310 277 1455 350 scriptum
1478 283 1535 338 est:
1563 280 1682 340 «Casia
1706 281 1821 340 denun-

119 357 199 414 heste
213 355 329 428 gladios
354 357 506 432 suscipiat,
522 359 602 430 dicit,
615 363 644 416 et
653 359 809 434 quomodo
823 359 938 418 eisdem
992 359 1149 432 tiaverunt,
1161 379 1203 429 ne
1214 363 1408 439 loquerentur
1419 367 1450 426 in
1472 369 1596 428 nomine
1610 371 1681 428 lesu
1696 372 1775 443 (Act.
1790 389 1818 444 v,

117 444 218 518 gladiis
233 459 296 501 non
321 445 406 502 cedat
433 445 580 504 ostendit:
603 448 694 506 Video
715 453 817 506 autern
847 449 938 506 aliam
992 449 1138 520 ld).›Sed
1152 451 1309 512 videamus
1324 455 1607 532 quomodoequum
1629 459 1680 518 llei
1694 459 1820 532 clangor

116 535 207 606 legem
219 537 439 608 repugnantem
450 533 511 606 legi
520 536 629 594 mentis
653 554 758 609 meae»
773 542 829 595 etc.
842 541 937 608 (Rota
992 539 1073 596 tubae
1094 555 1156 600 non
1184 545 1291 600 terreat
1317 544 1359 602 ait
1383 547 1505 603 Petrus:
1522 565 1538 603 a
1557 547 1684 606 Obedire
1704 551 1821 623 oportet

116 621 470 695 vr1‚23).0reterisautem
484 624 570 682 dicit:
588 646 602 676 ιι
617 626 788 684 llortiticate
802 627 940 685 membra
994 631 1053 685 Deo
1067 630 1165 702 magis
1174 645 1268 705 quarn
1282 632 1456 690 hominibus
1470 633 1551 702 (Act.
1561 652 1590 706 v,
1603 636 1661 708 ιθ).
1677 659 1692 688 »
1706 639 1738 694 Et
1752 653 1819 694 rur-

35 749 39 756 ·
115 715 209 769 vestra
222 726 291 786 quae
306 701 479 787 sunt'super
494 719 613 784 terram,
631 710 868 786 fornicationem,
884 711 939 774 im·
993 731 1081 776 sumt
1098 721 1272 778 «donanim
1286 733 1451 796 possumus
1467 735 1535 797 ques
1549 723 1680 782 vidimus
1693 728 1721 783 et
1736 725 1820 782 audi·

117 799 302 874 munditiam,
329 801 495 872 libidinem,
523 806 798 880 concupiscentiam
826 807 939 866 malam
991 807 1091 865 vimus
1102 824 1165 865 non
1179 808 1261 883 loqui
1275 811 1354 884 (Act.
1365 828 1411 880 rv,
1428 812 1503 886 20).»
1518 813 1692 870 damnares.
1709 814 1819 872 contra

117 883 187 960 (Col.
201 907 241 960 ιιι,
255 891 295 961 5).
311 913 326 942 »
344 892 497 966 Sequitur:
992 911 1104 970 equum
1119 897 1243 969 clangor
1255 899 1335 957 tubae
1345 899 1475 970 insonat,
1488 899 1614 974 qnando
1623 899 1707 958 electi
1718 906 1818 959 mente

149 978 233 1036 Vens.
247 982 293 1036 23.
306 979 407 1051 Super
426 982 524 1051 ipsam
546 983 663 1040 sonabit
685 983 843 1056 ptarerra.
860 1017 894 1026 -
907 984 940 1041 ln
991 984 1022 1042 in
1037 999 1073 1042 eo
1086 986 1171 1058 quod
1197 986 1260 1058 agit
1282 987 1395 1046 fortiter
1419 988 1548 1046 evicinc
1562 987 1705 1062 quasdam
1720 988 1819 1062 posita

113 1067 258 1142 Scriptura
271 1070 512 1142 sacrapharetroe
523 1071 644 1130 nomine
652 1071 818 1147 aliquando
825 1075 939 1146 justum
991 1072 1081 1146 culpa
1103 1073 1271 1136 terribiliter
1293 1079 1393 1133 tentat.
1411 1075 1469 1134 Sed
1490 1077 1610 1148 servem
1637 1081 1666 1134 et
1687 1077 1818 1147 siemera

114 1155 161 1212 llei
184 1157 397 1231 occultumque
425 1159 584 1216 consilium
613 1162 769 1236 accipitur,
784 1167 817 1218 nt
843 1161 936 1218 illud:
991 1163 1089 1220 sordet
1101 1168 1223 1234 terram,
1239 1163 1312 1238 quia
1325 1163 1420 1220 nimio
1435 1165 1541 1222 ardore
1556 1164 1752 1238 semetipsum
1759 1158 1819 1220 dis-

117 1267 130 1295 ι
144 1245 313 1304 Pheretram
325 1262 412 1304 suam
427 1249 544 1321 aperuit
558 1252 586 1306 et
600 1249 704 1308 afflixit
717 1267 766 1308 me
781 1251 855 1324 (dot.
871 1267 936 1322 xxx,
991 1251 1073 1324 cutit,
1086 1255 1115 1310 et
1126 1252 1275 1327 quidquid
1289 1253 1320 1310 iu
1331 1269 1363 1310 se
1377 1257 1529 1311 terrenum
1540 1254 1659 1328 reperit,
1674 1267 1737 1328 quo
1750 1265 1819 1325 pro-

118 1334 169 1407 tt).
185 1357 199 1386 »
213 1334 385 1408 Aliquando
399 1335 585 1396 clandestina
603 1355 767 1412 pravorum
781 1341 936 1398 machina·
989 1338 1118 1396 ficiendo
1133 1341 1294 1410 consumit,
1311 1345 1340 1398 et
1351 1341 1525 1413 clangorem
1540 1341 1620 1400 tnboe
1633 1355 1742 1398 sonare
1755 1353 1818 1396 non

110 1421 149 1478 tio
161 1419 336 1493 designatur
349 1421 492 1481 utillud:
509 1429 708 1484 «paraverunt
727 1425 850 1500 sagittas
865 1443 936 1505 suas
989 1433 1116 1502 reputat,
1130 1429 1202 1504 quia
1223 1429 1495 1488 considerationem
1518 1430 1639 1488 tortium
1663 1445 1702 1486 ne
1712 1427 1818 1485 vitium

110 1509 139 1566 in
162 1511 303 1586 pharetra
325 1513 419 1583 (Psoi.
443 1529 469 1583 ιι,
481 1519 538 1582 3).»
554 1515 646 1586 Igitur
673 1517 745 1590 quia
770 1533 867 1591 equus
886 1517 937 1574 Dei
989 1517 1122 1591 quodde
1135 1518 1252 1576 virtutis
1266 1518 1360 1590 gloria
1373 1517 1818 1577 nascatursollicitusdeelinat.

112 1598 192 1656 nulla
207 1599 387 1659 adversitate
400 1606 535 1672 terretur,
550 1603 577 1660 ei
591 1621 713 1678 quoque
726 1607 823 1676 magis
836 1605 937 1663 obvia·
956 1623 977 1678 g
991 1609 1147 1682 Sequitur:

114 1691 170 1757 tur,
183 1693 214 1747 ut
222 1706 292 1748 eum
298 1707 333 1748 ex
339 1691 466 1750 obsessa
479 1693 701 1753 machinatione
714 1694 804 1767 longe
818 1695 935 1767 feriant,
1025 1700 1108 1756 vaes.
1121 1702 1166 1756 25.
1183 1700 1240 1757 Udi
1252 1699 1380 1758 audere
1395 1700 1561 1770 menam,
1577 1701 1660 1758 dicit.
1680 1698 1745 1756 vra
1759 1701 1770 1755 l
1783 1725 1818 1740 -·

109 1778 155 1835 cni
189 1781 299 1853 apertis
327 1783 591 1854 congressionibus
610 1785 736 1842 inaniter
754 1787 938 1860 apppropin·
990 1787 1092 1859 Equus
1103 1802 1185 1858 ergo,
1198 1788 1300 1846 audita
1313 1789 1452 1863 buccina,
1468 1788 1528 1845 vah
1549 1787 1630 1859 dicit,
1645 1787 1719 1860 quia
1733 1784 1818 1842 tortis

109 1873 213 1941 quant.
229 1872 295 1927 llaec
311 1875 381 1928 tunc
395 1889 485 1946 super
497 1887 610 1946 equum
617 1873 668 1932 Dei
677 1873 817 1947 pharetra
832 1891 938 1933 sonue·
989 1875 1118 1948 quisque
1144 1875 1331 1949 predicator,
1347 1893 1417 1934 cum
1430 1880 1582 1934 certamen
1597 1874 1655 1932 sibi
1668 1872 1817 1948 passionis

107 1959 162 2024 rat,
179 1973 249 2013 curn
261 1958 506 2030 quadragitaviri
519 1959 551 2016 in
566 1960 649 2017 Pauli
677 1965 772 2018 morte
786 1963 938 2036 conspira·
989 1964 1194 2036 propinquare
1216 1965 1375 2035 desiderat,
1388 1965 1426 2022 de
1447 1965 1586 2022 exercitio
1599 1962 1715 2021 virtutis
1736 1961 1819 2019 exul·

106 2049 216 2102 verant
230 2044 307 2116 (Act.
323 2063 401 2114 axur,
419 2048 471 2120 ta).
488 2048 631 2104 Pharetra
645 2063 718 2119 ergo
741 2050 851 2121 sonuit,
866 2051 938 2124 quia
991 2055 1042 2124 tat,
1056 2068 1111 2110 nec
1123 2057 1247 2110 terretur
1259 2069 1370 2128 pugne
1385 2053 1527 2128 periculo,
1543 2052 1616 2127 qnia
1626 2050 1758 2110 victorico
1770 2049 1818 2107 lte-

107 2133 231 2190 ocoultae
243 2134 475 2193 machinationis
490 2137 529 2194 ad
546 2137 670 2194 Paulum
685 2153 779 2196 causa
793 2141 936 2212 pervenit.
992 2143 1071 2196 tatur
1086 2140 1561 2215 triumpho.Videamnsl‘aulum,
1571 2139 1728 2214 quomodo
1738 2141 1818 2196 amet

107 2221 265 2294 Sequitur:
289 2223 425 2282 vibravit
451 2225 539 2282 husto
565 2231 593 2282 et
617 2227 748 2297 clypeus.
768 2259 802 2269 -
830 2227 939 2286 Contra
990 2229 1074 2302 quod
1089 2229 1207 2300 refugit,
1223 2229 1378 2302 quomodo
1408 2229 1536 2300 refugiat
1557 2228 1642 2303 quod
1660 2231 1752 2286 amat
1772 2225 1818 2282 Ait

107 2325 220 2383 equum
232 2311 345 2385 quippe
362 2313 422 2378 Dei,
441 2315 513 2386 quia
523 2329 687 2388 pravorum
700 2315 823 2374 consilia
833 2317 937 2374 mine·
990 2318 1071 2375 enim
1081 2336 1088 2375 :
1100 2318 1426 2379 «desideriumhebens
1441 2317 1572 2385 dissolvi,
1583 2321 1613 2375 et
1622 2333 1691 2374 cum
1703 2314 1818 2372 Christo

109 2413 167 2470 que
195 2403 399 2472 perstrepunt,
427 2402 569 2474 pharetra
604 2407 707 2472 sonat;
735 2405 807 2478 quia
834 2409 938 2479 aperta
990 2401 1055 2465 esse
1067 2409 1190 2480 (Philip.
1205 2423 1223 2476 r,
1240 2409 1313 2481 23).»
1326 2411 1359 2465 Et
1372 2413 1473 2466 tamen
1485 2407 1572 2465 dicit:
1585 2405 1658 2474 «Oui
1669 2419 1774 2462 sumus
1786 2402 1818 2458 in

110 2501 199 2558 poena
209 2491 243 2543 ut
256 2485 450 2545 interficiatur
462 2490 600 2563 exquirit,
609 2491 696 2548 basta
705 2491 854 2563 vibratum
865 2495 937 2567 quia
989 2497 1047 2553 hoc
1061 2496 1233 2554 habitaculo
1248 2496 1474 2568 ingemiscimus
1488 2496 1656 2568 gravati,eo
1670 2492 1818 2568 quodno-

109 2589 178 2630 vero
195 2573 223 2631 ei
235 2574 435 2650 disputatione
449 2578 606 2650 resistitur,
619 2579 742 2654 clypeus
763 2581 935 2640 antefertur.
989 2585 1091 2644 lumus
1104 2585 1335 2660 exspoliari,sed
1349 2586 1555 2660 supervestiri,
1572 2589 1604 2643 ut
1619 2582 1818 2642 absorbeatur

110 2662 223 2720 liabent
246 2663 328 2720 enim
342 2667 437 2722 sancti
451 2667 662 2740 predicatores
688 2669 811 2740 sagittas
825 2669 937 2744 quihus
989 2669 1072 2744 quod
1084 2670 1210 2728 mortale
1223 2675 1268 2728 est
1281 2686 1299 2728 a
1313 2671 1374 2728 vita
1388 2672 1433 2740 <11
1447 2670 1518 2728 Gor.
1535 2670 1626 2742 v,l).»
1640 2671 1814 2727 donnanae.

110 2766 159 2807 cor
171 2751 358 2810 audientium
372 2753 490 2812 feriunt.
503 2756 544 2812 De
555 2756 786 2828 quibusPaulus
798 2758 935 2816 dicebat:
989 2758 1092 2815 ldultos
1119 2758 1199 2816 enim
1216 2775 1271 2814 sua
1294 2757 1417 2816 felicitas
1432 2759 1530 2826 stavit,
1545 2757 1655 2814 multos
1674 2756 1817 2813 diuturna

110 2860 124 2888 ι
144 2839 260 2897 laboro
285 2857 382 2916 nsque
397 2842 436 2899 sd
459 2843 580 2900 vincula
598 2845 688 2918 quasi
702 2846 781 2902 male
795 2863 935 2919 operans,
988 2861 1049 2919 pax
1061 2845 1170 2903 inertes
1185 2845 1324 2902 reddidit.
1340 2848 1442 2919 Equus
1457 2861 1539 2916 ergo,
1555 2845 1660 2903 audita
1674 2843 1815 2910 buccina,

110 2927 161 2984 sed
175 2945 277 2986 sermo
297 2929 347 2987 Dei
370 2945 432 2987 non
459 2934 504 2988 cst
523 2930 661 3002 alligatus
674 2933 721 3004 (II
730 2935 804 2991 illa.
821 2951 851 3002 ιι,
866 2937 904 3008 s).
921 2959 935 2987 a
952 2965 972 3022 c
990 2933 1061 2990 dicit
1074 2933 1143 3002 vah,
1164 2934 1236 3006 quia
1249 2933 1385 2991 videlicet
1412 2933 1561 3006 preliator
1583 2933 1635 2990 Dei
1662 2947 1731 2990 curn
1753 2930 1817 2998 vim

110 3019 214 3075 Contra
228 3033 308 3093 quas
319 3024 527 3092 persecutores
538 3019 645 3094 clypco
655 3037 717 3078 suae
727 3021 936 3095 disputationis
990 3021 1160 3079 tenutionis
1171 3022 1356 3091 incumbere,
1372 3021 1529 3095 conspicit,
1542 3021 1699 3078 utilitatem
1711 3035 1816 3092 super-

110 3107 197 3165 corda
217 3107 407 3166 audientium
431 3109 581 3166 muniunt.
597 3113 770 3168 ιιοιιιιιτειι.
788 3114 871 3184 Equo
886 3111 937 3170 Dei
990 3127 1036 3169 nae
1062 3110 1294 3184 dispensationis
1315 3109 1519 3179 considerans,
1535 3126 1572 3168 ex
1594 3110 1661 3183 ipsa
1688 3107 1818 3164 validius

108 3195 338 3254 hostiscallidus
352 3198 936 3274 sagittasperinsidiasimpetit,quando
990 3199 1168 3256 adversitate
1192 3199 1326 3256 contidit.
1340 3199 1507 3272 -Sequiturz
1532 3199 1645 3256 Procul
1671 3197 1820 3254 odoratur

109 3285 133 3342 ei
151 3286 207 3343 sub
229 3286 341 3343 virtute
380 3286 487 3344 vitium
526 3287 694 3360 abscondit,
721 3291 808 3346 hasta
835 3297 937 3348 autem
991 3289 1112 3346 tellum.
1125 3319 1161 3330 -
1176 3286 1287 3345 Bellum
1302 3287 1532 3362 quippeprocul
1546 3286 1674 3344 odorare
1693 3289 1750 3355 est,
1765 3282 1818 3340 ad·
1939 3329 1944 3344 .

108 3375 249 3433 dominus
261 3376 408 3444 retineret,
425 3393 495 3434 cum
516 3377 677 3436 manifesta
696 3379 829 3452 nequitia
846 3381 936 3437 etiam
988 3393 1076 3435 versa
1094 3393 1163 3450 quas
1174 3377 1264 3448 longe
1285 3377 1385 3434 adbuc
1399 3377 1497 3450 posita
1509 3375 1669 3448 cogitando
1684 3389 1818 3450 praenos-

110 3464 250 3522 scientem
261 3469 362 3522 tentat.
376 3466 758 3539 Saepenonnullivitaesuoe
767 3469 935 3526 custodiam
989 3482 1066 3535 cere,
1092 3481 1131 3524 ne
1162 3465 1290 3523 fortasse
1323 3465 1441 3524 valeant
1464 3465 1629 3539 improvisa
1662 3477 1816 3562 superare.

109 3553 291 3625 negligentes
314 3553 345 3610 in
363 3555 587 3613 immunditiam
599 3556 732 3614 libidinis
753 3557 932 3628 demergnn·
989 3555 1102 3613 ldcirco
1116 3555 1196 3613 enim
1217 3555 1373 3629 quodlibet
1395 3559 1547 3612 certamen
1560 3556 1729 3628 exsuperat,
1744 3565 1818 3626 qino

108 3729 235 3804 lugiunt,
251 3749 306 3806 per
329 3733 472 3790 castitatis
491 3734 612 3792 culmen
634 3735 665 3791 in
686 3736 861 3807 voraginem
874 3735 935 3794 ela·
989 3733 1143 3806 discipulis
1165 3732 1221 3790 ait:
1238 3755 1252 3784 ιι
1275 3733 1478 3806 vosmetipsos
1507 3736 1626 3798 tentate
1652 3733 1677 3788 si
1695 3729 1765 3788 estis
1785 3728 1817 3786 in

108 3818 194 3876 donis
209 3826 311 3877 ruunt.
323 3823 415 3878 llasta
425 3825 525 3878 autem
539 3825 583 3878 est
597 3822 688 3895 culpa
702 3823 740 3888 de
750 3823 832 3894 vitio,
848 3826 937 3894 sagit-
988 3821 1059 3888 lide,
1073 3821 1131 3894 ipsi
1144 3837 1199 3876 vos
1212 3821 1337 3892 probate
1353 3823 1397 3892 (ῙΙ
1410 3821 1478 3878 Car.
1495 3835 1535 3887 ιιι,
1551 3821 1590 3891 s).
1609 3822 1815 3876 »domanam

107 3911 136 3964 ta
149 3908 418 3966 autemdevirtute
431 3909 530 3982 culpa,
552 3910 606 3966 sed
632 3911 781 3984 perlectus
807 3912 936 3985 quisque
990 3909 1104 3966 Bellum
1129 3923 1262 3980 namque
1285 3908 1389 3982 procul
1426 3906 1548 3964 odorari
1576 3911 1630 3977 est,
1655 3923 1692 3963 ex
1716 3905 1817 3964 causis

107 3995 144 4053 ab
161 4001 292 4070 utroque
304 3997 479 4069 protegitur.
495 3998 570 4054 ilinc
586 3999 727 4056 Salomon
743 4000 792 4056 ait:
808 4021 821 4050 ιι
839 4000 936 4058 Domi·
989 3994 1229 4070 precedentibus
1250 4011 1318 4068 quae
1344 3995 1485 4052 vitiorum
1500 4009 1611 4066 pugnae
1630 3993 1817 4065 subsequan-

107 4101 166 4141 nus
183 4084 239 4140 erit
262 4084 292 4140 in
317 4084 408 4142 latere
423 4090 485 4153 tuo,
500 4091 529 4142 et
553 4087 699 4144 custodiet
726 4089 835 4160 pedem
851 4093 937 4146 tuum
990 4089 1039 4141 tur
1052 4097 1224 4153 agnoscere,
1240 4088 1269 4139 et
1294 4083 1370 4140 sicut
1382 4081 1456 4140 ilatu
1474 4082 1605 4151 narium,
1622 4081 1664 4137 sic
1679 4079 1817 4154 provisas

105 4189 142 4230 ne
183 4172 314 4246 capiaris
351 4174 455 4245 (Proo.
481 4190 523 4243 ιιι,
552 4173 608 4247 26).
639 4175 732 4233 »Cui
760 4178 850 4232 etiam
878 4175 937 4249 cly-
990 4171 1205 4244 coffl'tationum
1220 4171 1369 4246 nequitias
1393 4171 1518 4229 latenter
1538 4171 1681 4228 indicare.
1699 4172 1739 4226 lle
1753 4183 1817 4242 quo

105 4277 196 4336 pcum
225 4261 433 4320 fraudulentus
459 4263 553 4322 hostis
579 4265 716 4337 opponit,
740 4269 772 4322 ut
799 4264 824 4320 si
850 4266 936 4322 resia·
990 4259 1119 4332 odoratu
1146 4264 1224 4316 recte
1249 4260 1280 4318 in
1307 4261 1445 4318 Ecclesia
1468 4277 1531 4319 sue
1558 4259 1700 4318 laudibus
1727 4257 1814 4316 dicit:

107 4351 193 4408 tentis
218 4355 324 4424 pectus
344 4349 478 4408 leriendo
493 4367 555 4408 non
575 4352 717 4425 perforat,
741 4353 846 4410 saltem
870 4353 936 4427 qui·
990 4371 1005 4400 «
1021 4353 1118 4406 Nasus
1133 4349 1289 4408 tuussicut
1310 4351 1399 4407 turris
1412 4355 1457 4408 est
1471 4351 1502 4407 in
1518 4350 1744 4422 libanotcoat.
1763 4363 1815 4419 vu,

107 4437 237 4496 busdam
252 4439 471 4512 objectionibus
485 4441 668 4515 proficientis
681 4441 868 4501 intercludat.
884 4443 935 4500 Se·
988 4441 1044 4512 ll.»
1061 4440 1215 4512 Sequitur:
1231 4441 1480 4498 dehortationem
1493 4441 1602 4498 dacum
1619 4445 1647 4498 et
1661 4441 1815 4496 ulutatum

107 4529 207 4599 quitur
221 4545 228 4586 :
988 4531 1185 4588 exercitua-
1199 4530 1436 4588 Ducessdversoe
1449 4531 1543 4604 partis
1558 4535 1628 4588 sunt
1640 4529 1749 4586 erroris
1764 4543 1816 4586 su·

140 4617 228 4676 Vens.
243 4622 288 4676 tt.
304 4620 434 4678 Fervent
446 4625 475 4678 et
483 4622 615 4692 frameas
629 4621 727 4679 sordet
742 4627 865 4694 terram,
880 4637 934 4680 aec
988 4623 1095 4678 atores.
1107 4623 1147 4678 lle
1161 4620 1272 4694 quibus
1285 4636 1339 4694 per
1353 4620 1544 4677 Psalmistum
1557 4619 1680 4676 dicium
1697 4616 1816 4674 «Effusa

108 4714 225 4777 reputat
239 4710 318 4766 tatoe
328 4710 509 4782 clangorem.
522 4711 661 4768 —Primo
672 4711 787 4768 homini
798 4711 934 4785 peccanti
988 4715 1032 4766 est
1045 4709 1228 4784 contemptio
1243 4725 1333 4784 snper
1346 4710 1506 4784 principes,
1517 4714 1546 4767 et
1557 4705 1656 4766 errare
1671 4707 1739 4764 iecit
1761 4721 1815 4763 eos

108 4794 294 4854 dictumest:
312 4819 326 4848 ιι
342 4798 434 4856 Terra
449 4815 490 4866 es,
507 4804 536 4856 et
549 4799 580 4856 in
593 4805 704 4857 terram
717 4800 774 4857 ibis
790 4802 874 4868 (Gerr.
889 4818 933 4869 ur,
987 4798 1111 4855 ininvio
1124 4803 1154 4856 et
1167 4813 1229 4855 non
1243 4797 1293 4855 via
1307 4797 1402 4869 (Psat.
1415 4813 1472 4868 cvr,
1484 4797 1541 4869 40).
1553 4819 1569 4848 »
1584 4799 1623 4853 lle
1637 4795 1750 4870 quibus
1760 4809 1816 4868 per

111 4883 179 4951 ill.»
195 4886 273 4953 Quia
287 4901 359 4958 ergo
381 4888 476 4946 sancti
492 4887 616 4962 Spiritus
639 4889 701 4946 zelo
713 4889 932 4960 inflammatus,
989 4887 1184 4959 semetipsam
1200 4885 1311 4942 Veritas
1334 4885 1419 4944 dicit:
1437 4909 1452 4937 ιι
1468 4889 1571 4945 cacus
1593 4885 1618 4943 si
1632 4900 1710 4944 casco
1724 4884 1816 4942 duca·

108 4973 152 5029 rel
165 4974 244 5034 inter
257 4975 405 5049 supplicia
419 4976 535 5050 positus
548 4977 879 5051 quoslihetpeccatcres
893 4979 934 5038 ad
988 4981 1052 5034 tum
1066 4980 1194 5050 prestet,
1207 4975 1299 5033 ambo
1310 4977 1342 5034 in
1355 4976 1474 5034 faveam
1498 4976 1611 5034 cadunt
1631 4976 1751 5049 (Mottia-
1762 4991 1814 5044 xv,

109 5077 138 5117 se
159 5064 278 5122 trahere
293 5079 355 5122 non
377 5064 502 5135 desistit,
517 5065 635 5123 fervens
650 5067 863 5138 proculdubio
878 5073 934 5125 ter·
991 5065 1045 5134 14).
1061 5087 1076 5116 r>
1092 5067 1151 5120 llos
1163 5069 1264 5122 autem
1277 5065 1369 5122 duces
1383 5066 1530 5123 exercitus
1545 5065 1689 5140 sequitur,
1704 5079 1814 5140 pravo·

108 5165 169 5208 ram
194 5153 306 5211 sorbet.
337 5153 429 5211 'lubae
452 5158 554 5212 autem
576 5153 729 5226 clangunt,
749 5171 819 5212 oum
841 5157 934 5228 hujus
987 5153 1176 5210 rumscilicet
1190 5150 1815 5228 turbaqueiniquisecrumpraeoeptioni·
1912 5201 1918 5206 .

110 5241 205 5297 secuti
230 5245 391 5315 potestates
405 5241 488 5315 loqui
510 5246 630 5299 sanctos
646 5241 815 5300 terribiliter
833 5243 932 5315 prohi-
986 5241 1230 5312 husiamulatur.
1247 5243 1343 5299 Duces
1357 5249 1457 5302 autem
1472 5244 1676 5310 exhortantur,
1689 5237 1762 5311 quia
1782 5235 1818 5292 hi·

109 5325 185 5385 beni.
204 5330 280 5396 Quia
293 5329 384 5400 igitur
402 5329 644 5404 persecutionum
671 5330 770 5387 minas
791 5331 934 5403 praedica-
986 5332 1039 5406 qui
1053 5330 1223 5388 infidelibus
1237 5337 1379 5406 praesunt,
1390 5347 1495 5406 prava,
1509 5347 1578 5404 quas
1588 5327 1696 5385 teneris
1710 5324 1814 5398 preci-

110 5418 185 5474 torcs
199 5417 323 5476 minime
346 5417 519 5488 formidant,
535 5418 707 5489 clangorem
732 5419 811 5476 tubae
826 5435 933 5476 sonare
986 5421 1082 5494 piant,
1105 5420 1192 5494 quasi
1219 5420 1423 5478 exhortatione
1446 5417 1638 5492 persuadent.
1662 5415 1813 5474 Exercitus

110 5515 167 5560 non
180 5509 330 5580 reputant.
342 5505 411 5562 Haec
425 5504 846 5578 aprincipibussacerdotum
860 5507 933 5566 tuba
986 5525 1057 5567 vero
1066 5509 1171 5577 ululat,
1182 5508 1254 5582 quia
1264 5513 1390 5566 catervae
1397 5505 1596 5578 reproborum
1603 5508 1709 5562 contra
1718 5503 1815 5562 vitam

111 5598 258 5662 sonuerat,
274 5611 345 5654 cnm
358 5592 524 5666 flagellatos
538 5595 691 5668 apostolos
708 5596 746 5654 de
772 5600 832 5654 Deo
847 5595 936 5670 loqui»
986 5597 1307 5672 moresquetidelium,
1324 5596 1399 5652 dum
1427 5591 1482 5649 soli
1509 5591 1665 5666 rapacitati
1684 5592 1818 5663 inhiant,
