4120 6154
84 105 127 160 321
429 90 431 94 ’
455 99 606 158 acirone:
624 98 809 158 consuluit
829 101 858 158 S.
879 101 982 160 GREG.
1002 101 1038 161 IN
1056 105 1129 164 1013.
1152 139 1187 149 -
1207 107 1273 169 ila.
1294 115 1382 173 xvxii
1722 135 1774 190 322

83 218 259 292 intelligentia
281 222 397 278 terrem
423 221 632 295 deprimuntur
668 223 806 296 Sequitur
823 240 830 278 :
850 223 889 279 lit
910 242 1015 300 prum
1026 227 1057 286 in
1072 231 1212 290 manibus
1225 235 1286 293 suis
1301 238 1362 311 (Pe.
1374 259 1456 316 nrm,
1471 247 1507 321 5).
1524 254 1606 310 alles
1622 253 1773 316 suas'cum

83 315 166 372 pedum
178 313 238 381 ejas
253 326 314 368 aon
327 312 500 382 plaroluut.
510 345 543 353 -
558 314 636 376 Quas
650 313 757 370 viduas
769 314 834 386 ejus
844 329 891 370 ao·
947 323 1112 376 moraretur
1138 338 1239 380 seeum
1265 325 1388 399 tolleret,
1404 333 1428 388 si
1455 337 1494 393 ad
1517 343 1645 413 potentis
1668 361 1773 404 vocam

82 402 204 477 cipimus,
220 399 277 456 nisi
293 400 442 473 subJectas
456 402 520 473 ejus
536 401 640 474 plebes
655 408 750 460 morte
760 402 839 459 illius
849 402 891 459 fe·
946 421 1017 462 aum
1026 406 1137 467 viveret
1147 411 1203 469 sibi
1227 415 1349 475 tulisset.
1367 423 1441 480 Nam
1456 429 1575 488 terrerm
1589 434 1692 492 omnia
1706 452 1774 510 qua

78 490 160 547 liciter
186 487 367 544 destitutas?
389 489 463 555 Quia
487 504 568 562 sepa
592 495 625 546 ut
649 490 792 560 diximus,
817 491 892 547 dum
947 498 1094 555 servando
1131 503 1308 577 amittimus,
1339 507 1496 582 largiendo
1519 535 1685 581 servamus.
1718 527 1775 583 sed

78 576 243 652 praedicator
266 575 372 632 erroris
398 576 438 632 ad
461 581 571 634 aeterna
596 579 743 653 supplicia
766 579 890 652 rapitur,
946 584 1019 657 quia
1039 586 1132 646 homo
1158 607 1195 648 ex
1223 595 1325 654 anima
1346 606 1462 660 constat
1485 610 1514 664 et
1540 623 1675 684 corpora,
1704 631 1773 673 oum

78 667 184 739 sujecta
196 664 299 737 plebes
318 665 396 721 illius
415 666 454 722 ad
476 667 653 739 cognitionis
670 685 745 726 verce
765 668 891 740 gratiam
946 674 1036 730 unius
1056 677 1098 733 rei
1113 695 1238 739 somnus
1253 685 1371 760 dicitur,
1385 691 1505 750 mucius
1520 697 1620 768 vigilia
1634 703 1774 764 demons-

78 757 259 813 revertuntur.
270 753 318 809 llis
333 753 414 812 enim
429 755 567 828 plebibus
582 774 742 831 perversus
757 757 892 832 predica·
946 765 1050 835 tratur,
1076 768 1149 840 quia
1170 787 1239 829 cum
1263 791 1372 850 corpus
1397 781 1592 846 obdormiscit
1616 791 1647 847 iu
1667 801 1772 866 morte,

77 853 116 903 tor
127 843 207 918 quasi
221 843 348 899 maritus
361 845 490 916 praefuit,
507 846 579 920 quia
601 847 679 904 maie
694 848 736 904 eis
751 848 893 919 conjunc·
946 856 1017 910 tunc
1032 855 1135 915 anima
1162 859 1262 932 vigilat
1279 865 1310 922 in
1324 883 1395 926 vera
1416 874 1593 943 cognitione.
1609 883 1642 938 Et
1664 883 1775 942 dormit

76 939 117 990 pus
129 933 282 988 inhaeserat
298 937 455 1006 corruptor
470 936 586 992 mentis.
609 940 806 1011 Nequaquam
820 951 892 1006 ergo
946 957 1018 1013 ergo
1031 944 1115 1002 dives
1130 953 1158 1005 et
1169 951 1273 1008 oculos
1289 957 1393 1029 aperit,
1414 961 1485 1034 quia
1495 981 1565 1023 cum
1580 984 1669 1028 carne
1684 975 1774 1031 mori·

75 1022 161 1078 viduae
175 1019 220 1076 vel
235 1020 383 1078 destituta
398 1023 527 1096 plorant,
539 1025 609 1096 quia
620 1031 715 1082 morte
727 1025 810 1100 pravi
821 1025 892 1081 doe·
946 1035 1003 1098 tur,
1019 1033 1084 1102 ejus
1110 1037 1212 1096 anima
1235 1041 1337 1100 videre
1367 1049 1482 1119 cogitur
1503 1056 1585 1128 quod
1609 1060 1774 1131 praevidere

75 1111 136 1167 toris
146 1109 222 1166 viam
236 1109 367 1166 veritatis
378 1110 542 1183 inveniunt,
559 1131 595 1170 ex
611 1115 675 1186 ejus
688 1115 805 1172 interitu
820 1113 893 1170 affli·
946 1123 1136 1195 contempsit.
1152 1127 1260 1198 Aperit
1284 1136 1386 1192 oculos
1400 1153 1468 1196 suos
1483 1149 1509 1198 et
1532 1145 1612 1204 aicit
1632 1148 1773 1223 inueniet,

74 1199 187 1272 glposse
201 1198 394 1256 videbantur.
410 1199 460 1256 Vel
476 1205 553 1258 certe
573 1219 634 1259 non
649 1204 769 1276 plorant
782 1203 890 1268 vidue,
945 1207 1018 1280 quia
1032 1209 1091 1267 illic
1106 1215 1201 1286 operit
1215 1218 1254 1275 ad
1276 1223 1424 1296 supplicia
1434 1243 1513 1299 quos
1535 1233 1583 1289 hic
1605 1237 1645 1293 ad
1659 1239 1774 1298 miseri-

73 1289 167 1362 qniain
179 1303 234 1344 suo
246 1304 346 1345 errore
361 1295 551 1348 remanentes
561 1292 636 1348 dum
651 1296 790 1350 sanctum
799 1291 891 1348 tuisse
945 1297 1079 1355 cordiam
1095 1301 1216 1360 clausus
1229 1307 1371 1368 habebat.
1384 1317 1605 1392 Aperitoculos,
1616 1329 1644 1383 et
1658 1328 1775 1400 pietatis

72 1377 206 1434 asiniani
231 1377 461 1451 predicatorem
488 1397 588 1450 suum,
619 1398 673 1454 spe
692 1381 823 1439 talsano
844 1381 890 1437 lu·
945 1383 1075 1443 fructum
1089 1405 1150 1446 non
1165 1393 1389 1472 inveniet,quos
1405 1403 1524 1463 clausos
1539 1409 1585 1468 his
1601 1415 1775 1476 tenuitaum

72 1469 158 1536 geant,
173 1466 377 1524 consolantur.
396 1469 548 1542 Sequitur:
944 1473 1062 1534 viveret.
1079 1479 1233 1553 Sequitur:

101 1559 178 1614 Vens.
191 1561 235 1626 itt,
254 1562 295 1614 tl.
312 1559 348 1616 Si
365 1561 583 1629 comparaverit
596 1563 674 1618 cmut
686 1567 769 1618 terra
782 1575 889 1632 orgeo-
908 1593 928 1647 Β
981 1565 1064 1622 Vnus.
1081 1571 1125 1625 20.
1146 1572 1362 1643 Appreaeuaet
1377 1596 1443 1639 eum
1459 1588 1548 1656 quasi
1560 1603 1641 1662 aquo
1661 1594 1763 1666 iuopia

73 1649 138 1714 tum,
150 1651 176 1702 et
190 1647 265 1702 sicut
281 1647 377 1703 lutum
393 1649 583 1718 preparavit
603 1650 787 1706 uestimento.
803 1649 887 1705 Pra-
943 1659 1029 1710 uocte
1042 1659 1188 1727 opprimet
1203 1677 1270 1720 eum
1287 1671 1452 1738 tempestas.
1470 1705 1504 1714 —
1518 1675 1680 1738 Videamus
1694 1657 1775 1740 nunc'

69 1734 181 1802 parolit
201 1735 331 1805 quietern,
360 1736 412 1792 sed
427 1739 530 1806 justas
545 1740 687 1795 vestietur
700 1739 773 1806 illis,
789 1744 817 1794 et
840 1753 889 1794 oo
942 1740 1077 1814 inopiam
1099 1747 1197 1806 divitis
1215 1754 1356 1828 ardentis,
1374 1761 1461 1832 cujus
1477 1765 1594 1822 tantum
1607 1767 1663 1826 luit
1676 1771 1774 1830 abun-

70 1828 183 1892 peretum
192 1825 333 1881 inuocem
343 1825 668 1896 diuidet—Argentum
678 1826 802 1896 intelligi
813 1826 889 1882 sacri
943 1828 1047 1889 dantia
1061 1837 1219 1907 epulantis.
1236 1843 1281 1899 Ait
1293 1846 1392 1904 enim:
1410 1872 1424 1898 o
1442 1854 1526 1910 Pater
1539 1855 1704 1924 Abraham,
1718 1863 1775 1920 mi-

68 1909 169 1984 eloquii
181 1911 301 1970 claritas
311 1912 396 1980 solet,
412 1913 489 1970 sicut
502 1914 577 1970 alias
592 1915 718 1971 dicitnr:
735 1937 749 1964 e
766 1915 890 1988 Eloquia
945 1934 1042 1976 serare
1054 1924 1122 1994 mei,
1135 1931 1164 1984 et
1173 1929 1254 1986 mitte
1264 1934 1409 1994 Lazarum
1421 1942 1454 1996 ut
1469 1939 1596 2014 intingat
1606 1951 1775 2011 exbemum

68 1998 179 2054 llomini
200 1998 321 2072 eloquia
340 2003 433 2067 casta,
456 2006 615 2071 argeutum
638 2001 707 2071 igne
729 2001 889 2074 probatum
945 2003 1029 2074 digiti
1044 2009 1569 2098 suiinaqua,etreirigeretlinguam
1580 2047 1690 2098 meam.
1703 2037 1776 2110 quia

65 2086 154 2156 (Psoi.
171 2102 211 2158 xi,
227 2093 265 2156 7).
275 2110 289 2137 a
302 2088 416 2144 Horum
427 2089 538 2146 scilicet
552 2094 720 2162 argentum,
736 2089 822 2146 idest
833 2091 892 2146 hae·
946 2096 1062 2154 crucior
1075 2099 1106 2156 in
1116 2101 1174 2159 hac
1184 2105 1308 2166 flamma
1324 2111 1407 2182 (Luc.
1423 2131 1478 2188 xix,
1491 2119 1548 2191 14).
1566 2142 1580 2170 s
1595 2125 1659 2180 Non
1674 2131 1776 2184 autem

64 2173 221 2230 reticorum
247 2175 411 2249 eloquium,
434 2181 519 2234 terra
533 2182 578 2234 est
596 2182 805 2251 comparatum
819 2179 891 2252 quia
944 2182 1094 2246 immerito
1109 2207 1196 2266 aquae
1212 2199 1281 2254 tunc
1296 2199 1347 2258 illa
1361 2201 1463 2276 inopia
1485 2217 1688 2284 eomparatur,
1704 2216 1777 2289 quia

67 2263 100 2320 de
114 2263 265 2336 Scriptura
283 2281 370 2323 sacra
390 2270 422 2323 ut
443 2266 558 2340 aliquid
573 2267 678 2338 sciant,
693 2283 730 2324 ex
755 2267 890 2341 appetitu
945 2273 977 2328 in
992 2274 1108 2336 inferno
1129 2284 1250 2357 cruciat,
1268 2289 1319 2360 qui
1335 2298 1490 2366 susceptos
1508 2295 1539 2352 in
1554 2300 1712 2370 profundis
1726 2303 1780 2360 ab·

69 2357 184 2408 terrena
205 2353 303 2410 laudis
322 2354 488 2413 elaborant.
505 2356 559 2422 Qui
583 2357 673 2414 etiam
695 2357 773 2413 sicut
793 2357 889 2413 lutum
946 2363 1071 2423 sorbens
1086 2369 1160 2428 solet
1180 2372 1264 2430 lacus
1283 2377 1435 2450 designari
1461 2385 1594 2444 nomine.
1619 2389 1700 2447 Unde
1724 2407 1779 2466 per

70 2441 238 2499 vestimenta
250 2449 432 2518 praeparant,
446 2444 518 2518 quia
528 2445 609 2502 fluxe
624 2450 653 2503 at
665 2445 891 2520 inquinabiliter
944 2453 1121 2524 prophetam
1137 2459 1262 2519 humani
1278 2467 1395 2537 generis
1414 2485 1486 2528 voce
1502 2473 1627 2532 dicitur:
1649 2499 1663 2527 c
1680 2481 1778 2552 Lapsa

71 2546 102 2586 ea
114 2530 222 2604 quibus
235 2548 267 2588 se
288 2533 363 2590 tucri
386 2533 499 2605 volunt,
515 2534 655 2614 Sripturae
675 2551 766 2592 sacrae
788 2540 890 2592 conte-
946 2543 990 2596 est
1000 2540 1031 2597 in
1044 2542 1144 2604 lacum
1154 2548 1213 2607 vita
1230 2567 1297 2610 mea
1312 2553 1559 2634 triremundi).
1578 2586 1591 2614 n
1608 2567 1778 2640 Tempesta-

72 2624 139 2677 xunt
163 2616 343 2679 testimonia.
363 2624 555 2695 Praparaait
578 2626 707 2696 quidem,
722 2627 773 2683 ced
789 2628 891 2697 justus
947 2627 983 2684 tis
997 2647 1066 2690 vero
1081 2637 1214 2710 nomine,
1232 2641 1336 2712 Judicii
1356 2647 1508 2707 turbinem
1528 2651 1676 2727 designat,
1691 2659 1777 2732 quod

73 2711 203 2766 vestietur
212 2712 286 2768 illis.
297 2714 396 2768 lustus
410 2727 482 2784 ergo
495 2713 636 2771 vestietur
650 2714 693 2770 eis
708 2713 892 2772 vestimentis
948 2717 1038 2776 etiam
1052 2722 1208 2784 Psalmista
1218 2733 1341 2788 testatur
1354 2734 1475 2794 dicens:
1491 2741 1587 2798 «Deus
1602 2749 1704 2802 noster
1713 2764 1776 2806 ma-

69 2813 127 2870 qua
140 2800 323 2874 preparavit
334 2801 481 2874 iniustus3
497 2801 568 2875 quia
583 2803 629 2859 vir
643 2808 764 2861 sanetus
779 2803 892 2860 eisdem
949 2805 1055 2866 niieste
1066 2813 1255 2884 venietpeus
1269 2824 1370 2877 noster
1382 2828 1480 2882 etnon
1496 2827 1593 2886 silebit
1605 2833 1776 2906 (Psalmi,

68 2889 206 2946 sententiis
221 2890 269 2948 ad
284 2891 439 2947 vemmtcm
454 2890 555 2960 utitur,
567 2891 720 2964 quibussc
734 2907 893 2966 perversus
914 2938 933 2994 C
951 2895 987 2968 3).
1007 2917 1021 2946 c
1042 2900 1074 2954 lit
1095 2901 1167 2974 quia
1180 2903 1247 2976 ipsa
1270 2909 1387 2964 venturi
1408 2912 1503 2968 exitus
1524 2913 1694 2985 ignorantia
1717 2938 1777 2980 nox

70 2975 185 3050 quisque
199 2978 329 3035 doctum
344 2979 500 3036 ostendere
515 2984 620 3036 contra
633 2980 789 3037 raritatem
801 2995 893 3037 cona·
951 2989 1082 3055 vocatur,
1106 2995 1193 3048 noete
1219 3009 1290 3051 eum
1305 2997 1455 3070 opprimet
1470 3006 1641 3076 tempestas,
1667 3008 1697 3063 id
1724 3015 1777 3080 est,

74 3067 121 3120 tur.
136 3067 174 3124 lit
186 3075 349 3140 arpentum
365 3070 506 3126 inuocem
527 3070 648 3127 diuidet.
662 3074 824 3141 Argentum
850 3073 896 3126 est
950 3075 1038 3133 turbo
1051 3077 1142 3135 divini
1149 3081 1254 3152 judieii
1266 3100 1336 3142 cum
1345 3085 1420 3144 dum
1429 3089 1558 3160 ignorat,
1568 3097 1777 3167 apprehendit.

73 3149 253 3212 innocentem
268 3155 411 3226 dividere,
425 3155 545 3230 eloquia
569 3157 687 3214 Domini
706 3157 820 3215 minute
837 3157 896 3214 dis·
950 3163 1107 3238 sequitur:

74 3245 200 3316 cretaque
232 3257 397 3317 exponere,
432 3249 461 3301 et
496 3245 659 3319 unicuique
691 3247 775 3320 quod
805 3247 896 3319 digne
986 3255 1069 3312 vms.
1086 3260 1129 3315 rt.
1148 3260 1238 3318 Tollit
1252 3277 1318 3320 eum
1334 3271 1440 3322 ceratus
1461 3283 1561 3326 ureris.
1578 3303 1613 3313 —
1628 3274 1700 3340 Quis
1721 3277 1779 3336 hoc
1829 3341 1835 3352 ,

76 3337 212 3401 congruat
225 3335 381 3405 coaptare.
398 3337 473 3390 Nam
487 3333 643 3407 eloquium
663 3335 791 3408 Domini,
812 3337 896 3411 quod
949 3339 1016 3398 loco
1029 3350 1134 3403 ocutus
1148 3363 1248 3417 ureris,
1264 3350 1321 3408 nisi
1342 3353 1493 3426 malignus
1507 3357 1629 3431 spiritus
1645 3369 1778 3436 vocatur,

73 3414 114 3472 hic
129 3426 289 3491 argentum
304 3421 349 3477 vel
363 3422 541 3479 vestimenta
567 3422 625 3479 hoa
640 3422 712 3480 alibi
728 3425 825 3498 spolia
840 3441 895 3483 no·
950 3432 1002 3506 qui
1017 3433 1235 3496 desideriorum
1249 3439 1391 3500 llammaa
1410 3443 1440 3501 in
1456 3447 1545 3504 corde
1559 3450 1677 3522 excitat,
1694 3459 1726 3512 ut
1740 3457 1780 3514 ad

73 3507 204 3567 minatur.
222 3510 312 3578 Quod
325 3511 416 3568 etiam
428 3511 585 3571 Psalmista
605 3516 729 3570 testatur
747 3529 800 3588 per
815 3531 896 3573 com·
950 3523 1143 3582 eternitatem
1159 3528 1375 3602 suppliciorum
1388 3535 1510 3592 trahat?
1519 3537 1698 3596 Perversum
1708 3557 1780 3614 ergo

73 3598 252 3670 parationem
274 3599 394 3657 dicens:
411 3622 425 3652 «
442 3601 577 3666 bramber
591 3617 647 3673 ago
667 3619 758 3676 super
776 3604 896 3680 stoque
950 3611 1114 3684 quemlibet
1138 3623 1242 3674 emtus
1264 3635 1354 3679 areas
1368 3621 1477 3681 dicitur
1495 3625 1607 3697 tollere,
1621 3629 1693 3702 quia
1707 3629 1780 3688 insi-

73 3689 126 3756 tua,
147 3689 224 3747 sicut
247 3690 301 3763 qui
327 3689 441 3748 invenit
463 3691 560 3764 spolia
576 3691 670 3748 mulla
688 3693 783 3764 (Ptol.
799 3711 894 3764 orriri,
950 3697 1047 3756 diator
1067 3702 1219 3774 malignus
1243 3708 1375 3780 spiritus,
1393 3712 1446 3783 qui
1464 3713 1614 3772 viventem
1628 3733 1780 3792 quemque

76 3778 139 3845 tce).
153 3797 168 3830 s
180 3778 336 3852 Sequitur:
951 3789 1087 3847 accendit
1108 3791 1148 3848 ad
1161 3793 1242 3862 vitia,
1257 3797 1434 3855 morientem
1449 3801 1538 3858 mabit
1559 3803 1599 3860 ad
1621 3808 1779 3866 tormenta.

103 3866 182 3923 vens.
199 3871 245 3924 18.
254 3866 523 3924 AEdcitcauitsicut
536 3869 616 3926 tinea
628 3868 747 3925 mmum
762 3884 857 3938 suom,
869 3873 897 3926 et
952 3876 1024 3933 ilinc
1037 3880 1179 3938 ieremias
1191 3899 1197 3937 :
1208 3883 1322 3942 «Oltam
1338 3903 1514 3946 succensam
1523 3891 1621 3958 rideo,
1633 3893 1783 3952 etfaciam

73 3953 140 4009 sirm
159 3961 262 4012 custos
284 3955 357 4024 fecit
378 3955 598 4012 umbraculam.
615 3956 754 4013 —Tinea
775 3957 832 4012 sibi
846 3957 898 4013 do
952 3965 1019 4036 eius
1031 3982 1049 4022 a
1063 3967 1139 4024 facia
1165 3970 1513 4048 Aquilonis(Jer.r,13).
1532 3999 1546 4027 »
1569 3979 1726 4052 Sequitur:
1742 3984 1784 4038 Ee

73 4055 150 4099 mum
165 4042 394 4115 corrumpendo
405 4043 542 4116 aedificat,
552 4059 608 4101 neo
618 4044 734 4101 meliori
744 4059 899 4118 compara·
954 4055 1035 4110 vetut
1055 4057 1142 4113 turbo
1158 4061 1240 4129 rapit
1253 4075 1319 4118 eum
1333 4061 1370 4119 de
1385 4064 1449 4120 loco
1470 4079 1535 4121 suo.
1551 4069 1645 4123 Locus
1665 4084 1784 4142 perver-

73 4131 144 4190 tionc
172 4131 336 4190 boereticus
360 4131 561 4191 demonstrari
585 4135 690 4208 potuit,
720 4134 773 4208 qui
797 4135 898 4192 locum
954 4157 1057 4200 eorum
1081 4149 1125 4202 est
1147 4147 1321 4222 temporalis
1334 4150 1403 4208 ritca
1424 4151 1553 4226 dilectio,
1569 4159 1598 4212 et
1616 4157 1715 4214 carnis
1736 4175 1785 4216 vo

74 4235 127 4278 sua
138 4222 279 4296 perfidiae
293 4237 355 4280 non
376 4222 435 4279 nisi
454 4223 485 4280 in
499 4223 650 4281 mentibus
664 4239 741 4298 quas
756 4240 898 4299 corrupe-
953 4229 1063 4305 luptas.
1075 4235 1165 4302 Quasi
1190 4237 1308 4295 turbine
1326 4239 1416 4312 igitur
1435 4244 1647 4319 uuusquisque
1665 4245 1784 4306 deloco

74 4308 115 4376 rit,
127 4311 204 4383 iecit,
216 4312 271 4386 qui
292 4312 382 4370 etiam
395 4329 540 4387 sequaces
555 4329 627 4371 suos
645 4313 684 4372 ab
703 4317 814 4371 caterno
829 4315 898 4386 igne
955 4338 1010 4380 suo
1028 4324 1153 4397 rapitur,
1167 4341 1237 4383 oum
1261 4343 1279 4384 a
1301 4329 1414 4387 cunctis
1441 4331 1503 4388 suis
1524 4333 1783 4408 delectationibus,

76 4412 135 4456 esse
149 4399 584 4476 liberospollicetur.Spondet
598 4401 711 4476 quippe
726 4403 767 4459 eis
780 4402 899 4476 refrige-
954 4415 1089 4471 extremo
1111 4415 1227 4472 territus
1247 4417 1295 4474 die
1320 4425 1486 4493 separatur.
1504 4423 1544 4480 lle
1567 4439 1629 4498 quo
1650 4432 1784 4486 extremm

75 4485 145 4544 rium
159 4489 271 4563 quietis
296 4495 423 4559 reoernoe,
442 4490 496 4546 sed
519 4490 612 4548 verba
640 4491 705 4563 ejus
721 4491 899 4549 soliditatem
954 4501 1003 4560 dle
1018 4506 1086 4577 apte
1103 4503 1315 4576 supungitur:

76 4587 130 4632 uon
154 4577 282 4648 habent,
309 4580 382 4653 quia
409 4577 595 4652 plenitudine
627 4579 756 4637 veritatis
788 4583 898 4638 carent.
990 4575 1130 4632 Vens-22·
1173 4578 1395 4648 immittit?
1409 4596 1486 4652 eum,
1502 4589 1530 4640 et
1545 4600 1605 4642 nou
1618 4593 1734 4656 porcet-
1751 4619 1798 4640 -,

76 4661 153 4722 Unde
176 4671 206 4725 et
220 4667 380 4725 subditur:
396 4669 437 4725 lit
454 4669 529 4726 ucat
547 4675 644 4726 custos
655 4671 728 4740 fecit
743 4671 901 4728 amaracu-
956 4665 1142 4720 Peccatorem
1152 4665 1291 4738 quotiens
1302 4669 1379 4724 lleus
1387 4667 1520 4727 iaciendo
1528 4673 1659 4747 corrigit,
1676 4675 1787 4733 adhoc

78 4750 141 4811 tum.
158 4756 378 4815 Umbraculum
400 4772 533 4831 namque
548 4757 680 4815 custodis
693 4758 776 4816 nullo
791 4758 900 4816 lunda·
954 4751 1108 4824 flagellum
1123 4754 1220 4817 mittit,
1237 4759 1391 4832 utparcat.
1405 4760 1559 4817 Cumvero
1572 4762 1636 4834 ejus
1651 4763 1787 4825 ritsmin

76 4847 170 4900 mento
195 4844 355 4914 solidatur,
385 4843 439 4902 sed
465 4849 601 4920 tempore
627 4863 700 4904 mox
729 4850 901 4904 transeunte
955 4845 1080 4916 peccato
1088 4847 1313 4915 permanentem
1323 4845 1457 4905 feriendo
1465 4849 1787 4927 concludit,llagellum

77 4927 241 5008 destruitur,
258 4939 289 4992 ct
313 4935 465 5008 promissa
479 4935 518 4993 ab
533 4935 679 4993 hereticis
698 4937 817 5010 requies
832 4953 902 4994 cum
956 4931 1073 5001 emittit,
1085 4931 1140 4988 sed
1151 4947 1348 5007 nequaquam
1358 4937 1465 5009 parcit.
1474 4939 1530 5006 Qui
1544 4941 1803 5016 enimilagellum·

77 5019 203 5094 tempore
217 5023 393 5096 destruitur,
409 5039 479 5098 qua
496 5029 566 5099 post
578 5025 657 5083 bana
668 5025 760 5083 vitam
774 5026 901 5084 nullate-
957 5019 1055 5078 emisit
1068 5024 1101 5077 ut
1114 5025 1260 5094 parceret,
1276 5023 1316 5080 ad
1338 5025 1396 5083 hoe
1416 5029 1528 5088 amissit
1550 5033 1735 5109 quaudoque
1749 5051 1804 5093 net

78 5120 129 5164 nus
141 5111 302 5171 invenitur.
318 5115 473 5188 sequitur:
956 5115 1069 5185 parcat.
1083 5114 1115 5166 ln
1131 5111 1188 5168 hac
1200 5127 1334 5188 namque
1347 5115 1417 5186 vita,
1434 5119 1579 5180 Dominus
1594 5126 1678 5180 anto
1690 5122 1788 5192 magis

109 5199 189 5257 vers.
200 5201 244 5260 19.
253 5204 342 5260 Dives
354 5217 422 5261 cum
431 5204 596 5274 dormierit,
609 5205 669 5262 uisi
678 5219 777 5261 secum
788 5205 901 5275 aufert,

80 5291 168 5356 operit
183 5293 287 5350 oculos
301 5308 369 5350 suos
391 5299 419 5350 et
442 5293 521 5349 ulkil
535 5295 674 5351 inveniet.
689 5325 724 5334 -
744 5293 797 5352 Cui
818 5293 904 5349 nimi-

81 5389 142 5433 rum
156 5381 310 5439 sententiae
320 5381 480 5438 Psalmista
492 5380 655 5438 concinens
668 5383 754 5440 dicit:
772 5405 785 5432 o
794 5381 904 5438 Turba-

82 5462 100 5516 ti
112 5473 180 5523 sunt
194 5485 303 5526 omnes
324 5469 497 5542 insipientes
511 5469 611 5542 corde,
626 5469 812 5528 dormierunt
824 5485 903 5526 som-

82 5564 149 5611 num
164 5573 267 5628 suum,
283 5563 311 5617 et
324 5557 398 5616 nihil
410 5557 587 5615 invenerunt
598 5573 703 5616 omnes
717 5559 772 5616 viri
786 5558 903 5616 divitia-

957 5201 1323 5275 studetutparcatquanto
1331 5205 1636 5283 magisexspectando
1645 5207 1787 5278 tlagellat.
1799 5239 1803 5250 ·

959 5287 1110 5364 Sequitur:
1126 5291 1170 5346 De
1189 5305 1282 5349 mauu
1295 5297 1360 5365 ejus
1377 5297 1500 5368 sapiens
1512 5299 1620 5369 fugiet.
1634 5326 1669 5335 -
1686 5295 1735 5352 lllc
1749 5299 1789 5353 at-

956 5380 1037 5436 enim
1050 5377 1126 5450 iugit
1138 5380 1176 5438 da
1194 5396 1288 5439 manu
1301 5382 1440 5452 lenientis,
1454 5386 1510 5457 qui
1519 5384 1698 5456 pravitatem
1717 5401 1790 5444 sua-

958 5471 1078 5541 corrigit
1097 5473 1232 5530 actionis.
1255 5475 1304 5530 vel
1324 5479 1401 5536 certe
1421 5475 1493 5545 quia
1515 5474 1544 5527 in
1561 5487 1647 5531 sacro
1669 5476 1789 5551 eloquio

959 5575 1071 5617 manus
1092 5563 1226 5634 operatio
1243 5561 1318 5620 solet
1338 5559 1472 5631 intelligi,
1486 5560 1524 5619 de
1542 5577 1637 5622 manu
1651 5565 1788 5640 percussi
