4106 6148
243 99 295 159 ,0³
639 162 645 168 Π
939 81 1088 142 serrari
1106 80 1206 137 rara
1224 83 1248 138 ιι
1900 79 1958 140 not

243 232 456 290 cessorumqua
470 215 546 288 ejus,
561 227 668 283 regum
682 213 864 268 Francorum
877 205 1026 266 videlicet,⁴
1036 207 1070 260 ut
1088 205 1113 262 Δ
1127 219 1217 278 super
1230 203 1377 278 lliliarias,
1392 195 1422 262 ct
1436 201 1625 278 pervenitad
1637 217 1758 260 crucem
1772 217 1866 276 snper
1892 218 1957 261 cur-

242 307 273 365 in
287 305 425 382 praesenti
438 307 467 360 et
479 303 510 359 in
525 305 681 376 posterum
695 297 753 356 sub
775 297 859 368 regia
871 300 988 353 tantum
1015 308 1069 367 po·
1125 295 1181 362 tes,
1197 291 1306 350 deinde
1321 292 1361 350 ad
1370 292 1465 350 Charo
1474 291 1615 362 clarinto,
1627 294 1656 348 et
1665 290 1801 365 pervenit
1810 306 1866 366 per
1877 307 1958 348 sum-

242 400 346 454 testato
360 397 545 469 permaneat,
559 405 658 464 neque
680 403 816 461 unquam
832 386 883 443 ulli
904 384 986 443 alteri
1002 399 1069 458 per·
1125 378 1259 438 mitatem
1273 379 1312 438 de
1336 382 1423 438 Serra
1437 395 1533 454 usqua
1557 380 1589 436 in
1611 378 1675 437 rivo
1691 378 1845 448 lierdario,
1862 383 1895 436 et
1920 379 1958 436 ab

243 500 324 542 sonae
344 482 510 555 subjaccat,
526 483 650 554 excepto
675 477 788 548 abbati,
814 491 906 550 quern
933 472 1069 547 ejusdem
1123 469 1277 528 occidente
1290 469 1358 546 ipsa
1373 469 1506 530 Serrade
1520 469 1616 526 chero
1628 467 1805 538 clarinto,et
1818 469 1959 543 pervenit

242 571 416 631 monasterii
434 571 540 628 fratres
556 566 711 626 communi
725 564 886 622 concordia
901 559 1070 620 secundum
1124 559 1156 616 in
1169 559 1233 618 rivo
1248 559 1401 630 lierdario,
1414 562 1443 618 et
1463 557 1547 616 ducit
1560 574 1657 633 usque
1672 557 1703 615 in
1722 556 1852 616 flurium
1868 557 1958 625 Tede,

241 660 379 732 regulam
391 658 542 729 elegerint.
560 656 588 714 Si
603 671 675 713 vero
687 653 847 728 predictus
872 648 1070 724 archiepisco·
1124 653 1154 706 et
1174 664 1193 706 a
1213 653 1299 723 parte
1325 647 1395 706 circi
1421 647 1607 706 affrontatin
1623 651 1716 706 enata
1738 647 1866 721 publica
1890 663 1960 721 quur

241 767 310 826 pus,
326 753 377 808 aut
392 747 499 822 aliquis
512 756 722 802 successorum
735 743 810 814 ejus,
828 757 881 798 seu
895 740 971 797 alius
985 737 1070 812 quili-
1124 737 1207 796 ducit
1227 738 1268 796 ad
1295 741 1374 797 Duas
1400 739 1533 808 Sorores,
1553 740 1583 795 et
1607 736 1744 812 pervenit
1770 753 1826 810 par
1855 736 1959 811 ipsam

242 840 294 898 bet
307 839 443 906 fratrum,
458 836 511 910 qui
526 838 606 900 sunt,
621 832 668 890 rel
689 836 775 890 erunt
788 830 820 889 in
830 829 937 888 eodem
952 844 1071 885 monas·
1124 828 1205 886 viam
1219 829 1375 904 publicam
1388 828 1530 902 usquein
1544 827 1704 898 Litterano,
1718 825 1829 884 deinde
1844 826 1958 884 subtus

242 929 326 999 terio,
339 926 471 1000 quietem
480 923 582 998 impie,
594 919 813 994 crudeliterque
825 917 999 990 turbaverit,
1011 915 1071 973 nisi
1125 922 1230 976 sancto
1247 919 1361 986 Felicio,
1377 921 1407 976 et
1419 913 1556 992 peruenit
1567 933 1665 992 usque
1679 915 1711 973 iu
1731 915 1821 974 alode
1842 921 1958 973 sanctas

241 1017 340 1091 primo
353 1012 495 1088 presenti
510 1009 738 1084 conscriptione,
755 1024 791 1066 ac
805 1005 965 1064 deindcab
980 1019 1070 1078 apos·
1124 1009 1231 1082 iterim,
1260 1012 1289 1066 et
1311 1007 1383 1066 villa
1423 1006 1603 1066 Tauriniano
1630 1022 1700 1064 cum
1729 1005 1796 1081 ipsa
1830 1005 1959 1063 aecimis

242 1105 330 1164 tolica
360 1103 504 1174 dignitate
538 1099 711 1158 admonitus
747 1096 913 1172 resipiscat,
944 1110 1006 1152 non
1038 1099 1072 1152 ut
1125 1097 1219 1156 sancti
1232 1096 1395 1167 Fructuosi,
1405 1113 1475 1154 cum
1486 1095 1610 1154 decimis
1619 1099 1648 1154 et
1660 1094 1810 1170 primitiis,
1821 1099 1853 1152 et
1867 1096 1958 1152 eccle

241 1195 354 1265 pastor,
368 1190 422 1248 sed
449 1189 525 1247 sicut
551 1187 755 1246 mercenarius
774 1188 932 1268 tractetur.
958 1181 1070 1240 idcirco
1126 1185 1202 1243 siam
1217 1185 1312 1242 sancti
1321 1183 1436 1244 Martini
1446 1184 1484 1242 de
1498 1183 1634 1254 Clerano,
1643 1187 1672 1241 ct
1684 1182 1845 1241 ecclesiam
1862 1183 1957 1240 sancti

242 1279 310 1336 siin
324 1282 386 1336 tam
400 1276 545 1352 pertinaci
559 1276 668 1334 duritia
681 1274 851 1347 perstiterit,
867 1273 906 1329 ad
930 1271 1070 1328 ultimum
1125 1273 1263 1345 Andreas,
1279 1277 1407 1348 quaeest
1427 1271 1554 1330 lundata
1568 1272 1600 1329 in
1623 1271 1694 1329 villa
1717 1270 1873 1330 catellano
1888 1287 1957 1328 curn

182 1401 188 1416 ι
241 1374 345 1427 nostra
373 1367 539 1442 apostolica
574 1366 749 1423 auctoritate
781 1361 1070 1433 excommunicatur,
1126 1378 1181 1420 suo
1205 1361 1303 1430 adole,
1318 1366 1347 1419 ct
1360 1361 1463 1420 villam
1484 1361 1521 1420 de
1543 1363 1683 1419 Torrente
1700 1377 1770 1418 eum
1794 1360 1913 1418 finibus
1929 1365 1956 1418 et

242 1462 271 1516 et
295 1458 419 1530 insuper
440 1456 529 1514 bonis
552 1455 685 1526 regibus,
701 1469 737 1510 ao
763 1451 902 1521 ducibus,
921 1451 1070 1524 justisque
1126 1451 1271 1524 terminis,
1288 1451 1365 1508 sicut
1378 1450 1409 1508 in
1423 1450 1577 1524 scripturis
1590 1449 1698 1508 vestris
1712 1449 1853 1508 veridicis
1875 1467 1956 1508 reso·

239 1545 393 1619 judicibus
406 1543 613 1602 resistentibus
629 1557 754 1615 compos
769 1539 830 1598 voti
850 1539 897 1596 sui
910 1554 1069 1612 nunquam
1089 1545 1187 1611 gnat,
1212 1545 1240 1598 et
1262 1539 1339 1598 valle
1362 1543 1511 1612 Tarcsago
1535 1543 1563 1598 ct
1588 1543 1698 1610 curtes,
1717 1542 1747 1596 et
1769 1538 1846 1597 celia
1862 1541 1956 1596 sancti
2039 1583 2040 1590 ,

241 1635 304 1692 fiat.
1124 1628 1269 1686 vincentii
1282 1644 1353 1686 cum
1366 1645 1421 1686 sno
1436 1627 1534 1698 alode,
1555 1628 1632 1686 sicut
1651 1629 1684 1684 in
1704 1627 1811 1685 restris
1826 1631 1958 1685 contine
2039 1645 2040 1650 ¹

278 1723 425 1794 Scriptum
440 1737 494 1796 por
509 1737 635 1778 manum
652 1717 789 1776 scrinarii
813 1717 842 1774 S.
857 1720 1000 1775 Romanae
1016 1718 1069 1772 Ec·
1125 1722 1173 1776 tur
1201 1717 1364 1792 scripturis,
1387 1721 1416 1774 et
1440 1716 1526 1774 alode
1551 1715 1709 1788 Tonegale,
1731 1716 1957 1789 ltauzunoulas,

210 1843 215 1853 ·
242 1811 349 1869 clasiae.
366 1813 441 1869 Data
457 1827 477 1867 11
491 1809 556 1868 Kal.
570 1807 842 1880 Martii,indictione
855 1823 913 1866 rur.
930 1809 1007 1864 Bene
1021 1822 1071 1863 ua·
1125 1805 1260 1880 ocenias,
1284 1803 1474 1876 Tres-Valles,
1501 1807 1573 1863 Lare
1607 1821 1678 1862 cnm
1703 1804 1831 1862 ccclesia
1863 1804 1957 1862 sancti

242 1899 301 1958 lete
316 1900 402 1972 (249).
1124 1895 1260 1968 andreae,
1271 1893 1346 1952 cella
1360 1895 1455 1952 sancti
1469 1895 1590 1952 Thomae
1602 1911 1673 1952 cum
1684 1909 1740 1952 suo
1752 1893 1855 1964 adole,
1866 1893 1957 1951 eccla·

633 2007 676 2062 χι,
1125 1983 1169 2041 sia
1184 1983 1279 2042 sancti
1287 1982 1362 2040 Petri
1373 1999 1441 2056 quae
1457 1987 1501 2040 est
1514 1981 1642 2040 lundata
1653 1982 1684 2040 iu
1700 1981 1956 2051 vinamfcrcacis,

242 2129 360 2172 acarnrr
380 2129 399 2169 11
418 2127 596 2170 rnrrruucruu
614 2126 667 2168 rao
691 2125 865 2167 uouasraruo
885 2125 928 2166 ss.
948 2121 1069 2165 casurus
1124 2075 1257 2220 ffisunlz
1264 2089 1339 2219 ⁰0¹2ss
1342 2088 1417 2219 12¹3}
1429 2070 1954 2220 ἓξὲξίῗέἓῃὲἱὲοᾘῦἕῶἱᾞέ

454 2200 487 2240 ΕΤ
506 2198 660 2362 11(ῖῖξὶ
675 2197 855 2362 {gama
1123 2251 1155 2309 in
1168 2204 1316 2322 cimolos,
1330 2250 1363 2310 in
1386 2249 1507 2322 Relano,
1523 2249 1554 2308 in
1579 2203 1683 2308 aneio
1705 2249 1809 2320 Felice,
1823 2250 1857 2307 in
1884 2207 1957 2308 solid

1124 2345 1258 2410 ventosa,
1271 2342 1303 2397 in
1315 2345 1418 2398 monte
1432 2339 1565 2416 auriolo,
1577 2339 1609 2398 in
1621 2339 1692 2398 villa
1706 2339 1820 2406 Insula,
1836 2341 1872 2397 in
1882 2341 1957 2398 valle

1125 2430 1274 2499 toassin
1301 2429 1374 2488 Pulc
1397 2428 1553 2500 Nadaliuo,
1568 2430 1601 2488 in
1622 2429 1700 2488 valle
1724 2430 1872 2500 Wncano,
1886 2435 1916 2488 et
1928 2431 1959 2487 in

244 2522 345 2597 [Apud
358 2525 392 2579 D.
405 2523 549 2593 Bouquet,
559 2519 680 2576 Recueil
694 2519 744 2576 des
759 2517 928 2588 interiens,
938 2533 978 2586 11,
993 2517 1070 2590 Μ]
1126 2517 1297 2590 5ηοι1ιι,,,ίιι
1311 2517 1502 2586 Arbussolas,
1519 2523 1548 2576 et
1569 2517 1601 2576 in
1615 2516 1792 2588 Planirolas,
1807 2521 1839 2575 et
1868 2521 1960 2575 Ιιιῑει-

279 2608 880 2682 Aosrrrusepiscopus,servusservorum
892 2605 1070 2674 [lencenbu-
1123 2609 1215 2680 riuos,
1235 2613 1264 2666 et
1283 2608 1315 2666 in
1329 2605 1407 2666 ualle
1421 2607 1572 2680 Holegica,
1592 2607 1624 2665 in
1647 2607 1719 2665 vilia
1739 2609 1811 2666 orto
1831 2606 1958 2680 Falgue-

243 2714 330 2758 ranno
339 2697 478 2769 religioso
488 2695 592 2754 abbati
604 2693 781 2752 venerabilis
790 2695 965 2752 monasterii
975 2695 1070 2752 sancti
1124 2697 1194 2766 rias,
1209 2696 1241 2754 in
1266 2695 1336 2754 villa
1359 2695 1497 2766 arriano,
1521 2695 1553 2762 in
1580 2694 1650 2754 villa
1678 2694 1818 2766 Folioliis,
1832 2695 1869 2754 in
1890 2700 1958 2754 vcr-
2039 2771 2040 2780 ἵ

244 2785 383 2847 Germani
398 2784 593 2861 atquesancti
607 2783 764 2853 Michaelis,
777 2783 862 2858 quod
875 2788 921 2842 cst
935 2783 1069 2841 situmin
1124 2790 1205 2858 neto,
1229 2785 1261 2843 in
1287 2784 1475 2854 corneliano,
1498 2784 1531 2842 in
1555 2785 1633 2844 valle
1662 2785 1793 2854 loliano,
1818 2785 1853 2842 in
1880 2785 1959 2845 valle
2039 2839 2040 2850 ,

242 2879 320 2936 valle
331 2875 504 2936 confluente
515 2874 546 2932 in
557 2873 658 2932 locum
669 2875 722 2948 qui
732 2873 1070 2947 vocaturlsaintltiehcl
1089 2907 1110 2964 c
1126 2877 1243 2945 savrra,
1258 2874 1290 2932 in
1303 2877 1392 2932 Torre
1415 2873 1513 2947 sindo,
1528 2873 1560 2932 in
1580 2874 1663 2944 Pino,
1679 2879 1708 2933 et
1725 2873 1757 2932 iu
1771 2875 1958 2950 campelias,

243 2967 282 3026 de
293 2968 403 3036 Cusan)
416 2968 538 3024 coxano
551 2967 580 3022 et
592 2967 662 3039 post
672 2967 701 3020 te
713 2962 772 3020 tuis
785 2963 1008 3020 successoribus
1018 2961 1070 3019 ab
1124 2970 1153 3024 et
1175 2965 1206 3024 iu
1225 2964 1468 3037 segondaniano,
1493 2965 1525 3023 in
1546 2965 1656 3035 iuloss,
1671 2970 1701 3024 et
1723 2965 1755 3024 in
1770 2965 1915 3038 Ftaaano,
1931 2973 1959 3024 ct
2039 2975 2040 2994 ¹

242 3055 363 3114 batibus
378 3053 515 3128 ejusdem
529 3052 702 3110 monasterii
716 3067 747 3109 m
761 3056 951 3127 perpetuum.
1122 3055 1154 3112 iu
1175 3059 1318 3126 angerro,
1332 3057 1361 3112 et
1383 3054 1416 3112 in
1438 3057 1531 3128 Eune,
1547 3058 1576 3112 ot
1595 3053 1629 3112 in
1653 3053 1852 3124 Porciliarios,
1870 3059 1901 3113 ct
1927 3057 1959 3114 iu

279 3149 353 3206 curn
377 3159 490 3216 magna
514 3141 603 3199 nobis
626 3141 794 3199 sollicitudo
815 3141 923 3198 insistit
943 3145 972 3201 et
996 3156 1070 3198 cura
1124 3141 1214 3200 Erole
1232 3143 1265 3200 in
1292 3141 1400 3200 Altino.
1417 3144 1452 3200 ut
1468 3141 1499 3200 in
1526 3143 1671 3200 comitatu
1693 3141 1907 3212 cerdeniense,
1926 3144 1960 3202 iu

242 3251 298 3310 pro
312 3232 460 3292 universis
474 3231 526 3288 Dei
548 3229 686 3288 Ecclesiis
712 3229 900 3302 vigilandum
914 3245 952 3287 ne
966 3229 1069 3304 aliqua
1122 3229 1433 3302 villaSallagosa,in
1456 3231 1742 3305 onzes,in1tnnes.
1765 3235 1799 3288 ln
1824 3233 1961 3290 Feniole·

242 3323 427 3383 necessitatis
438 3323 558 3395 jactura
580 3319 739 3394 dispendia
759 3322 995 3394 consequantur.
1011 3319 1069 3392 lgi-
1123 3325 1218 3394 tense,
1232 3320 1264 3378 iu
1287 3319 1357 3378 villa
1377 3320 1571 3394 Tavernulas,
1586 3321 1619 3378 in
1639 3321 1829 3390 sauriniano,
1846 3323 1914 3380 sire
1927 3323 1960 3380 in

243 3419 291 3472 tur
315 3413 388 3487 quia
416 3410 568 3470 soniarius
590 3409 750 3482 religiosus
771 3408 929 3483 presbyter
947 3413 977 3466 et
1002 3425 1068 3466 mo·
1122 3409 1251 3474 Perolas,
1268 3408 1468 3482 vallemagna
1477 3426 1548 3467 curn
1563 3425 1621 3468 sua
1635 3409 1771 3482 ecclesia,
1786 3413 1817 3468 et
1829 3410 1864 3467 in
1878 3411 1960 3469 valle

241 3503 358 3560 naehus
384 3500 448 3557 vice
482 3502 582 3556 vestra
616 3501 684 3555 ante
710 3502 846 3555 nostram
877 3497 1068 3572 presentiam
1124 3498 1232 3558 Staria.
1261 3502 1294 3555 ln
1320 3499 1464 3556 comitatu
1501 3499 1672 3572 bergitano,
1693 3500 1725 3557 in
1757 3498 1826 3574 ipso
1851 3500 1960 3558 villare

242 3589 366 3648 veniens
379 3585 541 3663 postularit
562 3602 581 3644 a
603 3586 692 3643 nobis
705 3590 853 3662 quotenus
873 3585 1068 3645 confirmare·
1123 3588 1161 3646 de
1175 3587 1307 3658 Gilmari,
1322 3587 1353 3646 iu
1373 3587 1443 3663 ipsa
1462 3587 1533 3647 villa
1552 3588 1590 3646 de
1617 3592 1722 3658 canes,
1736 3593 1766 3647 et
1787 3589 1819 3646 in
1838 3591 1960 3648 caeteris

242 3695 311 3738 mus
333 3677 394 3758 tibi-
403 3675 507 3751 tuique
535 3675 759 3734 successoribus
781 3674 943 3734 abbatibus
962 3692 1068 3752 supra·
1120 3675 1195 3736 locis
1219 3677 1394 3752 ubicunque
1418 3692 1467 3736 res
1492 3677 1668 3736 monasterii
1690 3678 1836 3751 reinceut.
1862 3681 1900 3736 Et
1926 3681 1960 3737 in

242 3767 356 3826 dictum
375 3763 593 3824 monasterium
616 3762 821 3836 inintegrum,
840 3779 910 3821 cum
924 3763 1067 3822 omnibus
1121 3765 1267 3826 comitatu
1293 3765 1524 3840 Rossilionense,
1546 3771 1575 3826 et
1596 3767 1629 3826 in
1654 3766 1732 3826 valle
1760 3766 1961 3840 confluentis,

286 2400 452 2470 confierent
466 2396 627 2470 priuilegia
640 2395 815 2452 monosterii
829 2394 1026 2451 Cucouemis.

241 3855 353 3912 finibus
366 3853 437 3923 suis,
451 3851 584 3911 terminis
598 3855 627 3910 et
637 3851 822 3926 adjacentiis,
836 3850 959 3926 suisque
973 3852 1069 3912 omni·
1122 3859 1151 3914 ot
1162 3855 1194 3913 in
1207 3855 1351 3914 comitatu
1365 3855 1574 3929 cerdaniense,
1590 3859 1619 3914 et
1633 3853 1666 3914 in
1680 3855 1826 3914 comitatu
1837 3857 1960 3916 Femio·

240 3945 299 4002 bus
308 3941 493 4019 perfluantiis
507 3941 539 3999 in
553 3939 891 4016 perpetuum;inclinati
905 3939 964 3998 tuis
972 3941 1068 4016 preci·
1121 3945 1245 4018 letense,
1257 3944 1305 4003 vel
1323 3944 1356 4002 in
1378 3945 1545 4018 bergitano,
1569 3945 1601 4003 in
1620 3945 1669 4003 bis
1682 3944 1757 4004 locis
1772 3946 1960 4021 supradictis

240 4033 308 4104 bus,
322 4049 379 4108 pro
393 4031 607 4106 omnipotentis
621 4029 672 4087 Dei
693 4033 723 4088 et
746 4030 842 4088 sancti
862 4031 938 4088 Petri
952 4046 1066 4102 amore,
1122 4037 1152 4092 et
1165 4035 1196 4091 in
1210 4032 1413 4105 comitatibus,
1437 4038 1588 4108 quantum
1607 4033 1711 4109 ipsum
1731 4037 1960 4094 monasterium

238 4123 303 4195 J'am
328 4121 443 4180 dictum
472 4119 689 4179 monasterium
714 4135 784 4177 cum
811 4118 923 4176 linibus
948 4123 977 4177 et
1004 4120 1068 4178 suis
1121 4123 1214 4182 habet
1226 4127 1255 4181 et
1273 4123 1305 4181 in
1329 4122 1482 4196 scripturis
1503 4122 1608 4182 vestris
1623 4123 1792 4184 continetur
1814 4124 1865 4182 vel
1878 4143 1962 4184 raso·

241 4210 386 4280 terminis,
412 4211 489 4268 sicut
511 4207 614 4284 incipit
637 4225 655 4266 a
676 4213 760 4282 parta
784 4207 949 4278 orientis,a
970 4208 1066 4266 fronte
1123 4216 1186 4286 nat,
1205 4216 1234 4270 et
1255 4211 1287 4269 in
1312 4215 1381 4270 ante
1405 4212 1567 4271 auxiliante
1595 4213 1655 4272 Deo
1677 4212 1856 4288 acqrrisituri
1872 4215 1959 4284 estis,

240 4316 295 4376 per
314 4300 517 4358 summitatem
533 4301 626 4357 Serrae
643 4314 711 4372 quae
728 4298 824 4372 pergit
838 4297 875 4355 de
891 4299 1015 4356 Bovario
1027 4299 1066 4358 ad
1123 4318 1194 4359 cum
1215 4301 1327 4358 finibus
1349 4305 1378 4359 et
1403 4301 1549 4372 terminis,
1564 4301 1770 4376 limitibusque
1785 4303 1881 4361 vestri
1895 4321 1961 4362 mo

239 4391 343 4446 iovem
358 4389 395 4446 de
419 4387 711 4461 celerano,etvadit
732 4387 772 4446 ab
795 4387 862 4461 ipso
884 4393 986 4446 monta
1013 4389 1066 4463 qui
1122 4391 1253 4450 nasterii.
1280 4389 1374 4450 Simul
1402 4393 1431 4448 ct
1459 4391 1654 4450 concedimus
1673 4391 1759 4450 robis
1782 4390 1823 4450 de
1846 4394 1959 4452 vestris

240 4477 349 4534 dicitur
362 4475 529 4547 laccarias,
549 4479 578 4532 et
592 4474 634 4532 sic
647 4474 730 4533 vadit
743 4491 798 4549 per
813 4475 896 4548 ipses
910 4477 1067 4534 laccarias
1120 4479 1194 4540 locis
1213 4479 1360 4554 primitias
1380 4484 1410 4538 et
1431 4480 1577 4551 decimas,
1597 4485 1626 4540 ct
1644 4481 1814 4540 oblationes
1838 4485 1958 4541 recolli·

240 4565 386 4641 usquein
409 4569 512 4622 monte
539 4564 702 4636 canigone,
726 4569 755 4621 et
781 4579 800 4620 a
823 4563 947 4621 meridie
968 4564 1065 4622 airon·
1121 4569 1236 4642 gendes
1250 4569 1290 4627 ad
1308 4569 1374 4642 jam
1394 4568 1509 4628 dictum
1531 4570 1749 4629 monasterium
1768 4585 1841 4627 cum
1856 4573 1959 4630 omni-

240 4660 283 4715 tat
302 4656 334 4714 in
356 4658 459 4714 monte
484 4653 643 4726 canigonis
668 4657 697 4711 et
720 4653 875 4710 descendit
897 4669 952 4726 per
980 4655 1066 4713 Serra
1118 4656 1178 4715 bus
1193 4660 1255 4714 suis
1278 4657 1495 4732 pertinentiis...
1511 4663 1621 4718 sanctae
1635 4661 1779 4718 Romane
1798 4659 1955 4732 Ecclesiae,

262 4831 350 4958 Ιᾕρει)
359 4833 509 4915 suspecte
518 4829 1064 4914 mihifirleisempervisacstpraescns
1119 4834 1245 4919 concido
1260 4835 1452 4920 continentior
1466 4835 1497 4894 in
1510 4836 1636 4920 treviris
1648 4836 1759 4896 saeculo
1771 4854 1802 4920 a,
1819 4854 1955 4914 praesen-

240 4901 261 4958 b
305 4901 692 4985 apoutrficra,·proesertrm
716 4905 831 4959 ratione
844 4902 971 4974 [οιιιικς
991 4919 1064 4961 saue
1118 4907 1199 4964 trbus
1210 4905 1314 4964 carolo
1329 4909 1458 4980 irancrae
1470 4916 1500 4967 et
1510 4911 1635 4966 ilenrico
1645 4911 1813 4968 cermamae
1826 4911 1953 4983 regibus

241 4972 1066 5055 currrsinhujnsarvrmonumentismodiceversato,faci·
1118 4977 1232 5050 habito,
1240 4977 1384 5050 legitur:«
1392 4980 1953 5056 Quatenusecclesiaequorumcunqne

239 5043 477 5118 leappcretcam
486 5043 564 5102 rllrua
575 5044 676 5102 soeculi
688 5049 714 5100 st
735 5044 800 5101 lum
812 5049 841 5100 et
849 5060 940 5102 usum
959 5048 1065 5104 Roma·
1118 5049 1339 5108 monachorum
1353 5050 1385 5107 in
1399 5050 1524 5124 singulis
1536 5051 1687 5126 parochiis
1707 5051 1771 5110 sitae
1789 5069 1807 5109 e
1831 5053 1954 5128 iscopo-

238 5129 290 5199 nae
297 5115 386 5172 curiae
396 5129 505 5189 parum
516 5130 631 5188 sapere.
644 5061 734 5197 Quod
741 5119 842 5198 autem
854 5115 894 5172 ad
906 5117 1064 5200 materiam
1117 5136 1186 5202 rum
1196 5119 1338 5178 divinitus
1350 5121 1521 5180 subdantur
1531 5123 1679 5195 regimini,
1685 5122 1789 5197 eisque
1799 5140 1820 5182 o
1843 5127 1953 5206 sequia

239 5191 352 5256 attinet,
368 5185 539 5244 nullatenus
553 5201 589 5243 ca
602 5185 642 5243 ad
656 5191 877 5243 immunitatem
889 5187 1063 5246 ecclesiasti·
1117 5206 1149 5247 m
1163 5191 1336 5248 exercendis
1348 5192 1556 5252 ecclesiasticae
1570 5209 1651 5252 curre
1678 5194 1808 5265 negotiis
1824 5195 1951 5252 sollicite

240 5257 850 5342 cam,seupropriadictameremptionem
878 5259 1065 5341 ertinerepo-
1117 5262 1286 5345 exhibeant.
1310 5265 1320 5319 l
1344 5264 1369 5321 si
1391 5264 1497 5339 procul
1521 5264 1616 5323 dubio
1641 5265 1784 5323 monachi
1810 5265 1951 5342 episcopi

239 5275 1063 5414 test;constatenrm1gnotarlbaevoadhuefursscfixcm-
1118 5333 1220 5391 suism
1232 5335 1313 5392 omn‘
1338 5351 1374 5392 us
1388 5335 1540 5395 obediant.
1558 5359 1573 5388 ιι
1587 5337 1671 5395 Unde
1692 5353 1710 5395 a
1732 5341 1830 5411 parat,
1846 5341 1949 5395 Patres

238 5404 291 5524 pha
305 5415 323 5456 a
334 5400 548 5530 ιιιιιῗᾱιῗιιοιιῖ)
562 5415 775 5530 ορέεᾳοιιιθοιιιιιῗι
792 5405 983 5528 mvonmEtcrra.
999 5402 1063 5530 §loo
1116 5405 1207 5488 hujus
1229 5405 1338 5479 synodi
1367 5423 1425 5490 sup
1446 5407 1574 5492 tersisse,
1599 5423 1693 5492 mona
1732 5424 1767 5492 os
1793 5409 1898 5484 apisco
1924 5407 1949 5464 's

240 5484 527 5614 ieiifviltiii,
543 5487 809 5617 illidit
833 5487 1061 5618 aflicti
1117 5478 1881 5625 tltltatttttiltiittltttelicit?³¹²
