4104 6162
238 195 290 256 sot
771 171 1407 245 s.obcurslnnrnserunnennsrsn
1882 173 1935 228 sss

236 333 364 378 numero
391 311 554 390 aliquando
579 327 684 370 secura
708 312 827 385 requies
848 307 1007 380 designari,
1032 305 1065 360 ut
1085 305 1203 358 hunno
1218 297 1409 373 percussione
1427 294 1597 352 tentationis
1621 293 1737 361 amittit,
1767 292 1799 348 in
1827 291 1883 348 fine
1906 298 1944 350 ta-

237 409 311 467 illud
327 427 334 464 :
354 428 368 462 s
383 409 416 464 nt
428 405 573 478 requievit
586 401 853 475 Deusdieseptima
863 401 945 472 (Gen.
955 413 988 462 n,
1005 395 1065 466 2).»
1121 406 1191 447 men
1204 389 1295 460 hujus
1309 387 1419 453 saeculi,
1435 402 1472 442 ea
1486 401 1554 457 quse
1570 389 1640 440 sunt
1655 399 1710 440 sua
1725 381 1857 456 duplicia
1879 385 1946 439 reci-

237 496 407 571 Aliquando
421 493 601 552 universitas
615 491 770 565 presentis
793 488 935 561 temporis
963 485 1063 555 huJus.
1120 481 1172 556 pit,
1198 479 1331 552 quand0,
1362 475 1508 547 susceptis
1533 474 1574 530 ad
1598 473 1723 547 plenum
1746 471 1895 542 gentibus,
1910 473 1946 528 sd

238 591 309 644 Hinc
322 589 368 642 est
387 581 471 659 qnod
490 596 594 639 muros
618 580 731 637 Hierico
756 577 834 635 tubis
859 575 1066 646 clangentibus
1121 571 1185 641 ejus
1201 569 1292 624 tidem
1308 581 1425 623 currere
1440 579 1638 636 omnesquae
1654 568 1725 619 tunc
1745 563 1869 618 invento
1890 561 1947 618 lue-

238 689 308 733 arca
336 673 386 730 Dei
414 677 528 746 septem
553 670 686 728 circuivit
714 669 777 724 dies
808 670 916 735 (Josue,
932 681 970 730 vr,
988 664 1063 731 ιιι).
1120 658 1166 726 ιιι,
1182 656 1429 722 etiemludrearn‚
1444 654 1598 710 consentit.
1621 652 1690 708 Hine
1712 651 1793 708 onim
1807 652 1948 724 seriptum

237 763 310 822 lllnc
328 761 476 837 Propheta
490 761 530 818 ait
559 778 566 817 ε
594 781 608 811 u
635 759 746 832 Septies
766 758 796 813 in
809 757 856 812 die
870 753 992 811 laudem
1005 750 1066 807 ιιιιιι
1121 752 1165 803 est
1181 765 1187 803 :
1205 769 1218 796 u
1236 749 1335 802 Donec
1358 743 1512 818 plenitudo
1538 741 1672 812 gentium
1699 741 1833 810 intraret,
1860 746 1889 796 et
1911 741 1948 796 sic

238 853 292 911 tibi
305 853 398 926 (Psui.
414 867 512 920 esvnr,
531 849 602 920 ret).
620 871 634 901 c
650 847 818 922 Aliquando
840 850 941 902 antem
956 847 1066 899 sanctae
1121 835 1219 892 omnis
1235 834 1324 891 lsrael
1338 834 1437 890 salvus
1452 833 1503 888 liet
1514 833 1607 906 (Rom.
1623 847 1664 900 xv,
1678 832 1735 902 25).
1752 851 1765 880 u
1792 833 1825 885 Et
1842 830 1950 886 Veritas

238 941 374 1000 Ecclesiae
389 941 567 998 universitas
581 939 763 1010 designatur,
777 941 810 992 ut
822 935 895 992 illud
907 935 938 990 in
952 935 1065 1005 Apoca·
1121 926 1161 982 ait
1177 945 1183 982 :
1200 947 1213 976 ι
1230 925 1305 980 Elias
1319 922 1416 980 veniet
1430 926 1459 978 ct
1471 921 1604 978 restituet
1620 920 1732 976 omnia.
1760 941 1773 970 s
1799 917 1852 974 Vel
1876 925 1950 974 certe

238 1030 516 1106 lypsi:«Joannes
545 1031 658 1100 septem
688 1026 833 1094 Ecelcsiis,
861 1046 875 1074 »
903 1021 1066 1092 etreliqua
1122 1019 1231 1070 sanctu
1248 1006 1848 1080 Ecclesiaeintinesuodupluurreciperc
1863 1007 1949 1062 estin

240 1121 343 1192 (Aper.
358 1135 377 1188 v,
391 1123 439 1188 ιι).
455 1117 579 1174 Veniant
593 1132 664 1186 ergo
679 1114 807 1170 hreretici
827 1111 879 1186 qui
894 1115 976 1168 extra
998 1113 1067 1165 sunt
1122 1102 1245 1172 singulis
1261 1101 1348 1157 nobis
1363 1104 1391 1156 et
1405 1099 1442 1155 de
1458 1097 1641 1155 beatitudine
1659 1097 1768 1154 animae
1783 1095 1864 1152 etde
1883 1113 1950 1194 'car-

238 1207 336 1283 positi,
354 1211 381 1263 et
396 1207 478 1280 prius
494 1223 524 1263 se
540 1204 724 1261 universitati
740 1205 850 1258 sarrctce
866 1199 1001 1256 Ecclesiae
1014 1197 1066 1253 nri·
1120 1192 1166 1247 nis
1182 1190 1404 1262 incorruptione
1420 1187 1562 1258 gaudere.
1593 1187 1666 1241 Hinc
1687 1185 1836 1258 propbeta
1860 1183 1949 1240 dreit:

241 1299 352 1366 secant,
369 1299 397 1351 et
409 1299 479 1351 tune
493 1293 616 1349 demum
639 1292 758 1348 veniam
781 1291 817 1346 de
840 1294 922 1344 reatu
935 1287 1066 1360 pristinae
1126 1305 1130 1322 ι
1152 1285 1183 1335 ln
1198 1283 1276 1334 terra
1291 1293 1346 1332 sua
1361 1275 1494 1351 duplicia
1508 1273 1708 1348 possidebunt
1721 1275 1791 1344 tlsa.
1809 1290 1868 1340 uxr,
1880 1277 1919 1346 ι).
1939 1297 1950 1323 ι

240 1381 376 1442 elationis
392 1383 559 1457 exquirant.
581 1387 635 1438 Pro
648 1382 737 1454 culpa
756 1397 811 1436 sua
827 1384 941 1451 septem
957 1375 1068 1432 sacrill-
1123 1369 1278 1442 Sequitur:

239 1473 286 1532 eia
299 1473 437 1538 offerant,
453 1473 524 1546 quia
539 1477 638 1528 reulus
654 1471 699 1526 sui
715 1469 935 1526 ahsolutionem
947 1481 1008 1522 non
1022 1481 1067 1520 ac·
1157 1461 1239 1513 Vnus.
1260 1461 1300 1512 tt.
1324 1457 1471 1512 Venerunt
1487 1453 1527 1510 ud
1541 1469 1606 1509 eum
1621 1467 1720 1510 omnes
1735 1452 1851 1522 fratres
1866 1453 1916 1508 sui
1928 1457 1951 1509 et

240 1563 362 1636 cipiunt,
378 1561 435 1618 nisi
453 1559 554 1630 gratiss
570 1557 750 1631 septiformis
774 1556 881 1628 Spiritu
905 1553 1068 1610 universali
1122 1548 1270 1602 universo
1285 1559 1398 1600 sorores
1414 1558 1484 1611 suu,
1505 1549 1531 1598 et
1547 1543 1649 1597 cuncti
1662 1543 1715 1613 qui
1727 1547 1876 1598 receerunt
1889 1556 1951 1598 eum

238 1649 317 1724 pact,
333 1663 394 1722 qua
409 1647 499 1704 excisi
522 1647 650 1716 fuerant,
674 1647 882 1715 aggregentur.
906 1641 1065 1715 Sequitur:
1086 1653 1110 1708 B
1120 1638 1218 1706 prius,
1230 1641 1257 1691 et
1277 1633 1466 1690 comederunt
1481 1647 1589 1702 punem
1614 1647 1681 1688 cum
1710 1645 1741 1686 eo
1766 1631 1798 1686 in
1813 1631 1912 1697 dorne,
1928 1637 1951 1687 et

239 1739 412 1796 conservus
428 1753 508 1794 meus
524 1734 918 1804 orubr'tprooottis,sueiem
940 1734 1003 1802 ejus
1019 1747 1066 1787 su·
1123 1729 1278 1780 mouerunt
1305 1737 1394 1792 super·
1421 1737 1487 1777 eum
1514 1726 1615 1790 captet.
1644 1751 1678 1760 -
1704 1719 1815 1775 Divinae
1837 1720 1951 1792 pietatis

240 1827 365 1898 eripiam
380 1831 413 1882 ut
428 1839 488 1882 nou
503 1825 583 1881 uobis
597 1825 760 1894 imputetur
774 1821 913 1878 stultitia.
932 1853 966 1862 —
991 1819 1068 1876 Aesl
1124 1811 1494 1878 muneribusconsolatus,
1511 1809 1601 1866 etiam
1615 1809 1752 1866 humana
1772 1808 1861 1872 debet
1885 1809 1952 1864 eba-

241 1913 385 1972 hsereticis
399 1911 593 1970 redeuntibus
609 1917 709 1985 aperte
720 1911 866 1968 diceretur
882 1927 889 1966 t
907 1909 1069 1966 Universali
1123 1904 1207 1960 ritate
1223 1901 1357 1968 refoveri,
1375 1907 1406 1956 ut
1422 1899 1556 1972 undique
1581 1899 1607 1956 ei
1631 1899 1721 1955 etiam
1741 1898 1952 1958 consolationis

241 2017 296 2061 vos
309 2003 444 2060 Ecclesiae
460 2018 514 2076 per
527 2001 725 2059 humilitatem
744 2001 923 2074 peonitentiae
942 1999 1068 2071 jungite,
1125 1992 1237 2063 gaudia
1251 1990 1465 2064 respondeant,
1475 2005 1569 2061 quem
1588 1988 1721 2062 nudique
1742 1987 1883 2044 dolorum
1908 1988 1952 2044 tri·

242 2095 331 2166 atque
355 2105 409 2165 pcr
432 2105 509 2158 eam,
537 2105 598 2165 qua
622 2107 674 2164 per
696 2090 894 2162 vosmetipsos
912 2089 994 2159 digni
1008 2103 1070 2143 non
1126 2083 1204 2139 stitia
1219 2081 1345 2138 adversa
1358 2080 1520 2137 lacerabat.
1537 2084 1568 2134 tn
1584 2079 1766 2136 comestione
1774 2079 1855 2136 enim
1868 2079 1953 2152 panis

242 2179 321 2246 ostis,
337 2182 457 2238 veniam
468 2181 533 2253 ejus
547 2198 565 2237 a
580 2197 627 2237 me
637 2179 924 2254 precibusobtinete.
936 2177 990 2245 Qui
1001 2194 1071 2233 oum
1127 2171 1267 2242 charitas,
1284 2170 1314 2226 in
1329 2169 1461 2226 motione
1476 2184 1545 2224 vero
1556 2167 1673 2240 capitis,
1697 2167 1857 2224 admiratio
1881 2167 1953 2224 desi-

242 2285 296 2344 per
321 2271 402 2328 hanc
424 2270 568 2326 veraciter
589 2283 695 2342 sapere
720 2267 842 2334 discitis,
867 2267 974 2340 prioris
990 2265 1072 2338 apud
1127 2265 1244 2330 gnatur.
1261 2261 1393 2314 lttvsrren.
1409 2260 1489 2314 Tunc
1502 2255 1717 2312 autemlretres
1731 2257 1776 2312 sui
1789 2271 1825 2314 ac
1838 2272 1953 2312 sorores

241 2371 290 2415 me
304 2363 410 2416 vestroe
425 2357 577 2430 sapientise
599 2357 752 2414 stultitiam
767 2355 879 2411 deletis.
911 2354 1071 2426 Sequitnrt
1128 2349 1167 2405 ad
1182 2352 1352 2420 correptum
1367 2347 1500 2410 veniunt,
1517 2346 1641 2418 quando
1660 2361 1697 2401 ex
1719 2345 1807 2418 plebe
1831 2345 1955 2402 iudaice

241 2445 344 2520 Neque
368 2451 446 2504 enim
475 2449 568 2504 locuti
595 2449 663 2504 estis
691 2461 792 2502 eoram
812 2460 859 2501 me
879 2445 956 2500 sicut
971 2454 1074 2500 seruus
1129 2441 1202 2509 quot
1227 2434 1336 2490 inventi
1362 2434 1471 2490 tuerint
1495 2435 1533 2490 ad
1551 2434 1641 2489 fidem
1662 2434 1954 2506 convertuntur‚ipsa

241 2547 325 2592 meru
338 2532 404 2592 roc.
417 2565 452 2576 -
467 2535 533 2590 llaec
549 2534 639 2606 paulo
654 2537 721 2590 ante
735 2532 879 2588 Dominus
893 2530 1024 2606 protulit,
1047 2535 1075 2586 et
1128 2526 1208 2582 enim
1223 2540 1276 2597 per
1290 2524 1500 2594 cognationem
1524 2524 1628 2594 juncta
1643 2527 1697 2590 est,
1721 2523 1768 2580 vel
1792 2523 1844 2596 qui
1867 2523 1953 2580 fortes

242 2628 345 2682 tamen
357 2625 421 2680 haee
434 2623 570 2680 iterando
584 2621 747 2693 subjunxit.
763 2621 839 2686 Ouid
866 2623 909 2676 est
936 2619 994 2675 hoc
1017 2619 1074 2674 nisi
1129 2613 1219 2669 futuri
1232 2617 1301 2667 sunt
1312 2609 1393 2667 velut
1407 2609 1521 2678 iratres,
1540 2611 1588 2667 vel
1602 2609 1712 2668 infirmi
1736 2608 1814 2667 velut
1838 2627 1953 2668 sorores

244 2713 422 2769 sententiam
437 2728 530 2785 quam
546 2711 576 2766 in
593 2709 686 2767 semel
696 2710 863 2781 judicando
883 2709 1007 2776 dixerat,
1024 2711 1075 2764 ite·
1129 2701 1167 2758 ad
1184 2718 1252 2758 eum
1264 2717 1317 2773 per
1331 2700 1509 2769 cognitionis
1525 2697 1616 2756 fidem
1640 2699 1741 2756 debita
1756 2699 1953 2770 gratulatione

243 2816 311 2857 rum
325 2799 498 2867 replicando
514 2797 673 2855 confirmat
687 2799 700 2854 ‘l
716 2799 854 2871 Sequitur
869 2815 875 2852 :
1129 2791 1412 2846 consurrectione
1427 2789 1457 2844 in
1473 2787 1564 2844 domo
1578 2789 1642 2860 ejus
1656 2805 1767 2862 panem
1782 2788 1951 2860 comedunt,

279 2889 365 2946 Vens.
378 2894 405 2946 9.
421 2887 570 2945 Abierant
586 2903 655 2960 erqo
672 2893 731 2944 tres
747 2888 837 2944 amici
848 2886 915 2956 Job,
943 2885 1073 2956 Eliptruz
1128 2897 1197 2936 cum
1214 2879 1379 2953 postposita
1392 2879 1600 2935 observatione
1616 2877 1832 2951 superjacentis
1854 2877 1951 2935 litterre

245 2975 442 3049 Tbernanites,
458 2983 486 3034 et
500 2977 624 3034 Bolduci
643 2975 772 3047 Subites,
798 2979 825 3032 et
848 2977 964 3046 Sopbet
989 2977 1071 3031 Neu·
1090 2971 1157 3060 oin
1180 2973 1285 3026 sancta
1315 2967 1443 3024 Ecclesia
1467 2967 1587 3042 mystici
1612 2967 1723 3041 eloquii
1750 2968 1836 3041 quasi
1864 2968 1952 3038 frugis

243 3065 392 3138 mutbctcs,
408 3073 435 3124 et
448 3067 585 3138 fecerunt
598 3067 674 3128 sicut
690 3067 805 3122 locutus
815 3065 918 3134 [ιιινιιι
929 3066 1072 3120 Dominus
1126 3057 1259 3115 medulla
1285 3063 1460 3131 pascuntur.
1489 3059 1564 3112 Bene
1590 3061 1690 3114 autem
1716 3057 1834 3124 dieitur,
1858 3073 1950 3114 omues

243 3153 284 3214 ad
296 3168 352 3226 eos,
367 3159 394 3213 et
407 3155 534 3226 suscepit
550 3157 693 3212 Dominus
705 3150 814 3225 suisium
826 3154 892 3208 lob.
908 3185 942 3193 -
957 3155 1073 3208 tntuen-
1127 3150 1180 3220 qui
1193 3153 1341 3204 uerierunt
1356 3163 1421 3204 erem
1436 3145 1532 3217 prius.
1558 3145 1640 3202 Prius
1663 3147 1775 3220 quippe
1799 3153 1949 3210 noverant,

243 3245 318 3302 dum
332 3261 403 3302 vero
418 3245 555 3318 estquod
571 3245 611 3301 ita
624 3247 709 3300 caute
721 3241 965 3315 sicutpraedictus
976 3241 1073 3298 iuerat
1125 3253 1217 3310 quem
1232 3238 1262 3292 ιιι
1278 3235 1417 3301 passione
1442 3251 1497 3291 sua
1519 3235 1606 3308 quasi
1623 3235 1810 3306 incognitum
1826 3242 1951 3293 contem-

243 3333 318 3393 ordo
346 3337 476 3407 acceptae
500 3335 595 3391 venioe
625 3333 799 3400 custoditur,
822 3333 855 3388 ut
874 3332 904 3387 in
920 3331 1072 3388 sacrificlis
1125 3331 1256 3400 pserunt.
1285 3329 1359 3382 Nam
1384 3325 1570 3381 nasciturum
1595 3325 1744 3382 Christum
1775 3325 1877 3382 nullus
1904 3325 1950 3399 qui

245 3419 388 3478 Dominus
401 3437 462 3478 non
477 3421 607 3492 illorum,
623 3422 676 3478 sed
690 3421 769 3478 beati
780 3419 835 3477 lob
855 3419 961 3476 faciem
976 3437 1073 3476 susce·
1125 3413 1212 3489 plene
1226 3413 1323 3484 legem
1336 3413 1447 3480 didicit,
1462 3409 1620 3485 issss0tai'il,
1647 3407 1778 3488 quorum
1804 3420 1833 3472 ei
1852 3416 1950 3472 nolitia

242 3509 324 3585 pisse
337 3511 471 3568 refertur.
486 3511 642 3584 Sequitur:
1125 3501 1207 3576 prior
1220 3507 1248 3559 et
1259 3501 1428 3572 ignorantia
1442 3503 1587 3575 posterior
1597 3497 1673 3560 hene
1686 3519 1721 3560 ac
1733 3501 1864 3562 breviter
1875 3509 1950 3560 isaac

279 3603 364 3656 vrrs.
379 3600 421 3656 ιο.
437 3599 581 3656 Dominus
596 3615 710 3672 quoque
725 3613 882 3657 conversus
898 3601 993 3656 estad
1013 3613 1072 3671 poe.
1127 3591 1273 3662 caligante
1289 3591 1433 3660 signatur.
1453 3589 1595 3658 Quidum
1610 3591 1701 3648 Jacob
1713 3589 1913 3664 benediceret,
1927 3599 1950 3649 et

244 3687 402 3746 nitentium
427 3689 493 3752 Job,
520 3705 586 3745 cum
613 3695 713 3746 (naret
738 3701 795 3759 pro
820 3689 924 3745 amicis
951 3692 1023 3745 suis,
1038 3721 1073 3730 -
1126 3679 1200 3754 quid
1217 3677 1347 3735 eveniret
1370 3678 1401 3734 in
1427 3679 1527 3735 futuro
1554 3679 1750 3752 praevidebat,
1779 3685 1808 3738 et
1827 3683 1896 3755 quis
1915 3681 1950 3738 illi

244 3781 310 3836 lam
338 3778 428 3850 enim,
452 3777 527 3835 sicut
554 3777 690 3852 superius
713 3781 870 3848 memorat,
892 3793 947 3852 pro
970 3777 1073 3835 amisis
1128 3785 1260 3842 praesens
1273 3769 1420 3824 assisteret
1430 3763 1657 3826 nesciebatSed
1671 3785 1739 3826 occe
1754 3769 1783 3826 in
1798 3769 1858 3828 tine
1874 3787 1952 3828 mun-

244 3866 365 3925 audltus
379 3865 484 3925 fuerat,
500 3867 551 3924 Hie
564 3871 664 3924 autem
680 3871 781 3941 aperte
801 3867 976 3939 ostenditur,
1001 3869 1073 3942 quja
1128 3855 1159 3914 di
1174 3857 1307 3928 veniunt,
1321 3862 1431 3914 etcum
1446 3874 1538 3932 quem
1553 3859 1636 3931 prius
1655 3864 1801 3916 noverant
1815 3877 1949 3932 recogno·

245 3955 335 4014 etiam
348 3970 403 4032 pro
419 3957 593 4032 semetipsos
607 3957 764 4032 poenitens,
785 3959 868 4014 tanto
883 3955 968 4014 citius
984 3973 1073 4014 exau·
1128 3951 1225 4005 scuni.
1252 3947 1324 4002 Ecce
1347 3945 1378 4002 in
1402 3945 1494 4004 domo
1519 3944 1583 4019 ejus
1603 3947 1633 4004 in
1655 3962 1769 4021 panem
1784 3951 1950 4020 comedunt,

244 4047 301 4105 utri
328 4047 444 4117 meruit,
472 4053 586 4122 quanto
610 4047 714 4105 devote
741 4061 795 4121 pro
818 4047 883 4104 aliis
898 4048 1071 4104 intercessit.
1126 4037 1197 4112 quia
1212 4038 1356 4094 insaucia
1370 4037 1497 4094 Ecclesia
1513 4039 1589 4094 sacri
1604 4037 1715 4112 eloqui
1728 4038 1813 4112 fruge
1828 4056 1951 4115 pascun-

245 4135 396 4194 leentius
410 4138 522 4212 quippe
542 4137 720 4194 sacrificium
748 4135 891 4194 orationis
918 4137 1072 4210 accipitur,
1127 4132 1183 4185 tur.
1200 4125 1233 4182 ιιι
1247 4127 1342 4199 capite
1353 4143 1485 4200 namque
1500 4127 1663 4201 principale
1680 4129 1788 4185 mentis
1803 4129 1951 4204 accipitur,

244 4225 328 4301 quod
350 4227 381 4282 in
404 4232 565 4300 conspeetu
592 4227 791 4283 misericordis
815 4227 922 4298 judicis
943 4225 1073 4299 proximi
1127 4215 1602 4290 sieutperPsalmistamdicitur
1631 4234 1637 4272 :
1668 4239 1682 4266 u
1707 4215 1902 4292 lmpinguasti
1926 4219 1952 4274 in

145 4330 152 4342 ·
245 4311 402 4370 dilectione
426 4313 573 4370 conditur.
602 4313 675 4372 Hinc
705 4315 848 4370 Dominus
873 4313 970 4370 aittu
987 4315 1073 4370 Orate
1127 4301 1193 4363 oleo
1207 4311 1296 4380 eaput
1311 4322 1412 4362 nissum
1427 4308 1521 4374 (Psoi.
1537 4323 1607 4376 xxiv,
1623 4313 1648 4364 5.
1668 4329 1681 4358 n
1704 4308 1764 4365 lico
1779 4306 1879 4384 itaque
1892 4309 1953 4365 loco

245 4413 300 4473 pro
315 4401 563 4474 persequentibus
578 4406 606 4458 et
621 4401 873 4458 calumniantibus
889 4399 1071 4472 vostMettlt.
1128 4399 1219 4469 caput
1233 4409 1353 4451 movete
1369 4399 1413 4450 cst
1427 4397 1455 4452 ei
1475 4390 1714 4454 immobiliiatcm
1743 4399 1850 4455 mentis
1871 4415 1953 4454 excu-

245 4502 275 4554 ι,
288 4487 351 4560 ιιις
370 4503 383 4536 u
398 4489 426 4543 et
437 4501 558 4544 rursum
574 4505 581 4543 :
597 4509 611 4537 α
628 4491 701 4545 Cum
722 4488 835 4545 stabitis
857 4489 896 4546 ad
912 4489 1072 4556 orandum,
1127 4489 1197 4557 tere,
1210 4489 1239 4541 et
1253 4485 1292 4540 ad
1306 4484 1508 4554 cognitionem
1524 4485 1593 4541 lidei
1608 4485 1790 4544 crudelitatis
1803 4487 1953 4558 gressibus

165 4595 169 4604 ’
245 4575 383 4634 dimittite
397 4575 422 4632 si
435 4575 508 4652 quid
520 4575 636 4635 habetis
653 4577 799 4635 adversus
815 4577 958 4650 aliquem,
979 4595 993 4631 s
1017 4583 1072 4634 eto.
1127 4575 1341 4648 propinquare.
1357 4575 1452 4648 tiaput
1464 4575 1553 4646 igitur
1568 4579 1714 4647 movetur,
1729 4590 1798 4634 enm
1823 4585 1878 4650 per
1901 4576 1953 4633 lor-

244 4665 354 4724 Marte.
371 4681 411 4730 ιιι,
427 4671 483 4733 25).
502 4667 639 4741 Sequitur
656 4685 661 4723 :
678 4667 805 4724 Addidit
816 4667 961 4723 Dominus
974 4669 1074 4724 orente
1128 4663 1272 4719 midinem
1287 4663 1418 4719 veritatis
1428 4666 1507 4719 taeta
1517 4663 1556 4719 ab
1569 4663 1794 4722 insensibilitate
1804 4681 1861 4722 sua
1873 4679 1954 4721 mens

246 4767 429 4828 quaeeunque
439 4755 564 4827 ficerunt
577 4757 643 4824 Job,
659 4755 805 4827 duplicia.
821 4787 855 4796 —-
881 4763 887 4807 t
894 4759 992 4812 Iuncta
1006 4771 1074 4829 quse
1127 4752 1268 4824 quatitur.
1287 4751 1425 4823 Sequitur
1449 4769 1455 4806 :
1482 4753 1520 4807 De
1535 4754 1684 4808 consolati
1696 4759 1767 4810 suut
1786 4769 1851 4811 eum
1869 4767 1956 4824 super

246 4843 397 4912 amiserat,
410 4843 541 4919 duplicia
553 4847 673 4920 recepit,
687 4847 758 4920 quia
770 4861 824 4920 per
837 4845 978 4920 pietatem
993 4843 1075 4902 beni·
1128 4843 1209 4900 omni
1218 4843 1298 4898 moto
1313 4841 1393 4912 quod
1407 4841 1553 4898 intrueret
1568 4841 1713 4900 Dominus
1726 4859 1817 4914 super
1830 4853 1907 4901 eum.
1924 4875 1954 4883 —-

247 4931 427 5004 gnijudieis,
442 4935 611 4991 tentationis
624 4943 733 4992 nostrae
749 4935 940 5010 dispendium
951 4935 1075 4992 vineunt
1127 4931 1260 4989 Percussi
1286 4929 1366 4987 enim
1393 4943 1554 4989 moerorem
1580 4933 1730 4990 consolari
1755 4927 1807 5002 esi,
1840 4933 1956 5008 sipost

247 5019 652 5090 suflraglaeonsolatlonum.
668 5025 761 5082 Dinns
785 5025 865 5081 enim
893 5029 986 5082 tentat
1007 5040 1074 5097 pro·
1127 5021 1354 5096 percussionem
1367 5021 1404 5077 de
1424 5023 1512 5079 venia
1533 5023 1734 5094 congaudere.
1762 5027 1837 5081 Nam
1865 5039 1957 5100 quan-

246 5109 329 5168 batlo
344 5119 438 5183 quam
450 5113 650 5168 remuneratio
666 5113 848 5170 consolatur.
866 5114 937 5169 Hinc
952 5129 1074 5186 quoque
1128 5115 1193 5167 tum
1216 5110 1344 5184 quisque
1369 5109 1498 5166 cernitur
1528 5111 1566 5168 de
1590 5113 1726 5170 restituta
1755 5113 1887 5187 proximi
1916 5127 1958 5167 ss·

247 5197 354 5258 dicitur
369 5217 375 5254 :
390 5221 404 5250 ι
419 5198 621 5274 reponerem
635 5201 664 5256 in
679 5203 833 5258 modicum
853 5201 960 5276 reliqui
983 5206 1020 5268 te,
1046 5205 1075 5258 et
1128 5199 1189 5256 luto
1216 5199 1403 5266 hilarescere,
1428 5203 1510 5256 tanto
1531 5215 1562 5257 se
1586 5199 1698 5259 indicat
1722 5201 1759 5258 de
1785 5201 1889 5259 ablata
1909 5201 1958 5257 do

246 5289 278 5346 in
292 5287 533 5346 miserationibus
548 5287 667 5358 magnis
683 5288 874 5360 congregabo
888 5293 915 5346 te
931 5291 1001 5362 (Iso.
1017 5291 1072 5359 niv,
1128 5288 1230 5344 luisse.
1242 5291 1351 5345 Turres.
1368 5289 1567 5346 consolantur
1581 5291 1738 5356 Christum,
1764 5291 1958 5347 consolantur

247 5379 322 5450 7).»
350 5377 383 5436 nt
408 5377 717 5436 ltemzusecundnm
744 5379 967 5435 multitudinem
994 5377 1075 5436 dolo·
1129 5377 1310 5448 Ecclesiam,
1349 5377 1401 5450 qui
1425 5377 1463 5434 ab
1486 5377 1668 5436 infidelitatis
1699 5381 1834 5455 pristinus
1860 5393 1957 5436 errore

246 5477 316 5522 rum
341 5477 478 5526 meorum
501 5467 532 5524 in
562 5466 651 5524 corde
678 5482 746 5523 meo
770 5467 989 5524 consolationes
1016 5471 1074 5523 ture
1127 5467 1315 5542 resipiscunt,
1338 5473 1366 5523 et
1390 5467 1566 5540 pravitatem
1592 5466 1655 5526 vitre
1677 5481 1733 5544 per
1756 5475 1852 5544 qtram
1880 5473 1958 5526 tecta

247 5550 472 5613 laetificaverunt
500 5558 633 5614 animam
655 5573 755 5613 meam
779 5556 873 5630 (Psoi.
896 5571 974 5624 xerrr,
999 5557 1035 5628 s).
1059 5579 1073 5606 u
1128 5557 1305 5614 docentibus
1320 5561 1497 5631 repugnant.
1521 5561 1626 5631 hlagna
1647 5562 1759 5636 quippe
1781 5559 1957 5636 praedicato·

248 5642 379 5705 llrsncr.
406 5645 516 5706 Sancta
541 5647 654 5722 quippe
684 5641 815 5706 Ecclesia
840 5661 877 5704 cx
903 5662 935 5704 se
962 5645 1074 5706 multos
1127 5656 1196 5706 rum
1221 5645 1386 5707 consolatio
1413 5653 1481 5723 est,
1518 5649 1709 5728 subsequens
1734 5651 1958 5728 profectusum
