4104 6162
108 175 156 240 iss
493 135 1294 243 errronnnonaunnsaarauaesana.
1319 187 1416 242 xxxv.
1761 181 1817 240 eru

73 297 78 312 ‘
108 305 246 362 diturum.
271 306 419 364 Revelatio
445 321 576 381 nemque
604 308 740 376 dicentis,
766 311 810 364 est
824 307 932 363 lmmu
950 305 1137 379 asimpllces
1161 321 1198 363 ex
1212 303 1373 378 gentilitate
1397 305 1562 379 vanientes,
1590 307 1643 381 qui
1656 307 1740 381 prius
1755 306 1815 364 sub

108 394 176 452 tatic
190 393 381 468 proficientis.
399 397 453 462 Qui
478 397 517 453 ad
538 398 759 454 consolandum
787 399 855 470 post
878 395 932 451 lla-
985 395 1044 452 ritu
1058 397 1205 468 sacrilego
1215 397 1303 470 quasi
1318 397 1453 469 quadam
1464 397 1652 455 deformitate
1663 396 1814 454 membro·

108 481 182 554 gella
197 483 331 551 veniunt,
360 484 432 556 quia
452 486 595 543 nimirum
618 485 768 560 passionis
796 489 931 558 tempore
986 499 1054 540 rum
1066 485 1155 542 valde
1167 490 1271 559 turpes
1292 485 1404 541 ostensi
1419 490 1489 542 sunt
1503 485 1635 543 ioeditate
1661 486 1814 543 vitiorum.

106 569 415 646 praedicamentalldei
423 578 658 645 contemnentes,
673 591 764 648 quem
777 574 933 631 hominem
986 575 1115 630 Possunt
1129 589 1252 630 rursum
1272 575 1303 630 in
1318 574 1417 630 bobus
1432 575 1571 631 Israeliten
1591 575 1697 649 accipi,
1723 573 1814 648 quasi

107 675 141 716 ex
166 663 260 716 morte
285 661 499 734 probaverunt,
529 667 623 720 ileum
645 665 766 720 credere
785 665 933 736 despexe·
985 662 1059 734 jugo
1071 661 1145 734 legis
1157 664 1262 732 attriti;
1279 663 1354 720 asini
1365 677 1436 719 vero
1452 663 1576 733 gentiles
1587 661 1814 734 designationi

106 751 183 804 runt.
201 745 284 803 Unde
305 749 446 806 Dominus
460 751 531 806 dicit
547 767 553 806 :
579 773 594 801 n
622 751 753 809 Sustinui
776 751 829 825 qui
844 749 934 806 simul
987 751 1062 807 dum
1075 767 1106 808 se
1119 752 1253 809 colendis
1267 751 1418 826 lapidibus
1433 751 1627 824 inclinabant,
1656 749 1814 825 supposito

107 852 226 892 mecum
254 837 486 910 contristaretur,
514 843 541 897 ct
563 855 625 897 non
649 842 745 911 luit,›
771 839 934 912 etreliqua
987 840 1173 914 quibuslibet
1186 838 1273 898 idolis
1288 843 1480 900 brutosensu
1509 839 1688 896 serviebant.
1704 842 1814 898 Sancta

107 927 200 992 (Psot.
229 941 325 992 exuri,
339 927 395 998 ul).
423 932 454 984 ln
479 929 539 985 line
554 929 643 1000 igitur
657 930 763 986 mundi
779 929 933 985 eredentes
988 945 1060 1002 ergo
1088 931 1227 1000 Ecclesia,
1256 948 1325 1005 que
1348 931 1378 988 in
1408 931 1536 987 exordiis
1566 929 1628 986 suis
1647 929 1814 986 innumeris

106 1014 220 1070 llehraei
233 1016 422 1082 conveniam,
434 1022 462 1074 et
476 1017 602 1076 humani
615 1019 731 1090 generis
743 1017 934 1090 Redemptori
988 1020 1200 1078 tentationibus
1215 1037 1330 1095 pressa,
1356 1021 1404 1078 vel
1430 1019 1622 1076 israeliticum
1651 1016 1812 1091 populum,

106 1105 135 1160 in
148 1105 281 1178 potentia
293 1105 455 1163 divinitatis
472 1109 558 1181 quasi
576 1125 652 1166 sano
667 1109 724 1166 iob
744 1109 932 1166 oblationum
986 1107 1035 1164 vel
1048 1109 1159 1166 multos
1173 1125 1209 1167 ex
1223 1112 1362 1182 gentibus
1392 1109 1501 1177 amisit,
1517 1108 1652 1164 videlicet
1665 1119 1744 1180 quos
1770 1104 1815 1162 ln-

106 1205 229 1250 suarum
244 1199 314 1250 rota
327 1195 545 1268 persolvantur.
563 1198 700 1271 Sequitur
713 1215 719 1253 :
731 1199 771 1254 Et
786 1197 933 1254 dederunt
987 1198 1063 1254 orari
1076 1213 1136 1254 non
1155 1199 1262 1272 potuit,
1278 1199 1410 1273 duplicia
1424 1199 1455 1254 in
1472 1197 1532 1254 fine
1548 1195 1661 1269 recipit,
1687 1195 1762 1268 quia
1781 1193 1813 1249 in

105 1282 132 1338 ci
144 1284 350 1355 unusquisque
373 1297 453 1341 orreo
475 1301 567 1343 anam
581 1295 609 1344 et
624 1289 761 1344 inaurem
778 1301 881 1343 urtam.
897 1315 932 1326 -
986 1293 1207 1361 eaenutraque
1222 1289 1379 1346 nationum
1391 1287 1526 1344 fidelium
1548 1284 1811 1357 multipliciterex-

106 1374 172 1428 lirae
182 1371 267 1444 juxta
282 1373 436 1430 historiam
448 1376 592 1432 veraciter
605 1376 685 1433 dicta
697 1376 859 1432 credimus.
875 1373 933 1431 Sed
986 1377 1100 1433 cressit.
1127 1379 1252 1434 Possunt
1270 1393 1324 1452 per
1348 1379 1470 1450 jugatos
1493 1376 1586 1432 hoves
1601 1373 1813 1448 praedicatores

104 1459 179 1533 quid
192 1473 246 1534 per
258 1475 347 1518 ovem
361 1463 495 1534 mystice,
509 1465 567 1520 nisi
581 1464 777 1521 innocentia?
792 1465 866 1538 quid
879 1479 932 1536 per
985 1463 1123 1536 inlelligi3
1153 1471 1281 1539 possunt
1296 1467 1463 1539 perusinae
1489 1469 1605 1521 mentes
1631 1462 1815 1536 simplicium

104 1550 251 1622 inaurem,
276 1549 332 1607 uisi
362 1549 532 1610 ohedientia
547 1553 747 1624 designatur?
771 1555 827 1610 Per
841 1567 930 1610 ovem
986 1555 1147 1626 designari.
1175 1559 1283 1612 Sancta
1310 1569 1380 1612 vere
1397 1553 1527 1611 Ecclesia
1551 1552 1683 1626 duplicia
1700 1551 1813 1624 recipit,

104 1639 216 1713 quippe
232 1641 361 1713 simplex
371 1641 500 1710 animus,
512 1658 567 1716 per
577 1643 714 1700 inaurem
723 1659 796 1700 vero
805 1647 930 1700 ornatus
947 1659 968 1712 Β
986 1643 1125 1719 quidum
1140 1643 1350 1718 predicatores
1365 1645 1471 1714 sancti,
1483 1643 1534 1715 qui
1548 1641 1643 1714 pressi
1655 1640 1814 1696 tormidine

103 1727 279 1786 humilitatis
296 1729 390 1800 gratia
413 1731 539 1788 auditus
552 1732 736 1805 exprimitur.
760 1731 929 1790 Notandum
986 1735 1017 1790 in
1046 1731 1111 1806 ejus
1136 1733 1253 1789 dudum
1282 1733 1442 1790 tentatione
1472 1733 1639 1796 mouerunt,
1655 1733 1684 1784 et
1698 1731 1815 1784 mentes

103 1817 186 1889 quod
200 1818 385 1876 euminaure
400 1821 475 1890 ovis,
491 1825 520 1876 et
541 1831 610 1877 eum
624 1837 680 1878 ove
708 1821 820 1878 inauris
843 1819 931 1877 offer·
987 1821 1168 1896 simplicium
1184 1837 1251 1895 qure
1266 1823 1348 1878 dcta
1370 1819 1534 1878 terratribus
1559 1817 1713 1878 veritatem
1735 1815 1814 1872 illius

103 1911 163 1974 tur,
172 1907 244 1980 quia
254 1907 397 1964 nimirum
411 1909 548 1965 innocuis
558 1909 709 1966 mentibus
720 1915 932 1967 ornamentum
987 1910 1121 1968 confiteri
1135 1911 1349 1978 formidabant,
1365 1913 1447 1966 tanto
1454 1911 1518 1980 jam
1529 1919 1611 1963 nunc
1620 1904 1774 1963 robustius
1783 1903 1814 1959 in

104 2008 226 2067 semper
246 1995 425 2052 obedientie
449 1998 595 2068 jungitur,
615 1999 741 2054 Domino
766 2001 932 2064 attestante,
987 1999 1176 2056 confessione
1202 1999 1330 2057 veritatis
1365 2013 1429 2055 suae
1453 2013 1541 2054 voces
1570 2007 1642 2054 suas
1677 1997 1812 2062 exerunt,

102 2081 159 2154 qui
174 2081 232 2139 ait:
251 2105 267 2137 e
281 2085 357 2141 Oves
371 2101 446 2141 meae
458 2101 563 2141 vocem
575 2101 676 2142 meam
691 2085 827 2156 audiunt,
839 2087 933 2154 elego
987 2091 1102 2159 quanto
1112 2087 1239 2143 debilius
1254 2092 1322 2143 ante
1337 2087 1509 2142 timuerunt.
1524 2083 1701 2142 liillenurlus
1711 2095 1816 2138 nume-

104 2180 257 2240 cognoseo
272 2181 333 2240 eas,
349 2177 378 2228 et
392 2177 558 2246 sequuntur
568 2185 616 2230 me
626 2173 724 2244 (daton.
740 2191 767 2244 s,
781 2175 836 2244 27).
848 2195 862 2223 e
878 2177 935 2228 Au·
988 2191 1039 2230 rus
1054 2175 1136 2248 apud
1152 2176 1327 2232 saecularem
1351 2175 1508 2230 scientiam
1533 2171 1643 2228 ideirco
1667 2170 1816 2244 perlectus

101 2273 190 2315 ream
215 2259 353 2318 inaurem
380 2261 523 2319 obtulisse
537 2263 720 2336 perhibetur,
737 2267 769 2320 ut
797 2263 934 2320 videlicet
987 2263 1214 2338 habetisque
1228 2261 1343 2320 denarii
1358 2263 1476 2318 numeri
1487 2261 1670 2335 quadratum
1684 2258 1815 2314 solidum

102 2348 135 2403 in
151 2363 187 2404 en
207 2361 276 2422 quaa
290 2347 446 2408 exhibetur
460 2351 639 2420 ohedientia,
655 2352 784 2408 charitas
810 2351 932 2422 fulgeat,
987 2351 1085 2408 reddit
1099 2371 1106 2420 ;
1122 2353 1227 2409 decem
1241 2352 1354 2425 quippe
1368 2351 1467 2407 decies
1482 2351 1574 2406 ducta
1587 2349 1665 2404 liunt
1683 2350 1814 2412 centum,

102 2451 173 2510 qnae
202 2437 326 2495 virtutes
352 2453 458 2497 omues
481 2441 546 2498 auri
570 2453 654 2498 more
679 2447 785 2498 caetera
812 2439 934 2497 metalla
987 2453 1055 2514 quae
1067 2441 1132 2513 Jam
1145 2439 1242 2512 figura
1252 2441 1412 2514 quadrata,
1425 2441 1477 2496 sed
1493 2440 1584 2514 plena
1597 2441 1651 2494 est.
1669 2439 1703 2495 Ut
1714 2440 1816 2493 autem
1893 2475 1898 2481 -

104 2527 297 2583 trauscendit.
313 2527 370 2584 Sed
385 2529 457 2601 quia
472 2527 555 2584 nulla
570 2545 635 2585 esse
651 2529 832 2594 innocentia,
851 2525 934 2585 nulle
986 2532 1017 2588 in
1032 2529 1219 2588 altitudinem
1232 2535 1344 2602 surgat,
1372 2535 1400 2586 et
1413 2529 1509 2586 solida
1522 2529 1584 2594 liat,
1603 2539 1724 2584 rursum
1745 2535 1817 2582 een*

101 2629 170 2672 esse
182 2631 253 2672 vera
267 2615 436 2674 obedientie
450 2618 480 2674 in
494 2617 709 2692 multiplicibus
725 2619 932 2675 baereticorum
987 2624 1050 2676 tum
1065 2617 1164 2675 decies
1179 2618 1425 2692 multiplicantur,
1441 2621 1469 2674 et
1493 2617 1573 2672 mille
1596 2615 1673 2672 fiunt
1713 2615 1815 2686 Septe-
1925 2667 1928 2672 .

101 2703 303 2761 divisionibus
316 2709 422 2779 potest,
436 2707 475 2764 ad
489 2704 691 2778 cognitionem
703 2707 773 2764 fidel
782 2709 932 2764 venientes
987 2707 1089 2765 narius
1103 2711 1203 2764 autem
1218 2721 1254 2764 ea
1267 2707 1382 2764 ratione
1398 2705 1545 2782 perlectus
1572 2705 1709 2767 hahetur,
1730 2700 1815 2775 quod

102 2793 236 2850 offerent
255 2805 354 2861 ovem,
375 2795 428 2851 sed
441 2809 554 2866 unam;
575 2797 702 2854 offerant
714 2795 862 2868 inaurem,
879 2795 932 2852 sed
987 2811 1023 2853 ex
1037 2797 1136 2870 primo
1151 2797 1225 2870 pari,
1238 2801 1265 2854 et
1278 2813 1314 2854 ex
1329 2797 1427 2870 primo
1443 2795 1553 2868 impari
1574 2795 1813 2851 consummatur.

103 2881 252 2950 unam‚ld
268 2887 321 2954 est,
348 2884 422 2940 tales
434 2885 556 2942 veniant
570 2885 623 2959 qui
646 2887 677 2942 iu
706 2889 818 2942 unitate
844 2899 931 2942 sanc·
988 2885 1072 2941 Prius
1082 2885 1162 2941 enim
1177 2885 1287 2958 impar,
1312 2883 1461 2941 ternarius
1482 2888 1535 2950 est,
1563 2883 1739 2954 primusque
1758 2891 1815 2952 par

103 2975 138 3026 tre
178 2969 312 3028 Ecclesia
339 2969 461 3030 innocui
494 2973 728 3048 obedientesque
760 2975 931 3048 persistant.
949 3015 970 3072 C
987 2975 1207 3048 quaternarius,
1222 2989 1258 3030 ex
1270 2975 1381 3048 quibus
1395 2972 1517 3028 duobus
1526 2971 1712 3043 septenarius
1727 2981 1816 3025 cons-

104 3059 267 3132 Sequitur:
989 3068 1039 3132 lat,
1050 3063 1123 3136 quia
1137 3075 1173 3119 ex
1186 3063 1299 3118 eisdem
1317 3061 1455 3136 partibus
1471 3060 1531 3116 suis
1548 3057 1761 3130 multiplicatus
1783 3053 1815 3112 in

138 3145 226 3200 vass.
245 3143 447 3203 tullonensis
475 3151 573 3204 caten
595 3147 744 3205 benedicit
768 3147 933 3204 novissimis
988 3151 1209 3208 duodenarium
1224 3151 1327 3223 surgit.
1344 3149 1484 3207 senarius
1499 3161 1570 3204 vero
1587 3145 1655 3202 ideo
1666 3144 1816 3219 perlectus

100 3231 173 3302 «lob,
187 3236 382 3306 moooqecm
396 3237 547 3306 principio
560 3239 635 3308 ejus.
646 3239 755 3294 -Heec
767 3237 798 3294 in
810 3235 933 3292 historia
988 3241 1042 3310 est,
1059 3241 1131 3314 quia
1150 3239 1264 3314 primus
1291 3238 1458 3296 innumeris
1485 3235 1653 3310 completur
1677 3233 1814 3308 partibus

101 3319 185 3378 lacta
198 3322 358 3392 credimus,
375 3325 438 3381 haec
462 3325 588 3399 mystice
611 3325 749 3384 iacienda
764 3337 931 3399 speramus.
989 3332 1060 3402 suis,
1074 3329 1102 3387 id
1131 3335 1184 3400 est,
1198 3333 1282 3387 sexta
1307 3329 1354 3386 sui
1368 3333 1461 3402 parte,
1478 3331 1507 3385 et
1522 3325 1607 3384 tertia
1634 3330 1663 3382 et
1690 3323 1816 3381 dimidia

101 3409 258 3474 Quantum
270 3411 350 3468 enlm
365 3411 404 3469 ad
419 3409 569 3470 israelitici
583 3415 688 3488 populi
710 3414 932 3489 susceptionem
988 3434 1055 3493 quse
1067 3423 1145 3490 sunt,
1161 3431 1267 3488 nnunr,
1283 3419 1355 3486 duo,
1367 3419 1433 3484 tria,
1449 3422 1478 3474 et
1493 3415 1740 3472 flunt-insumma
1750 3425 1813 3470 sex.

101 3497 241 3570 pertinet,
255 3506 380 3572 urgente
403 3499 463 3558 fine
491 3501 523 3558 in
545 3501 701 3576 praesentis
717 3501 817 3559 saeculi
829 3501 935 3560 dolore
987 3506 1043 3564 a'ed
1057 3507 1088 3564 in
1104 3519 1190 3564 sacra
1206 3505 1356 3580 Scriptura
1368 3505 1502 3563 senarius
1513 3515 1658 3560 numerus
1672 3501 1740 3558 ideo
1750 3513 1816 3574 per·

102 3591 211 3646 sancta
239 3591 368 3648 Ecclesia
392 3591 562 3649 animarum
590 3591 745 3666 multiplici
760 3591 932 3650 collectione
987 3595 1080 3652 iectus
1093 3601 1148 3668 est,
1159 3593 1231 3669 quia
1243 3595 1274 3652 in
1285 3595 1390 3652 mundi
1406 3595 1520 3666 origine
1536 3595 1681 3652 llominus
1696 3601 1815 3662 eaquae

101 3676 288 3734 consolatur.
323 3679 419 3737 Tanto
443 3682 554 3754 quippe
578 3681 756 3756 locupletius
779 3680 931 3752 ditabitur,
988 3685 1179 3760 coepit,sexto
1194 3685 1242 3743 die
1257 3701 1347 3760 opere
1362 3684 1503 3759 implevit.
1522 3682 1713 3758 septenarius
1737 3680 1816 3736 inea

100 3769 220 3838 quanto
235 3771 264 3823 et
287 3767 473 3826 manilestius
497 3771 656 3828 innotescit
678 3770 762 3844 quod
785 3769 824 3826 ad
839 3769 931 3825 linem
987 3775 1199 3848 perlectusest,
1215 3773 1515 3846 quiaomnebouum
1535 3787 1613 3846 opus
1629 3773 1745 3843 septem
1760 3767 1817 3823 vll·-

100 3855 259 3927 praesentis
273 3858 341 3914 vita
357 3857 559 3933 temporalitas
575 3865 705 3931 urgetur.
722 3858 933 3915 Pradioatores
988 3861 1100 3921 tutibus
1114 3863 1221 3932 agitur,
1233 3867 1265 3917 ut
1289 3867 1316 3918 et
1331 3861 1390 3918 lide
1406 3861 1495 3916 simul
1514 3863 1542 3916 et
1556 3875 1647 3934 opere
1660 3867 1818 3914 consume-

100 3961 240 4020 namque
255 3953 366 4005 sanctae
382 3938 737 4007 Ecclesiae'benediclione
753 3947 842 4022 primi
858 3953 932 4005 tem
988 3957 1044 4008 tur.
1061 3951 1204 4008 hananias
1220 3967 1343 4025 quoque
1358 3951 1388 4006 in
1400 3965 1436 4006 ea
1449 3949 1599 4022 perlectus
1613 3949 1667 4014 est,
1683 3946 1755 4018 quia
1768 3944 1816 3999 lex

101 4035 188 4108 poris
203 4035 358 4094 Psalmista
372 4037 459 4095 ditari
483 4043 689 4112 conspexerat,
706 4052 776 4095 cum
790 4037 909 4094 dicebat
924 4053 931 4093 τ
988 4041 1018 4096 in
1033 4041 1138 4096 decem
1153 4043 1304 4112 praecepta
1319 4038 1518 4106 concluditur,
1541 4035 1701 4106 omnisque
1727 4031 1817 4104 eulpa

102 4147 116 4174 a
134 4125 244 4182 Adhuc
259 4125 539 4200 multiplicabuntur
553 4125 584 4184 in
599 4131 718 4184 senecta
729 4127 824 4183 uberi.
837 4129 870 4182 Et
884 4125 935 4183 be·
987 4143 1049 4186 non
1063 4127 1194 4201 amplius
1220 4141 1313 4202 quam
1335 4143 1389 4200 per
1410 4127 1514 4183 decem
1538 4124 1632 4181 verba
1649 4119 1816 4189 cohibetur,

101 4213 296 4290 neplacentes
323 4221 409 4274 erunt
433 4221 465 4273 ut
491 4216 668 4274 annuntient
695 4217 790 4286 (Psoi.
816 4227 932 4287 nami,
989 4223 1078 4294 atque
1091 4221 1232 4275 narrante
1245 4217 1369 4274 veritate
1385 4215 1556 4288 (Moithxx,
1575 4217 1630 4284 to),
1644 4213 1816 4287 operatores

100 4307 161 4376 20).
174 4327 188 4354 »
204 4306 363 4378 Sequitur:
951 4305 1082 4418 „vinea
1095 4304 1219 4364 denario
1244 4307 1482 4363 remunerantur.
1501 4309 1534 4361 ln
1560 4301 1686 4360 denario
1703 4299 1817 4375 quippe

137 4395 225 4451 vens.
243 4393 437 4465 theitfrido
462 4402 531 4454 sunt
547 4395 573 4453 ei
593 4395 819 4468 quatuordecim
835 4395 934 4453 rntltr'c
989 4395 1044 4454 tria
1054 4397 1223 4470 junguntur
1237 4401 1265 4452 et
1278 4399 1403 4468 septem.
1419 4395 1634 4458 liomoautem,
1644 4391 1696 4466 qui
1707 4405 1744 4447 ex
1754 4389 1817 4446 ani·

100 4483 215 4554 ouium,
242 4489 268 4542 cl
297 4497 351 4543 see
374 4487 473 4544 millio
500 4487 691 4553 camelorum,
713 4489 742 4543 ct
763 4487 933 4558 mittejaqo
989 4498 1040 4543 ma
1054 4487 1171 4543 constat
1184 4494 1213 4542 et
1226 4483 1400 4558 corporale
1415 4473 1734 4556 septemqualitatibus
1748 4491 1818 4536 con·

103 4574 203 4636 terini,
218 4579 246 4631 ct
259 4575 344 4632 mitte
357 4575 458 4633 asina.
471 4575 512 4633 Et
529 4577 656 4646 morant
669 4575 813 4645 etseprem
832 4575 933 4646 sititet
989 4573 1106 4632 linatur.
1119 4577 1195 4631 liam
1211 4573 1306 4630 trihus
1319 4571 1496 4646 specialiter,
1512 4575 1540 4628 et
1564 4573 1695 4642 quatuor
1708 4581 1816 4640 corpo·

97 4657 255 4732 tractitia.
268 4695 302 4703 -
314 4663 388 4719 Cum
402 4667 509 4720 cuncta
521 4662 674 4720 beatoiob
689 4662 843 4737 duplicata
854 4669 932 4732 sunt,
989 4663 1090 4720 naliter
1102 4663 1192 4736 viget.
1211 4661 1269 4719 Sed
1278 4661 1371 4717 homo
1384 4660 1509 4716 denario
1520 4653 1816 4727 remuneratur,qula

103 4763 159 4806 eur
173 4749 225 4808 tilii
241 4751 364 4808 tolidem
378 4753 575 4823 suntredditl,
591 4755 665 4824 quot
679 4751 783 4809 amissi
799 4753 812 4808 ‘2
834 4751 890 4809 Sed
906 4755 934 4808 et
989 4754 1019 4810 in
1032 4753 1081 4810 ille
1096 4747 1276 4826 perfectione
1292 4763 1430 4822 supernae
1458 4749 1561 4822 patries
1582 4749 1696 4820 septem
1711 4747 1817 4801 nostre

104 4837 183 4895 illios
210 4839 367 4914 dupliciter
388 4838 513 4912 addidit,
528 4855 598 4897 eum
613 4841 718 4898 decem
740 4839 934 4914 postmodum
989 4841 1030 4899 ad
1044 4843 1097 4898 tria
1110 4843 1279 4913 junguntur·
1293 4843 1413 4904 aeterno,
1430 4842 1463 4894 ut
1476 4835 1568 4892 homo
1588 4831 1816 4908 contemplatio·

103 4929 136 4984 in
152 4941 242 4986 carne
252 4929 386 4988 restituit.
403 4933 510 4988 liccem
524 4945 596 4988 vero
611 4931 663 5004 qui
679 4929 782 4988 amissi
806 4929 933 5002 inerant,
989 4943 1059 4988 nem
1087 4927 1233 4986 Trinitatis
1246 4927 1382 5001 accipiat,
1403 4925 1452 4984 vel
1466 4927 1543 4984 certe
1559 4929 1673 5000 septem
1693 4924 1815 4980 virtutes

102 5019 135 5073 in
147 5019 264 5076 occulta
278 5019 449 5077 animarum
463 5021 525 5078 vita
539 5021 675 5076 servavit.
693 5023 855 5076 Possumus
880 5032 935 5076 au·
990 5017 1069 5086 sunl,
1086 5015 1196 5090 quihus
1211 5018 1241 5072 in
1257 5015 1387 5090 haesita
1402 5014 1565 5083 laboratur,
1582 5015 1717 5087 dumque
1729 5013 1771 5070 eis
1784 5011 1816 5067 lu

103 5111 166 5162 tem
192 5105 223 5165 ln
264 5109 310 5166 bis
346 5109 528 5168 animalibus
566 5113 779 5179 aggregatam·
798 5107 934 5164 fidelium
989 5105 1230 5162 remuneratione
1251 5103 1464 5178 contemplatio
1492 5102 1639 5161 Trinitatis
1667 5100 1815 5162 redditor,

102 5195 329 5255 universitatem
366 5197 537 5269 intelligere.
576 5198 648 5254 ilinc
686 5197 831 5268 scriptum
859 5199 933 5254 est:
988 5195 1049 5252 vita
1063 5193 1266 5251 laborantium
1281 5193 1407 5251 denario
1423 5197 1640 5250 remuneratur.
1668 5189 1726 5246 Sed
1746 5201 1815 5260 per·

104 5305 118 5330 ι
135 5287 244 5343 Omnia
260 5288 412 5360 subjecisti
427 5287 483 5344 sub
505 5287 634 5362 pedihus
649 5287 724 5358 ejus,
740 5307 754 5336 »
778 5286 934 5359 etreliqua
988 5283 1084 5340 fectus
1098 5281 1227 5356 quisque
1239 5282 1270 5339 in
1280 5283 1338 5339 hac
1350 5282 1439 5339 eliam
1453 5282 1511 5338 vita
1524 5279 1682 5336 denarium
1696 5273 1814 5347 accipit,

103 5375 201 5442 (Psot.
216 5393 272 5444 vsu,
289 5379 315 5449 8)
338 5381 366 5433 et
380 5393 500 5433 rursum
527 5395 534 5434 :
552 5400 566 5427 «
582 5375 731 5433 Animalia
751 5378 802 5432 tua
816 5375 933 5434 babita-
989 5375 1063 5432 dum
1078 5372 1190 5430 eisdem
1206 5377 1321 5446 septem
1336 5372 1503 5438 virtutihus,
1514 5369 1615 5437 fidem,
1641 5381 1727 5438 spem
1742 5364 1815 5421 cha-

102 5461 184 5519 buut
195 5463 225 5520 iu
240 5480 276 5521 ea
290 5465 385 5536 (Psoi.
411 5481 493 5535 nxvu,
525 5470 612 5532 ltu>
637 5467 845 5535 Agnoscamus
863 5478 934 5532 ergo
987 5463 1165 5536 ritatemque
1178 5462 1342 5536 conjungit.
1356 5460 1533 5519 llillenarins
1556 5471 1688 5529 namque
1703 5455 1816 5530 perlec-

101 5551 135 5608 in
150 5553 258 5610 oribus
270 5553 373 5611 fideles
386 5560 474 5629 atque
503 5555 678 5612 innoeentes
704 5569 740 5609 en
754 5555 767 5608 J
772 5551 857 5608 udrea
875 5567 932 5625 po·
988 5557 1036 5608 tus
1051 5557 1105 5620 est,
1121 5551 1193 5624 quia
1205 5551 1404 5624 appellatione
1419 5549 1483 5619 ejns
1492 5545 1667 5602 universitas
1675 5545 1815 5618 designa·

102 5641 207 5720 pulos,
217 5643 292 5721 legis
306 5643 425 5708 dudum
438 5645 559 5734 pascuis
588 5645 726 5704 sociatos.
752 5647 784 5704 lu
810 5641 933 5702 camelis
988 5646 1047 5700 tur.
1073 5640 1156 5699 Unde
1180 5640 1383 5718 scriptumest
1399 5654 1405 5696 :
1420 5659 1435 5688 κ
1450 5635 1537 5695 verbi
1561 5635 1644 5712 quod
1658 5633 1816 5697 mandarit
