4120 6154
218 125 270 179 363
746 113 774 172 S.
796 114 923 171 obortis
942 108 1093 168 saneris
1115 111 1366 171 OLUNIACENSIS
1385 113 1407 168 ll
1877 117 1934 174 304

216 241 350 300 tiantiem
360 253 480 296 servare
493 236 680 311 contempsit,
702 235 844 293 socialem
856 235 947 292 vitem
961 235 1046 292 citius
1064 239 1086 290 A
1102 246 1169 289 rum
1178 234 1366 292 extremailia
1375 241 1591 309 properatque
1600 235 1774 293 universnm
1781 235 1935 296 mundum

216 347 271 406 per
284 327 500 403 impetiendam
523 326 644 384 deserit.
670 325 848 397 ajunctura
869 323 979 381 etenim
993 324 1047 380 hu·
1102 323 1227 380 subruat
1235 327 1395 398 tempestas
1408 327 1591 381 auiincrum.
1607 329 1690 381 Nune
1705 327 1784 382 enim
1800 325 1885 383 bellis
1903 333 1935 384 et

215 435 318 477 merus
329 416 418 485 cadit,
431 431 501 474 eum
512 415 700 474 adversitatis
710 413 825 487 aliquid
839 413 913 470 terre
927 412 1047 470 animus
1101 412 1247 481 cladibus,
1255 414 1341 488 quasi
1353 415 1538 487 quibusdam
1547 415 1635 470 undis
1646 431 1703 472 sua
1712 415 1799 472 nobis
1808 416 1935 473 exordia

92 573 96 582 ¹
214 523 277 566 nou
300 507 415 576 valens,
429 505 594 566 fraternam
620 503 816 564 concordiam
844 502 1002 576 relinquit:
1019 506 1047 559 et
1101 501 1240 574 ostendit,
1254 507 1282 560 et
1297 509 1413 576 quanto
1428 503 1468 560 ad
1484 504 1575 560 finem
1589 503 1722 576 quotidie
1736 505 1935 580 propinquio-

214 597 304 672 quesi
318 596 491 654 membrum
505 598 702 667 *separatura
723 608 858 666 corpore,
873 607 942 648 cum
954 592 980 649 is
994 592 1047 666 qui
1101 605 1147 647 res
1158 589 1315 664 efficimur,
1330 596 1412 648 tanto
1427 592 1566 664 graviora
1579 591 1690 649 irruere
1705 591 1934 650 tribulationum

214 687 333 762 operari
347 687 429 744 bona
443 688 571 759 poterat,
582 699 601 742 a
614 683 766 742 bonorum
781 682 917 738 omnium
930 681 1047 738 abscin-
1100 677 1255 736 volumina
1268 678 1417 736 videmus.
1434 679 1479 735 Ad
1499 686 1665 736 extremum
1686 695 1758 737 vero
1771 681 1934 738 commotis

214 776 294 834 ditur
307 773 508 833 universitate.
535 776 636 846 Neque
663 771 743 828 enim
772 785 910 843 unquem
937 770 1047 827 servari
1101 767 1253 824 sternentis
1264 768 1408 824 omnibus
1419 783 1568 841 supernus
1581 769 1675 842 judex
1688 769 1821 838 veniens,
1838 770 1935 827 finem

215 864 387 934 concordia,
404 862 463 920 nisi
477 877 531 937 per
544 861 640 918 solam
651 860 837 934 patientiam,
858 859 944 915 valet.
961 861 1046 915 Recte
1100 856 1238 912 omnium
1264 861 1412 930 apportat,
1428 859 1500 930 quie
1527 857 1662 915 videlicet
1685 865 1756 914 tunc
1771 861 1937 933 tempestas

214 957 317 1012 autem
330 953 456 1010 humero
471 951 596 1009 cadente
610 949 820 1022 subjungitur:
835 951 875 1005 Et
891 949 1045 1006 brachium
1098 945 1207 1003 fluctus
1217 947 1249 1004 in
1263 945 1361 1004 lucem
1390 947 1477 1004 levat.
1495 933 1585 1004 Unde
1603 951 1632 1004 ei
1644 947 1768 1004 dicitur:
1787 969 1797 1000 ι
1819 947 1931 1005 Adhuc

213 1057 392 1100 neamenim
411 1043 469 1099 suis
484 1042 597 1099 ossibus
610 1044 795 1098 conteratur.
812 1040 890 1104 Quia
904 1037 1046 1094 nimirum
1100 1034 1265 1104 modicum,
1284 1039 1312 1091 et
1327 1051 1384 1106 ego
1398 1035 1527 1091 movebo
1541 1051 1602 1092 non
1617 1036 1714 1092 solum
1740 1041 1861 1106 terram,
1878 1037 1934 1094 sed

215 1135 324 1188 cuncta
338 1135 441 1189 nostra
454 1129 588 1204 operatio
618 1143 687 1184 cum
703 1125 888 1200 quibuslibet
909 1125 1047 1182 videatur
1100 1123 1190 1180 etiam
1202 1124 1312 1180 eoelum
1334 1125 1423 1196 (App.
1440 1139 1469 1192 u,
1481 1125 1518 1196 7).
1537 1147 1551 1176 c
1575 1127 1672 1194 Quam
1691 1125 1800 1182 scilicet
1815 1131 1932 1200 tempe-

215 1235 280 1276 esse
292 1219 460 1283 virtutibus,
476 1219 612 1287 solvitur,
633 1217 691 1274 nisi
706 1233 760 1292 per
774 1215 926 1274 charitatis
940 1215 1044 1271 vincu·
1100 1217 1206 1269 statem
1221 1213 1273 1286 qui
1290 1213 1386 1271 suncti
1402 1213 1456 1269 viri
1482 1213 1636 1284 vigilantes
1661 1213 1818 1287 aspiciunt,
1844 1215 1933 1290 quasi

213 1308 278 1366 lum
289 1309 442 1382 patientia]
452 1312 657 1366 conservetur.
679 1309 739 1364 Sua
752 1305 832 1363 enim
853 1305 936 1363 bona
948 1303 1045 1377 perdit
1099 1305 1248 1360 tumentes
1262 1311 1391 1376 superse
1403 1303 1653 1378 quotidietlnctus
1664 1307 1879 1384 expavescunt,
1891 1309 1935 1360 at-

215 1413 307 1472 cpere
321 1399 374 1472 qui
386 1397 485 1456 aliena
510 1397 591 1456 mala
606 1400 705 1454 renuit
722 1395 846 1468 perpeti.
864 1394 922 1452 Sed
950 1392 1045 1450 sancti
1099 1405 1158 1464 que
1170 1407 1206 1448 ex
1220 1391 1268 1448 his
1292 1391 1536 1450 tribulationibus
1559 1409 1627 1467 qnae
1642 1393 1791 1449 mundum
1813 1393 1933 1462 sedunt,

214 1486 271 1542 viri
282 1487 427 1543 humerus
441 1501 459 1542 a
472 1487 615 1558 junctura
630 1499 685 1542 sua
697 1499 759 1542 nou
776 1481 864 1550 cadit,
877 1482 948 1555 quia
963 1481 1044 1538 vide·
1099 1480 1346 1555 providentque
1368 1487 1542 1555 sequautur.
1572 1483 1729 1556 Sequitur:
1758 1483 1798 1538 Et
1810 1484 1932 1553 pondus

214 1575 283 1633 licet
293 1577 358 1646 ejus
369 1573 487 1632 dilectio
502 1590 521 1631 a
537 1573 655 1630 socialis
667 1574 733 1632 vitre
748 1571 910 1629 concordia
922 1585 976 1645 per
987 1571 1044 1628 tm·
1058 1583 1080 1640 Β
1098 1571 1162 1641 ejvs
1173 1571 1256 1641 ferre
1266 1585 1326 1628 noc
1332 1573 1427 1642 potui.
1436 1605 1470 1612 -
1479 1571 1554 1638 Quia
1567 1571 1780 1646 cumsuperbae
1789 1573 1933 1644 majesta·

215 1665 391 1738 patientiam
405 1677 468 1721 non
480 1664 601 1732 recedit,
612 1664 737 1736 eiusque
752 1661 910 1719 brachium
921 1661 1044 1718 minime
1097 1659 1134 1716 tis
1149 1658 1211 1716 vim
1219 1658 1413 1732 adjudicium
1421 1660 1566 1716 venientis
1572 1665 1775 1734 terroremque
1783 1659 1933 1717 tantiena-

216 1752 372 1826 frangitur,
381 1753 454 1827 quia
464 1753 529 1826 slus
539 1752 639 1810 omnis
647 1752 780 1826 operatio
793 1752 823 1808 in
835 1751 1045 1823 conjunctione
1097 1747 1188 1806 minis
1197 1749 1416 1807 considerando
1428 1750 1547 1806 animus
1558 1755 1683 1806 conatur
1691 1750 1933 1823 exquireremus

215 1841 345 1911 humeri,
369 1841 471 1910 idest,
486 1841 518 1898 tn
540 1841 692 1898 charitatis
714 1839 901 1898 connexione
915 1840 1046 1898 eustodi—
1098 1837 1138 1896 ed
1153 1838 1348 1911 semetipsum
1363 1839 1524 1910 robigiena
1540 1853 1604 1895 sese
1618 1839 1789 1913 expavescit
1801 1839 1931 1896 invenis

216 1935 273 1988 tur.
287 1931 424 2005 Sequitur
439 1949 446 1988 :
1098 1943 1140 1984 se.
1157 1925 1214 1984 Sed
1224 1927 1300 1984 inter
1314 1927 1378 1984 haec
1393 1927 1584 2000 pensandum
1609 1932 1653 1984 est
1665 1928 1736 2002 quia
1750 1927 1856 1984 beatus
1869 1927 1928 1984 tob

253 2023 338 2078 Vane.
354 2025 399 2078 23.
414 2023 536 2091 cespes
551 2021 629 2078 enim
639 2020 728 2092 quusi
741 2024 885 2077 tumentes
899 2033 1045 2090 superma
1098 2015 1155 2072 ista
1169 2015 1207 2072 de
1223 2015 1406 2090 seloquitur,
1421 2015 1563 2073 laudatus
1579 2021 1608 2072 et
1631 2015 1808 2088 flagellatus.
1827 2015 1856 2074 Si
1871 2015 1928 2086 igl-

215 2112 326 2181 eureus
341 2111 431 2167 timus·
442 2111 546 2168 Decem
562 2139 598 2150 -
617 2112 766 2182 Apavore
776 2113 864 2166 tentes
879 2107 1047 2165 similitudi-
1098 2108 1146 2162 tur
1161 2105 1392 2163 admoniturum
1406 2103 1625 2180 profectomita
1640 2121 1801 2180 percussus
1814 2111 1859 2162 est
1872 2105 1925 2180 qui

215 2199 263 2256 nis
273 2209 446 2272 pensemus,
460 2197 484 2254 si
496 2197 659 2272 possimus,
673 2201 805 2271 quantus
819 2197 850 2252 in
864 2200 968 2254 sancto
983 2196 1045 2254 viro
1099 2193 1142 2250 sic
1156 2194 1255 2250 timuit
1269 2195 1425 2268 quomodo
1444 2193 1595 2250 leriendus
1608 2199 1653 2252 est
1676 2193 1728 2268 qui
1741 2194 1929 2252 contemnitr

215 2287 413 2347 timoriuerit.
444 2283 562 2344 Fluctus
587 2285 668 2343 enim
683 2301 754 2342 cum
777 2289 902 2356 tument,
916 2285 1047 2358 desuper
1099 2283 1258 2350 Quomodo
1272 2283 1452 2359 depressura
1480 2287 1549 2340 sunt
1565 2284 1614 2340 Dei
1638 2282 1931 2358 judictaecsquise

215 2375 390 2446 imminent:
406 2391 538 2448 cumque
553 2391 621 2432 eam
644 2389 738 2448 quam
753 2374 891 2430 deterunt
918 2377 1045 2431 mortem
1099 2371 1391 2442 elevant,sieti110s
1407 2373 1447 2430 ad
1471 2377 1590 2446 tempus
1612 2372 1785 2447 deprimunt
1799 2374 1851 2448 qui
1865 2373 1931 2429 haec

216 2465 378 2532 minentur,
408 2465 491 2520 nulia
515 2468 587 2520 tuno
610 2462 823 2532 navigantibus
849 2477 1046 2518 curararum
1100 2461 1262 2535 semperin
1276 2461 1444 2518 humilitate
1472 2461 1658 2519 formidanti
1682 2463 1839 2530 Quomodo
1855 2477 1930 2536 pon-

214 2553 437 2626 temporeiium,
452 2552 536 2609 nulla
554 2552 652 2608 carnis
670 2551 826 2608 delectatio
851 2551 889 2607 ad
912 2554 1046 2608 mentem
1099 2549 1157 2607 dns
1172 2550 1223 2607 liei
1238 2549 1345 2625 poterit
1356 2551 1443 2624 ferre,
1456 2551 1508 2626 qni
1523 2551 1658 2628 despicit,
1684 2552 1710 2607 si
1728 2551 1786 2608 hcc
1801 2550 1885 2608 etille
1899 2552 1931 2607 in

216 2641 380 2698 reducitur.
398 2643 439 2697 Ea
461 2639 527 2714 ipse
542 2653 664 2714 quoquc
677 2653 714 2696 ex
726 2639 796 2696 nevi
812 2639 981 2712 projiciunt,
990 2655 1045 2713 pro
1098 2640 1222 2698 verbere
1236 2641 1364 2716 pertulit,
1380 2641 1432 2716 qui
1445 2657 1500 2715 per
1514 2641 1653 2698 timorem
1667 2639 1829 2716 praevidit?
1847 2639 1931 2700 Unde

217 2727 435 2801 quibusionga
459 2727 581 2800 navigia
596 2731 800 2801 sumpserunt,
822 2733 936 2785 cunctae
955 2729 1046 2784 resin
1100 2745 1293 2804 summopere
1322 2729 1549 2788 formidandum
1576 2730 1664 2788 uobis
1690 2735 1734 2787 est
1748 2729 1823 2787 iliud
1837 2733 1930 2787 tantae

219 2815 396 2892 despectum
410 2816 519 2874 munds
535 2815 668 2890 veniunt,
694 2831 796 2873 amore
812 2816 939 2874 vivendi.
954 2817 1047 2886 Quasi
1100 2817 1293 2876 districtionis
1308 2835 1446 2878 examen.
1475 2821 1597 2878 Constat
1623 2823 1724 2878 autem
1742 2817 1815 2894 quia
1827 2822 1859 2875 in
1873 2817 1931 2876 bac

217 2921 289 2978 ergo
306 2913 450 2966 tumentes
464 2921 555 2978 snper
580 2921 610 2964 se
620 2907 732 2978 fluctus
748 2909 843 2964 Deum
871 2907 981 2979 tstnutt,
994 2905 1046 2980 qui
1066 2909 1171 2998 evita,
1186 2924 1256 2964 cum
1269 2908 1405 2981 percutit,
1427 2909 1451 2964 si
1480 2907 1704 2982 percussionem
1732 2895 1874 2965 correctlo
1890 2925 1931 2965 se

217 2995 292 3054 dum
315 3011 420 3057 veram
433 2987 523 3054 vitam
548 2995 706 3066 desideret,
722 2996 825 3054 omnia
839 2994 1046 3068 despicitque
1101 2995 1213 3069 quitur,
1227 2995 1385 3070 disciplina
1400 2995 1493 3070 patris
1503 2999 1558 3069 est,
1570 3008 1633 3052 non
1645 2997 1689 3052 ira
1698 2995 1827 3070 judicis,
1843 3011 1931 3053 amor

217 3083 266 3142 hic
279 3085 441 3159 possidens
455 3089 563 3160 portat.
579 3087 629 3141 Est
642 3099 712 3142 vero
727 3084 819 3152 aliud,
833 3083 916 3157 qnod
928 3083 966 3140 de
980 3099 1046 3140 ma·
1101 3084 1274 3155 corrigentis
1291 3090 1344 3158 est,
1372 3101 1434 3142 non
1449 3085 1590 3142 districtio
1614 3085 1774 3159 punientis.
1800 3087 1842 3142 lix
1863 3085 1930 3159 ipso

217 3173 260 3229 ris
286 3175 488 3234 concussione
513 3173 621 3234 debeat
636 3173 758 3228 solerter
777 3172 893 3228 intueri.
907 3175 1046 3245 Tempes-
1101 3187 1172 3242 ergo
1200 3173 1338 3245 praesenti
1356 3172 1478 3229 verbere
1499 3169 1614 3245 judicia
1637 3177 1746 3230 eterna
1774 3172 1932 3248 pensanda

218 3264 264 3317 tes
274 3261 387 3334 quippe
399 3275 468 3316 cum
483 3261 618 3328 moritur,
634 3259 718 3333 prins
728 3260 808 3317 laves
823 3259 955 3326 undeet
968 3264 1047 3333 post·
1101 3267 1182 3318 sunt.
1193 3261 1266 3318 Hinc
1278 3261 1358 3319 enim
1368 3261 1553 3340 perpendere
1567 3275 1761 3336 summopere
1773 3261 1931 3330 debemus,

217 3347 345 3410 modum
363 3345 520 3408 volumina
544 3347 662 3420 maiora
677 3347 874 3405 wodanem.
895 3347 941 3404 Ad
953 3351 1047 3404 extre
1100 3349 1256 3423 quomodo
1268 3349 1380 3408 teratur
1393 3351 1445 3408 illa
1459 3366 1528 3424 quae
1543 3349 1693 3426 reprobat,
1710 3351 1735 3407 si
1757 3349 1826 3408 ferri
1841 3351 1933 3408 modo

218 3453 314 3506 mum,
329 3437 440 3494 fluctus
452 3451 520 3494 sese
546 3436 577 3493 in
589 3435 650 3494 elta
675 3436 803 3506 angunt
817 3440 846 3494 ct
872 3437 1046 3508 carmentes
1104 3437 1153 3496 vix
1162 3437 1244 3496 vaiet
1257 3439 1324 3513 ejus
1335 3439 1380 3498 ina
1394 3455 1463 3514 ques
1477 3445 1596 3516 purgat.

216 3539 356 3600 quosque
370 3525 440 3598 ipsa
454 3539 510 3583 sua
522 3523 677 3586 drudus
691 3525 876 3583 subvertunt.
895 3526 942 3583 Sic
956 3525 1045 3583 nimi·

1528 3695 1913 3722 Ἥ“Μ

649 3843 821 3934 LIBER
863 3845 1161 3936 VICESIMUS
1199 3849 1500 3939 SECUNDUS.

258 4161 342 4217 vsvs.
358 4159 404 4216 24.
419 4160 451 4215 ss·
461 4159 572 4230 potuve·
585 4171 694 4216 cumo:
708 4158 803 4214 ectus·
821 4173 919 4216 meum
934 4163 962 4216 et
976 4157 1052 4215 otri
1067 4159 1090 4213 D
1104 4161 1169 4215 tum
1197 4173 1305 4218 aurum
1331 4162 1511 4236 supponitur
1531 4165 1564 4221 ut
1590 4177 1781 4239 gemmarum
1806 4163 1936 4238 desuper

222 4263 289 4304 sum
304 4247 371 4304 diet
391 4247 534 4317 fiduciam
557 4261 664 4304 mecm.
691 4277 727 4288 -
750 4245 890 4303 obrizum
912 4245 1049 4315 dicimus,
1105 4247 1379 4324 ordodisponatur,
1404 4251 1446 4310 ita
1461 4251 1541 4310 clera
1565 4257 1739 4310 sanctorum
1753 4250 1877 4322 ingenia
1890 4249 1936 4308 di·

221 4334 340 4392 obrude
353 4349 472 4392 eurum
496 4335 623 4392 Sanetus
636 4347 707 4405 ergit
735 4333 780 4391 vir
800 4349 857 4391 nec
882 4351 991 4392 eurum
1006 4351 1052 4392 ro
1104 4337 1182 4394 vinis
1195 4339 1374 4397 muneribus
1402 4340 1555 4398 humiliter
1570 4341 1812 4414 substernuntur,
1839 4345 1868 4398 et
1889 4340 1936 4398 di·

223 4421 282 4482 bur
295 4423 352 4482 sibi
366 4439 442 4493 esse,
458 4423 489 4480 id
503 4427 557 4492 est,
571 4421 678 4479 rudem
695 4422 760 4479 euri
774 4423 886 4480 molem
907 4424 1051 4481 fiduciam
1106 4426 1214 4484 stincta
1227 4443 1317 4504 super
1332 4445 1362 4486 se
1373 4429 1537 4502 mederum
1550 4429 1632 4488 dona
1646 4429 1825 4506 percipiunt,
1837 4434 1866 4488 et
1877 4429 1936 4486 nisi

225 4512 359 4586 credidit,
374 4514 446 4587 quta
460 4527 546 4588 spem
560 4515 650 4585 atque
672 4511 898 4570 detentationem
918 4513 1052 4570 suumin
1106 4517 1180 4590 quid
1204 4517 1299 4576 simile
1314 4535 1422 4577 aurum
1448 4535 1517 4577 cum
1537 4521 1684 4598 sapientia
1711 4519 1846 4588 heberet,
1871 4520 1937 4596 qni-

224 4602 317 4660 solius
332 4603 428 4674 gratia
442 4600 608 4658 conditoris
631 4600 739 4673 figens,
761 4615 860 4675 neque
875 4601 913 4658 de
936 4602 1053 4676 quanti·
1106 4605 1178 4663 dam
1208 4608 1329 4682 sapiens
1353 4609 1477 4668 minime
1492 4609 1634 4668 dixisset:
1663 4607 1845 4686 «Sapientia
1869 4607 1938 4666 abs-

224 4697 284 4750 tete
299 4693 374 4762 auri,
389 4707 489 4766 neque
503 4690 541 4748 dc
568 4690 667 4764 specie
691 4691 834 4764 peccavit.
852 4693 892 4747 lie
916 4693 1053 4749 creatore
1107 4709 1200 4752 consa
1213 4699 1242 4753 et
1265 4697 1423 4755 thesaurus
1451 4697 1579 4768 invisus,
1604 4713 1673 4774 quae
1697 4699 1808 4758 utilitas
1823 4697 1938 4759 inutri-

224 4783 338 4856 quippe
349 4783 524 4856 desperasse
539 4779 645 4854 meret,
661 4780 784 4855 sispem
805 4781 836 4836 in
851 4784 987 4840 creatura
1000 4798 1054 4856 pc
1107 4785 1228 4858 squeri
1246 4785 1351 4854 (dccli.
1366 4803 1413 4859 xx,
1429 4787 1484 4862 32).
1512 4789 1554 4845 Ac
1580 4788 1606 4846 sl
1624 4793 1726 4864 aperte
1750 4788 1880 4846 fateatur
1892 4787 1938 4844 di·

225 4870 342 4928 suisset.
358 4873 543 4929 Annscource.
560 4869 638 4938 Quid
651 4870 709 4927 hoc
720 4870 752 4926 in
764 4869 831 4927 icco
846 4871 964 4929 'aarum
979 4873 1053 4930 acci·
1107 4889 1178 4931 cens
1189 4891 1195 4930 :
1208 4875 1268 4932 Nec
1281 4891 1350 4952 que
1365 4877 1508 4938 veraciter
1521 4877 1661 4950 intellexi,
1673 4893 1742 4936 mec
1755 4877 1878 4950 ingenio
1891 4877 1940 4936 tri·

225 4959 337 5035 pimus,
363 4960 423 5018 nisi
437 4959 572 5034 praeclari
592 4957 759 5017 iubilemus
784 4959 950 5033 ingenium.
976 4961 1053 5029 Quid
1106 4963 1169 5033 bui,
1184 4977 1240 5022 nec
1267 4967 1358 5024 menti
1373 4967 1502 5045 propriae
1530 4969 1631 5044 siqua
1659 4983 1755 5040 egisse
1781 4983 1831 5026 me
1855 4967 1940 5026 bona

225 5050 362 5108 obrizum
375 5049 432 5106 nisi
445 5051 602 5108 mentem?
622 5047 675 5122 qui
696 5047 771 5106 dum
792 5049 862 5120 igne
878 5051 989 5108 amoris
1004 5067 1053 5109 ex·
1108 5053 1239 5128 contigit,
1270 5069 1325 5113 nec
1349 5057 1548 5131 principalem
1577 5057 1730 5132 deputavi.
1763 5057 1819 5126 Qui
1837 5057 1941 5116 adhuc

226 5140 374 5215 coquitur,
388 5139 551 5214 semperin
566 5154 598 5195 se
619 5142 718 5195 servet
741 5137 905 5196 claritatem
925 5139 1054 5214 pulchri·
1108 5143 1246 5202 subtilius
1273 5145 1472 5204 humilitatem
1487 5145 1576 5204 nobis
1600 5147 1646 5204 sui
1672 5146 1771 5204 cordis
1794 5146 1941 5218 insinuat,

227 5231 348 5306 tudinis,
376 5229 554 5306 quotidiana
584 5227 776 5285 innovatione
800 5227 933 5287 fervoris.
960 5230 1054 5287 Nescit
1108 5231 1254 5306 adjungit,
1270 5233 1542 5310 dicens:Sequitur.

193 5397 198 5410 1
228 5322 307 5377 enim
323 5336 477 5396 meusper
491 5323 642 5392 torporem
663 5321 855 5391 veterascere,
871 5335 938 5392 quae
955 5319 1054 5375 studet
1141 5323 1941 5396 versasseietotcssumsupermalu'sdictrinmets

227 5425 281 5483 per
293 5409 475 5466 desiderium
503 5423 622 5480 semper
648 5407 800 5464 inchoare.
826 5407 899 5463 ilinc
921 5423 1053 5481 namque
1107 5411 1942 5486 etquiopturimorepottmcncsmec—Sancttqmppe

227 5513 282 5573 per
294 5499 417 5556 Paulum
433 5498 555 5555 dicitur:
586 5519 600 5549 e
617 5496 812 5554 Renovamini
827 5496 931 5571 spiritu
946 5498 1053 5553 mentis
1106 5497 1161 5554 viri
1182 5497 1212 5553 in
1230 5499 1295 5570 ejus
1317 5499 1565 5573 peregrinationis
1589 5519 1736 5576 aerrrmua,
1750 5501 1941 5576 omniaque:

227 5591 333 5647 vestrae
344 5587 465 5661 (debes.
480 5601 520 5662 iv,
534 5586 588 5660 23).
615 5609 630 5637 r
647 5585 727 5644 Sicut
748 5585 829 5642 enim
847 5585 878 5642 tn
894 5597 1052 5644 omamen-
1107 5587 1367 5660 appetuntadbuc
1378 5591 1524 5648 creatoris
1536 5589 1582 5648 sut
1595 5591 1725 5666 spectem
1736 5589 1942 5664 contemplari
