4156 6182
99 136 131 188 ar
158 117 159 122 '
435 141 439 148 -
630 113 1153 184 ructaremus-atomum.
1171 127 1298 182 ononis
1773 135 1810 190 ιι

100 261 254 330 postrema
278 253 370 309 verba
389 251 533 324 expungit
553 250 785 324 Papebrochins‚
802 246 931 321 (tametsi
946 248 968 299 Α
982 245 1058 300 inter
1073 248 1284 320 proprietarios
1298 250 1431 322 deputat,
1450 275 1463 302 ιι
1479 252 1531 326 qui
1545 253 1582 309 de
1603 253 1731 328 propriis
1756 255 1812 311 cis·

101 347 242 416 leguntur
257 344 287 398 in
308 347 417 399 tiracol
435 357 471 396 ue
493 341 634 412 cuiquam
656 338 837 396 offendiculo
862 337 929 392 sint.
984 333 1279 420 tellissumptuosum
1291 337 1331 393 ad
1351 340 1493 410 mysteria
1512 343 1684 414 peragenda
1702 344 1814 418 produ-

103 438 144 490 Ex
160 433 248 489 simili
269 431 458 504 persuasione
473 430 591 500 'l'rajaui
606 428 708 485 lulurla
729 424 930 501 promanavit,
984 427 1055 478 cunt
1086 431 1276 497 apparatum,
1306 442 1397 500 quem
1431 433 1534 486 contra
1567 434 1814 514 cqnsuetudinem

102 522 140 578 de
153 537 216 594 qua
230 519 294 575 ride
310 518 519 591 llepidannum
534 518 565 573 in
578 518 651 572 aclis
671 521 779 572 saneta
795 514 931 570 Wihora·
985 512 1231 587 sanctionemque
1242 521 1416 573 sanctorum
1428 520 1549 575 Petrum
1557 520 1815 595 deiniquomam-

98 611 150 666 da
165 609 296 664 reclusa
313 613 348 663 At
370 608 459 663 etiam
484 607 508 661 si
531 606 611 661 istud
639 605 811 662 membrum
836 607 931 658 extre·
985 616 1077 657 mona
1091 603 1260 675 acquirunt,
1273 605 1398 678 etquasi
1413 606 1453 662 ad
1465 611 1605 665 ornatum
1620 611 1750 669 eeclesia
1772 629 1819 669 re-

103 715 189 753 mum
214 712 392 766 resecemus,
406 700 507 751 manet
520 699 619 750 lamen
642 711 709 750 eam
728 690 933 766 quorumdam
985 687 1090 757 licturi,
1104 692 1200 746 securi
1215 694 1380 765 possident,
1393 717 1407 744 »
1422 694 1512 751 inlib.
1524 711 1552 764 n,
1565 712 1631 769 cap.
1644 702 1687 754 at.
1699 702 1732 755 ut
1746 717 1817 774 pro-

105 787 195 859 luisse
209 786 447 858 persuasionem,
464 799 503 840 au
527 800 669 853 errorem,
685 783 836 838 damnatis
862 795 935 852 quo
986 777 1195 850 prietarlorum
1203 782 1326 853 objectis
1334 785 1521 857 respondens
1531 785 1562 842 in
1573 803 1639 859 cap.
1649 791 1692 844 36.
1710 789 1764 845 «Si
1778 791 1817 846 ob

15 867 17 932 l
104 891 165 946 quo
180 874 300 929 tandem
316 875 408 928 modo
430 889 537 946 panas
552 877 679 928 aternas
704 887 792 944 posse
807 869 869 926 fieri
893 867 934 924 le·
987 865 1210 937 negligentiam,
1224 893 1237 919 ι
1249 872 1355 944 inquit,
1372 895 1385 922 α
1404 875 1634 946 prapositorum
1654 876 1818 933 solummo-

106 965 211 1020 viores.
242 964 354 1018 Verum
392 963 541 1034 quidquid
575 963 612 1017 sit
637 963 674 1016 de
702 961 752 1016 illa
783 960 934 1032 opinione,
988 954 1148 1022 daemon
1163 959 1260 1027 magis
1275 960 1314 1015 ob
1330 961 1502 1034 cupidinem
1519 980 1606 1020 suam
1621 966 1744 1038 propria
1763 967 1818 1022 ha-

15 1121 16 1126 *
105 1068 200 1124 quam
229 1051 400 1107 communis
424 1051 513 1106 hodie
540 1049 747 1120 theologorum
772 1063 937 1104 consensus
988 1043 1102 1112 herent,
1119 1061 1181 1101 non
1196 1046 1373 1118 alioseibos‚
1389 1050 1537 1108 nonalias
1553 1037 1821 1126 vestesquam're·

15 1139 16 1178 i
105 1139 248 1212 explodit,
260 1145 374 1194 certum
401 1143 445 1193 est
459 1142 536 1195 recte
550 1137 752 1210 improbatam
769 1152 873 1192 corum
896 1151 936 1191 au
991 1131 1132 1200 gularitet'
1147 1135 1323 1191 constitutas
1337 1144 1559 1208 praesumerent.
1573 1164 1587 1190 r

107 1228 237 1298 daciam,
250 1227 300 1300 qui
310 1243 365 1299 pro
379 1226 564 1300 quibuslibet
573 1223 938 1296 indiscriminatim,etiam
1028 1225 1072 1277 52,
1089 1224 1155 1278 llac
1170 1223 1367 1281 sulliciantad
1381 1226 1651 1286 demonstrandum
1662 1231 1755 1288 sancti
1766 1231 1821 1288 viri

107 1318 138 1372 in
148 1316 273 1372 ferventi
284 1315 416 1371 criminis
432 1321 500 1371 actu
510 1315 646 1381 mortuis,
661 1318 852 1370 sacrosancto
867 1313 938 1368 mis·
992 1309 1125 1366 studium
1136 1311 1166 1366 in
1180 1328 1244 1368 rem
1258 1314 1455 1372 Christianam
1469 1322 1497 1373 ct
1511 1319 1726 1376 monasticam:
1752 1337 1821 1394 quae

15 1407 16 1410 ’
107 1421 147 1461 sa
163 1405 309 1460 sacrificio
321 1409 477 1476 parentare
487 1419 549 1459 non
562 1407 709 1470 verentur,
721 1403 804 1476 quod
814 1403 940 1458 damna·
992 1397 1211 1471 increpationes
1236 1401 1480 1461 utinamnoslro
1502 1406 1591 1462 etiam
1613 1409 1740 1481 tempori
1760 1425 1822 1464 non

108 1493 147 1548 vit
157 1491 317 1548 concilium
327 1491 515 1546 Valentinum
526 1489 692 1546 secundum
704 1505 819 1546 canone
832 1495 941 1546 l2ccn-
994 1489 1193 1556 convenirent,
1210 1490 1240 1546 in
1256 1508 1317 1564 quo
1333 1493 1340 1564 t
1346 1498 1376 1549 ut
1386 1493 1423 1550 de
1441 1496 1590 1551 nonnullis
1606 1498 1764 1554 monachis
1779 1498 1823 1554 lo·

108 1586 153 1638 tra
165 1580 331 1637 duellistas.
344 1580 376 1635 ld
388 1580 425 1636 de
440 1579 594 1653 quibusvis
609 1579 698 1634 etiam
713 1579 864 1636 damnatis
885 1583 941 1634 sta·
961 1577 1081 1654 Bquar)
1092 1578 1278 1649 regularibus
1289 1580 1439 1653 institutis,
1451 1599 1519 1656 quae
1530 1585 1624 1642 sancti
1633 1589 1731 1642 Patres
1741 1591 1824 1644 tanta

109 1671 162 1726 tuit
172 1669 358 1740 Augustinus
373 1669 402 1724 in
425 1669 466 1725 lib
484 1686 531 1724 aar
551 1669 588 1724 de
603 1669 725 1724 Civitatc
736 1669 796 1736 bel,
814 1670 940 1741 capti.
994 1665 1136 1738 religione
1161 1675 1325 1726 sanxerunt
1346 1675 1374 1728 et
1389 1673 1597 1742 observarunt,
1613 1679 1675 1732 tam
1702 1675 1824 1734 modica

110 1781 123 1808 ι
137 1759 248 1814 Eadem
260 1757 360 1830 itaque
369 1773 461 1814 causa
476 1763 531 1822 cst,
547 1773 600 1813 cur
609 1773 672 1813 non
686 1761 786 1813 oretur
802 1761 871 1814 tunc
886 1772 941 1830 pro
994 1755 1098 1826 religio
1112 1756 1304 1832 impenditur.

109 1847 285 1904 hominibus
296 1851 407 1903 aterno
415 1847 477 1918 igni
486 1846 659 1920 puniendis,
671 1862 739 1918 qua
750 1861 844 1902 causa
854 1849 943 1913 estut
1030 1845 1187 1902 Gar.lX.-
1199 1847 1308 1904 Odom's
1315 1851 1464 1921 precipui·
1475 1853 1598 1923 quidam
1613 1854 1768 1925 discipuli.

109 1951 207 2008 neque
222 1951 314 2002 nunc,
326 1951 424 2007 nequa
436 1940 506 1991 tune
520 1939 621 1990 oretur
631 1950 686 2006 pro
702 1935 816 2004 angelis
833 1933 918 1990 malis
934 1951 941 1988 :
1032 1939 1076 1990 53.
1092 1935 1137 1991 Ad
1151 1936 1371 1994 absolvendum
1385 1940 1496 1996 Odonis
1511 1942 1642 2012 elogium
1658 1944 1828 2002 neccssaria

15 2051 16 2072 ι
110 2043 178 2098 qua
190 2025 295 2080 itidem
305 2040 399 2079 eausa
414 2029 468 2093 cst,
483 2029 517 2078 ut
526 2023 676 2107 Nquamvis
693 2039 747 2095 pro
768 2023 943 2091 hominibus
998 2025 1044 2076 est
1058 2022 1161 2080 notitia
1185 2025 1249 2095 ejus
1265 2025 1491 2100 discipulorum,
1507 2047 1543 2086 ex
1566 2031 1677 2104 quibus
1696 2033 1828 2090 maxime

110 2131 192 2170 nunc
201 2113 276 2168 vivis
286 2112 488 2179 oretur,etiam
498 2111 717 2168 malis:tamen
725 2112 852 2181 jamnes
865 2127 945 2166 nnnc
998 2109 1109 2182 pendet
1132 2113 1266 2183 magistri
1282 2116 1470 2175 existimatio.
1491 2120 1548 2176 Sed
1569 2120 1642 2176 illud
1665 2123 1723 2180 hac
1747 2123 1778 2180 in
1796 2138 1828 2179 re
1877 2107 1881 2112 ¹

112 2207 213 2259 oretur
228 2217 283 2275 pro
297 2200 468 2256 infidelibus
481 2200 641 2273 impiisque
659 2199 844 2256 defunctis„
860 2200 946 2266 Quod
999 2199 1184 2256 incommodi
1199 2206 1348 2276 estquod
1364 2211 1462 2264 vetera
1477 2209 1534 2264 hac
1548 2209 1586 2266 de
1604 2227 1635 2267 re
1651 2229 1830 2269 monumen-

112 2297 213 2348 autem
233 2289 355 2346 interius
376 2305 529 2362 exponens
553 2305 656 2345 eorum
682 2289 873 2357 sententiam,
893 2289 946 2362 qui
1000 2292 1030 2344 ta
1044 2304 1100 2345 nos
1113 2289 1264 2360 delicians
1277 2297 1304 2349 et
1319 2293 1342 2348 si
1356 2297 1742 2369 loannesqucsdamnohis
1756 2301 1832 2358 Odo-

112 2381 162 2435 Dei
176 2378 381 2435 miserationes
393 2401 406 2427 ι
420 2394 515 2451 usque
527 2378 634 2434 adalia
644 2377 807 2450 impiorum
819 2382 947 2433 tormen·
1000 2377 1046 2432 nis
1061 2377 1224 2452 discipulos
1243 2381 1371 2450 exhibet,
1387 2385 1470 2441 nuda
1495 2385 1555 2442 tere
1578 2403 1683 2444 eorum
1705 2390 1831 2446 nomina

64 2503 74 2510 -
112 2475 143 2526 ta
152 2467 338 2542 protendunt
350 2485 357 2536 ;
368 2467 421 2523 »id
433 2468 474 2523 ita
487 2467 639 2539 permittit,
652 2481 714 2522 non
730 2467 897 2538 confirmat,
915 2471 946 2523 ut
999 2465 1101 2521 fitteris
1114 2468 1312 2538 consignavit.
1330 2475 1387 2527 llos
1401 2473 1477 2530 inter
1497 2477 1758 2534 commemorandi
1782 2495 1830 2535 ve·

113 2558 194 2631 impii
207 2573 313 2630 panas
329 2579 342 2606 «
356 2557 497 2624 mitiores,
514 2573 607 2630 quam
625 2558 729 2613 merita
744 2561 813 2614 suut
828 2573 944 2622 eorum,
999 2557 1086 2612 niunt
1104 2557 1255 2626 Amulius,
1271 2565 1299 2616 et
1315 2562 1486 2633 landricus,
1503 2565 1662 2638 exquibus
1677 2567 1772 2624 multa
1793 2568 1831 2625 de

112 2647 297 2719 levioresque
308 2645 469 2718 patiantur,
483 2669 497 2695 »
521 2651 697 2701 nontamen
719 2644 823 2702 hahita
837 2643 945 2700 satira—
1001 2645 1103 2701 Odone
1119 2662 1151 2702 se
1171 2649 1322 2720 accepisse
1344 2653 1474 2708 loannes
1495 2652 1583 2710 refert
1605 2655 1636 2710 in
1658 2655 1830 2728 praelatione

84 2743 86 2746 ’
114 2736 242 2805 giorum,
265 2734 316 2790 sed
333 2733 544 2790 misericordia
560 2734 610 2789 liei
626 2731 749 2790 ratione.
764 2737 864 2805 Neque
877 2748 945 2790 vcro
1000 2750 1072 2792 sua:
1088 2751 1219 2808 quorum
1232 2737 1359 2794 alterum
1373 2740 1551 2811 magistrum
1566 2759 1601 2799 ac
1615 2749 1831 2818 praeceptorem

113 2823 194 2879 idem
209 2826 330 2878 sanctus
344 2821 449 2878 doctor
462 2821 492 2876 in
508 2820 667 2877 Euchiridii
681 2837 706 2875 c.
723 2825 783 2889 llll,
801 2820 947 2877 sacrificia
1001 2840 1100 2892 suum,
1125 2825 1252 2882 alterum
1275 2827 1456 2886 confratrem
1481 2837 1577 2888 vocat.
1604 2833 1652 2889 llis
1676 2833 1832 2905 subjungi-

115 2911 207 2982 sentit¹
214 2909 358 2983 prodesse
372 2909 522 2965 damnatis
537 2909 575 2965 ad
586 2924 709 2981 poenam
724 2913 877 2976 aternam,
894 2908 946 2964 sed
963 2949 982 3001 C
1001 2917 1047 2968 tur
1059 2930 1065 2967 :
1079 2935 1092 2962 «
1105 2915 1240 2969 Domnus
1253 2915 1471 2973 hildebrannus
1482 2934 1536 2974 seu
1546 2920 1775 2990 llildebrandus,
1787 2923 1832 2979 vir

114 3001 154 3057 ad
168 2999 418 3072 temporariam«
435 3001 486 3054 Est
500 2997 580 3054 etaim
599 2997 724 3069 quidam
737 2995 859 3052 vivendi
880 3009 946 3053 mo·
1001 3000 1045 3070 tut
1058 3001 1140 3056 idem
1154 3001 1205 3072 ait)
1216 3003 1375 3070 veridicus,
1394 3009 1421 3059 et
1436 3005 1567 3062 Cluniaci
1581 3009 1709 3064 coenobii
1718 3026 1833 3082 praepo-

114 3090 184 3158 dus,
194 3105 250 3145 nec
266 3093 328 3145 tam
342 3087 453 3154 honus,
468 3091 573 3143 utnon
585 3087 716 3160 requirat
729 3087 787 3142 ista
799 3097 879 3158 post,
892 3102 947 3142 nec
1002 3089 1085 3158 situs,
1107 3089 1138 3144 in
1161 3091 1409 3164 regularibusque
1435 3093 1599 3167 disciplinis
1616 3097 1681 3168 eins
1705 3115 1834 3172 pracep-

15 3199 16 3254 ι
114 3177 298 3245 tammalus,
314 3177 387 3234 utei
410 3193 472 3232 nou
496 3176 611 3249 prosint
630 3175 686 3232 ista
709 3179 778 3248 post
800 3179 946 3231 mortem:
1002 3181 1057 3246 tor,
1075 3199 1088 3228 n
1104 3178 1201 3251 quiin
1217 3180 1422 3252 compluribus
1437 3181 1642 3240 instrumentis
1656 3186 1758 3244 Odone
1778 3187 1832 3244 ab·

114 3273 255 3326 mortem.
269 3291 283 3318 ι»
297 3267 343 3323 ad
358 3267 494 3324 ordinem
508 3271 649 3324 revertor.
1002 3265 1069 3323 hate
1092 3266 1218 3323 conditis
1238 3267 1389 3338 laudatur,
1413 3274 1442 3326 et
1469 3271 1638 3330 cancellarii
1661 3274 1724 3331 vice
1748 3277 1833 3333 subs-

152 3363 197 3413 al.
220 3358 370 3415 llonachis
390 3357 482 3413 etiem
507 3357 571 3414 Odo
592 3371 728 3428 congrua
746 3356 799 3414 dat
821 3355 947 3426 monita,
1003 3354 1106 3428 cripsit
1128 3355 1284 3428 praemisso
1315 3356 1471 3431 diplomati
1495 3360 1644 3418 adelaidis
1664 3363 1832 3422 comitissa.

15 3467 16 3488 r
116 3447 360 3518 condignamque
375 3462 533 3504 censuram
548 3446 679 3514 adhibet,
697 3446 864 3519 prasertim
877 3461 948 3502 con·
1004 3444 1087 3502 idem
1101 3445 1234 3502 Cluniaci
1248 3445 1330 3520 prior
1344 3453 1407 3505 erat
1426 3465 1506 3506 anno
1526 3456 1554 3506 tl
1573 3452 1715 3508 Ludovici
1727 3457 1833 3510 Trans-

15 3575 16 3594 ,
117 3545 162 3597 tra
186 3538 409 3612 proprietarios,
434 3539 571 3596 carnium
596 3538 789 3608 comedones,
820 3537 950 3610 religiosi
1003 3534 1124 3608 marini,
1138 3519 1468 3594 excharta’centesima
1484 3540 1541 3596 sub
1555 3541 1698 3598 Aimardo
1713 3542 1831 3601 abbate.

115 3629 236 3686 habitus
251 3632 341 3702 atqua
353 3629 465 3700 regula
480 3629 735 3702 pravaricatores,
746 3642 825 3701 quos
838 3651 853 3677 ι
863 3643 950 3702 apos·
1004 3624 1088 3680 Alius
1105 3624 1242 3695 ejusdem
1256 3626 1387 3682 nominis
1406 3629 1488 3700 prior
1503 3628 1635 3690 Cluniaci
1654 3631 1763 3688 exstitit
1783 3650 1836 3688 sa-

117 3722 193 3775 tatas
206 3740 220 3768 r
235 3722 335 3784 vocat,
351 3719 482 3776 adducto
498 3717 630 3790 Gregorii
653 3717 823 3774 testimonio
845 3733 883 3773 ex
894 3717 949 3774 ho·
1005 3713 1072 3770 culo
1084 3729 1124 3788 xi,
1139 3713 1163 3768 is
1178 3713 1348 3786 quiposteu
1359 3716 1390 3771 in
1402 3717 1506 3774 sedem
1516 3721 1684 3776 Romanam
1694 3737 1835 3796 assump-

117 3805 199 3864 milia
211 3821 294 3862 nona
307 3805 339 3862 in
353 3805 571 3862 Ezechielem«
586 3805 661 3871 Quia
674 3804 749 3862 sicut
759 3809 896 3878 apostata
907 3808 951 3860 est
1005 3806 1063 3873 tus,
1077 3802 1209 3872 Gregorii
1224 3803 1269 3859 Vll
1285 3819 1398 3861 nomen
1415 3805 1487 3863 tulit.
1505 3810 1612 3864 Praeter
1625 3808 1692 3866 illos
1705 3810 1836 3868 loannes

117 3893 220 3968 quide
233 3895 292 3952 lide
307 3895 450 3952 recedita
474 3897 550 3952 Deo:
577 3897 618 3952 ita
638 3894 691 3968 qui
715 3894 754 3951 ad
775 3910 951 3968 perversum
1005 3893 1036 3948 in
1060 3890 1193 3949 secundo
1220 3891 1297 3949 libro
1317 3894 1453 3950 nominat
1467 3897 1586 3952 Petrum
1614 3898 1835 3972 presbyterum,

117 3999 196 4056 opus
211 3986 282 4055 post
295 3983 462 4055 professam
476 3983 651 4054 religionem
663 3983 748 4051 redit,
761 3984 800 4040 ab
815 3983 952 4056 omnipo·
1006 3981 1186 4038 balduinum
1200 3981 1342 4038 abbatem
1365 3985 1557 4042 casinensem
1583 3992 1611 4042 et
1631 3989 1725 4043 sancti
1744 3989 1835 4056 Pauli,

118 4075 199 4128 teate
212 4071 272 4126 ileo
288 4075 425 4142 apostata
442 4071 558 4143 absque
572 4071 634 4128 ulla
657 4071 843 4128 dubitatione
858 4072 953 4143 depu-
1008 4069 1138 4126 Firmum
1171 4069 1236 4140 ejus
1262 4085 1451 4140 germanum,
1485 4073 1631 4128 domnum
1663 4074 1838 4130 «Gothelre-

15 4223 17 4230 p
118 4163 208 4230 tatur,
224 4158 341 4216 etiamsi
354 4158 447 4216 fidem
463 4162 563 4216 tenere
587 4159 735 4216 videatur.
758 4163 803 4215 An
821 4175 884 4216 non
909 4163 954 4216 est
1008 4159 1093 4224 dum,
1108 4161 1136 4214 et
1149 4157 1227 4216 duos
1242 4158 1428 4216 venerabiles
1444 4161 1522 4216 viros
1533 4176 1570 4216 ex
1589 4161 1694 4217 eadem
1711 4177 1836 4232 congre-

119 4248 285 4323 apostasia,
300 4269 314 4298 κ
331 4247 432 4304 subdit
447 4247 521 4317 Odo,
538 4270 552 4298 «
568 4247 606 4304 de
621 4247 726 4305 habitu
740 4248 787 4304 vel
801 4248 880 4305 victu
894 4250 953 4305 tra·
1009 4248 1139 4319 gellone,
1155 4263 1286 4322 quorum
1303 4264 1382 4305 unus
1394 4249 1813 4320 Archernbeldusvocahatur,
1823 4277 1836 4303 a

15 4341 16 4352 ¹
120 4339 248 4396 ditiones
268 4341 387 4396 Petrum
412 4343 614 4410 contemnere,
634 4355 705 4396 cum
718 4339 796 4396 Deus
811 4340 955 4396 terminos
971 4305 992 4358 D
1008 4337 1126 4412 ipsique
1140 4338 1247 4394 loanni
1264 4361 1278 4388 «
1289 4337 1366 4394 hene
1378 4344 1488 4395 notus:
1510 4339 1582 4396 ulter
1597 4357 1665 4397 vero
1686 4341 1807 4412 ignotus
1824 4365 1838 4394 »

121 4431 241 4485 Petrum
256 4427 424 4498 transgredi
438 4427 623 4484 interdixerit
640 4446 646 4483 :
671 4427 872 4502 despectaque
892 4428 954 4485 vic·
1009 4428 1106 4484 diutia
1123 4449 1136 4476 ι
1151 4426 1318 4496 adalasius,
1333 4428 1387 4484 viri
1406 4444 1525 4502 nempe,
1543 4451 1556 4478 s
1581 4428 1688 4502 inquit,
1704 4453 1719 4480 «
1732 4431 1838 4504 opina-

122 4523 169 4574 tus
181 4517 324 4591 qualitate
339 4517 385 4574 vel
407 4517 571 4594 quantitate
594 4533 648 4591 per
666 4517 791 4574 beatum
815 4517 955 4574 Benedic-
1010 4516 1127 4585 tissimi,
1148 4535 1162 4568 »
1188 4516 1241 4589 qui
1269 4517 1432 4574 multorum
1462 4517 1682 4576 monachorum
1710 4523 1840 4578 «Patres

123 4611 187 4664 tum
205 4605 341 4680 prafixa,
362 4606 544 4677 sanguineas
567 4605 662 4680 dapes
684 4621 754 4663 enm
777 4604 845 4661 filiis
867 4606 958 4663 lsrael
1011 4623 1092 4664 nunc
1122 4610 1192 4662 sunt
1220 4605 1325 4663 effecti.
1339 4629 1352 4656 n
1382 4608 1621 4664 archembaldus
1648 4630 1661 4658 «ι
1675 4609 1840 4666 Cluniensis

123 4695 320 4752 desiderare?
336 4697 382 4752 An
398 4711 460 4753 non
476 4700 521 4752 est
534 4696 687 4770 apostasia
704 4694 850 4752 humilem
869 4695 958 4753 vesti·
1012 4695 1141 4754 canubii
1156 4694 1306 4768 praelatus,
1324 4718 1338 4746 ι
1353 4695 1384 4751 id
1399 4700 1443 4753 est
1455 4697 1644 4770 prepositus,
1658 4696 1798 4752 laudatur
1810 4698 1841 4754 in

125 4789 188 4841 tum
199 4799 350 4859 spernere,
364 4789 393 4842 et
405 4785 545 4843 decorem
566 4785 735 4842 vestimenti
753 4786 908 4858 quarere!
931 4799 960 4852 et
1013 4787 1116 4843 charta
1129 4783 1271 4840 nernonis
1285 4784 1463 4841 Matiscensis
1476 4785 1619 4860 episcopi,
1632 4785 1703 4842 data
1714 4801 1794 4842 anno
1809 4791 1841 4842 ltt
1947 4824 1955 4836 .

126 4889 166 4930 an
180 4878 315 4931 ventrem
339 4873 436 4930 colere
458 4889 520 4931 non
542 4877 586 4930 est
606 4874 770 4947 apostasia,
788 4890 858 4930 curn
884 4875 960 4931 tlens
1014 4873 1130 4932 Rodolti
1150 4873 1248 4943 regis;
1272 4872 1411 4948 idemque
1434 4875 1560 4946 videtur,
1582 4874 1633 4947 qui
1659 4875 1755 4932 Odoni
1784 4875 1844 4932 sul·

127 4961 236 5017 Paulus
274 4966 465 5036 protestetur,
502 4963 584 5036 quod
617 4961 813 5032 ligurgitones
846 4962 959 5020 inimici
1014 4965 1108 5021 lectus
1118 4966 1162 5019 est
1177 4963 1207 5018 in
1221 4963 1355 5032 regimen
1368 4964 1496 5020 canobii
1512 4963 1714 5034 Floriacensis,
1729 4964 1766 5020 da
1780 4982 1842 5038 quo

128 5053 237 5107 sancta
253 5053 348 5109 crucis
364 5057 442 5122 sunt,
457 5057 488 5109 et
501 5056 636 5110 ventrem
656 5067 711 5125 pro
726 5055 786 5110 Deo
805 5052 960 5110 habeant?
1015 5052 1170 5110 aimoinus
1195 5051 1225 5108 in
1249 5051 1326 5108 lib.1
1353 5053 1390 5108 de
1409 5053 1554 5110 Mhacutis
1578 5053 1673 5110 sancti
1695 5053 1843 5110 Benedicti

127 5139 355 5214 Nobisinquam
370 5144 434 5200 hac
461 5141 619 5216 apostasia
638 5141 730 5198 verba
754 5141 958 5199 conveniunt:
1014 5159 1097 5200 num.
1123 5142 1163 5198 la.
1180 5139 1324 5197 Wltaldus
1347 5141 1411 5213 ejus
1433 5157 1596 5211 successor,
1622 5143 1708 5214 cujus
1732 5139 1843 5196 mentio

128 5225 378 5305 quandoquidem
401 5233 554 5304 religionis
577 5231 727 5301 habitum,
742 5247 795 5306 per
818 5236 862 5290 tot
883 5236 961 5290 retro
1016 5232 1099 5305 apud
1113 5234 1258 5288 loannem
1278 5230 1308 5285 in
1327 5230 1403 5288 libro
1420 5232 1514 5301 tertio,
1532 5231 1603 5288 alibi
1626 5249 1644 5288 a
1671 5228 1758 5285 nobis
1781 5227 1844 5285 lau-

129 5335 279 5377 annorum
301 5321 449 5378 curricula
466 5325 626 5391 retentum,
642 5319 828 5377 lascivientes
849 5320 961 5393 quique
1016 5318 1138 5376 dandus
1154 5319 1184 5374 in
1199 5319 1272 5375 actis
1287 5320 1381 5375 sancti
1396 5320 1528 5376 abbonis
1543 5319 1671 5376 abbatis.
1689 5315 1737 5372 His
1755 5316 1845 5374 etiam

130 5407 272 5466 internos
290 5412 319 5464 et
331 5407 500 5480 petulantes
515 5411 544 5465 in
558 5409 615 5465 hac
628 5413 730 5466 nostra
744 5413 830 5464 atate
846 5413 962 5474 mutare
1018 5408 1210 5466 annumerari
1236 5411 1334 5480 potest
1366 5407 1531 5476 aligernus,
1561 5421 1597 5459 cx
1625 5405 1786 5478 praeposito
1816 5407 1845 5462 S.

131 5497 196 5552 ausi
211 5501 290 5554 sunt,
310 5519 324 5545 s
344 5495 413 5551 Hac
428 5493 475 5550 ille
490 5497 521 5550 in
539 5497 589 5552 lib.
611 5513 651 5559 ιιι,
674 5514 739 5571 cap.
759 5502 801 5553 lt.
819 5496 888 5552 Vide
909 5497 960 5552 lib.
1018 5496 1101 5553 Pauli
1115 5495 1154 5552 ad
1169 5494 1276 5552 urbem
1288 5495 1385 5552 abitas
1400 5491 1576 5552 casinensis,
1595 5492 1632 5548 ilc
1653 5511 1715 5566 quo
1735 5494 1782 5551 hic
1807 5491 1846 5548 ad

131 5602 161 5660 n,
182 5603 249 5660 cap.
274 5592 289 5642 7
312 5589 341 5644 ct
362 5583 498 5658 ejusdem
519 5583 570 5640 lib.
595 5589 635 5654 rit,
660 5601 728 5660 cap.
755 5591 799 5644 22.
827 5585 871 5642 tn
898 5586 963 5644 hac
1020 5601 1135 5644 annum
1150 5588 1212 5642 986.

298 5693 425 5752 Person.
442 5691 598 5748 Olllllllll.
1671 5693 1687 5744 2
1721 5675 1725 5683 ¹
