4104 6162
768 157 797 214 S.
817 153 948 213 orodis
966 151 1112 210 means
1132 153 1425 216 CLUNIACENSISll
1899 153 1947 208 tto

1003 345 1945 378 “mm

729 509 1068 630 salton
1139 509 1479 632 01>on

872 745 1022 804 erraris
1041 745 1294 805 cauumcursls
1314 745 1339 803 11

319 923 456 1064 DE
568 921 818 1064 vira
929 915 1300 1064 sudori
1410 913 1875 1060 Gaulum

649 1191 1209 1316 AURlLIACENSlS
1263 1188 1556 1315 COMITIS

874 1432 1028 1522 arear
1063 1430 1327 1530 oulruoa

653 1638 706 1699 (ltx
721 1635 896 1690 Bibliotheca
907 1634 1102 1696 clunianeusl,
1121 1633 1222 1689 edente
1237 1635 1268 1686 ll.
1284 1632 1409 1695 Marrler,
1424 1643 1486 1698 pag.
1498 1633 1548 1695 all).

686 1917 898 1982 AUCTORIS
925 1916 1132 1980 EPISTULA
1168 1915 1515 1980 NUNGUPA'PORIA.

282 2243 397 2304 affeetu
420 2243 580 2302 recolendo
606 2260 661 2318 pro
681 2244 743 2301 auis
766 2243 879 2301 meritis
905 2243 958 2316 (ll)
982 2244 1076 2301 domo
1090 2247 1114 2299 ll
1128 2243 1260 2300 bonitate
1273 2241 1379 2300 Christi
1390 2239 1533 2311 confisus,
1549 2239 1738 2314 aggrediens,
1754 2245 1912 2314 tequoeso,
1927 2247 1956 2297 nt

247 2336 358 2390 Arroru
373 2333 485 2401 abbati,
500 2347 663 2389 conservus
687 2331 812 2388 fratrum
823 2332 883 2388 0oo
897 2335 1074 2404 perpetuam
1127 2331 1265 2404 ejusdem
1279 2329 1385 2389 Christi
1412 2329 1602 2388 clementiam
1634 2329 1789 2403 implores,
1809 2333 1956 2403 quatenus

248 2420 376 2479 salutum
385 2420 417 2477 in
431 2421 555 2478 Christo.
1127 2435 1183 2492 pro
1198 2434 1301 2476 amore
1324 2417 1421 2492 ipsius
1445 2417 1551 2478 ranno·
1564 2419 1610 2476 aul
1636 2416 1763 2484 Geraldi,
1778 2416 1955 2476 relationem

284 2509 438 2578 Libellum,
452 2508 631 2566 venerabilis
643 2513 738 2580 pater,
748 2523 840 2580 quem
861 2505 899 2562 de
914 2521 1074 2563 conversa-
1127 2507 1169 2565 sic
1179 2507 1351 2566 modificare
1360 2506 1545 2580 dignetur,ut
1554 2505 1781 2580 homini,quem
1792 2505 1957 2576 &adlicere

248 2596 328 2654 tione
342 2601 371 2653 et
384 2595 537 2654 miraculis
551 2595 630 2652 beati
643 2594 773 2652 hominis
790 2593 917 2664 Gereldi,
927 2609 986 2666 me,
998 2610 1073 2668 qua·
1128 2594 1286 2668 disposuit,
1297 2611 1359 2652 nou
1374 2595 1412 2653 sit
1424 2611 1461 2652 ex
1478 2599 1540 2654 toto
1553 2595 1689 2668 indigna,
1703 2611 1759 2652 nec
1769 2594 1844 2652 milri
1858 2599 1956 2652 trans·

247 2685 434 2758 lilercunque
448 2684 572 2758 possim,
588 2683 700 2742 dictare
724 2688 785 2741 tam
800 2683 959 2756 imperiose
978 2698 1076 2756 nuper
1130 2684 1291 2756 gressionis
1305 2685 1465 2742 causaad
1479 2701 1574 2759 quam
1593 2685 1731 2744 videlicet
1749 2684 1958 2756 transgressio-
2041 2745 2042 2758 χ

249 2789 398 2840 suaseras,
410 2773 486 2845 jam,
498 2771 566 2829 licet
578 2777 718 2840 tremens,
734 2771 902 2844 aggredior.
919 2774 1003 2844 Nam,
1019 2771 1076 2828 etsi
1129 2789 1200 2832 nem
1223 2773 1425 2841 evadendam,
1449 2775 1608 2843 nonnulla,
1635 2774 1674 2832 de
1699 2774 1812 2849 qrribus
1833 2778 1868 2832 tu
1884 2773 1958 2832 lorte

247 2861 385 2920 faciendo
394 2862 672 2936 presumptionem,
683 2861 772 2934 quasi
782 2861 856 2918 mais
865 2861 979 2918 viribus
989 2877 1075 2918 exce·
1129 2862 1313 2930 causaberis,
1325 2867 1488 2937 pretorem
1503 2863 1568 2922 sola
1577 2861 1629 2922 illa
1638 2879 1708 2937 quae
1723 2861 1798 2920 milri
1811 2867 1882 2920 sunt
1900 2863 1958 2920 vul

247 2951 333 3023 deus,
343 2951 450 3020 limeo;
465 2956 495 3009 et
507 2967 570 3009 non
580 2950 728 3022 faciendo,
742 2951 975 3020 contumaciam,
987 2951 1076 3024 quasi
1130 2955 1210 3022 gata,
1225 2967 1294 3008 cum
1309 2955 1338 3010 ot
1357 2955 1389 3008 lu
1403 2965 1507 3010 coram
1526 2952 1651 3011 adesses
1674 2951 1762 3010 certis
1785 2951 1957 3010 auctoribus

247 3041 439 3112 inobediens,
469 3041 658 3116 pertimesco.
691 3045 731 3100 lle
758 3041 929 3100 obedientia
950 3055 1021 3099 vero
1049 3046 1078 3099 ct
1131 3045 1301 3100 contexens.
1319 3039 1401 3099 Vale.

1058 3209 1103 3216 ...ι-Ὶ
1108 3209 1213 3217 ρ..-

950 3363 1258 3454 PRAEFATIO.

282 3702 417 3776 Plerique
441 3701 578 3760 dubitare
600 3701 708 3767 solent,
723 3706 825 3760 utrum
849 3718 920 3761 vera
939 3703 998 3760 sint
1010 3718 1077 3777 quse
1093 3704 1116 3758 B
1131 3719 1200 3760 mus
1210 3701 1466 3777 respondendum.
1475 3705 1551 3761 Nam
1563 3707 1594 3761 et
1603 3717 1659 3761 nos
1667 3703 1786 3761 dudum
1796 3703 1902 3762 audita
1908 3705 1961 3761 ml·

246 3792 285 3850 de
310 3793 399 3850 beato
412 3791 538 3851 Geraldo
558 3791 735 3851 reseruntur.
757 3797 834 3850 luter
848 3809 926 3868 quos
940 3791 1077 3850 nonnulli
1130 3791 1302 3849 raculorum
1316 3791 1409 3862 iama,
1421 3791 1617 3852 nihilominus
1628 3792 1666 3850 de
1678 3791 1725 3849 his
1732 3791 1958 3859 dubitabamus,

246 3881 365 3956 penitus
389 3897 451 3939 non
463 3897 578 3950 verum,
593 3881 646 3938 sed
657 3882 882 3955 phantasticum
897 3885 1013 3957 putent.
1022 3881 1077 3937 Alii
1130 3881 1171 3938 ob
1185 3881 1510 3956 hocmaximequodin
1519 3880 1785 3955 quibusdamloois
1797 3883 1899 3939 nescio
1909 3899 1960 3956 per

244 3985 367 4044 quoque
379 3969 461 4028 velut
474 3970 682 4028 excusationes
707 3971 739 4027 in
755 3971 884 4044 puocatis
896 3971 1076 4044 quaerentes,
1130 3987 1207 4046 quoe
1231 3985 1368 4028 rumores
1390 3969 1487 4028 solent
1500 3970 1641 4042 vulgares
1665 3975 1831 4028 conventus
1846 3971 1960 4028 noviter

245 4057 403 4116 indiscrete
418 4059 500 4116 hunc
524 4059 677 4128 extollunt,
703 4060 836 4117 dicentes
848 4057 986 4117 videlicet
1005 4057 1077 4132 quia
1130 4059 1203 4128 fieri,
1219 4058 1427 4133 paulatimque
1441 4057 1522 4116 velut
1530 4075 1578 4116 res
1592 4074 1672 4116 vana
1686 4059 1807 4120 cessari.
1819 4059 1876 4117 Sed
1891 4075 1959 4117 cum

246 4147 390 4206 Gereldus
400 4153 508 4221 potens
523 4153 552 4206 et
566 4148 650 4204 dives
664 4149 729 4219 luit,
746 4155 774 4206 et
788 4165 857 4206 cum
869 4148 983 4205 deliciis
993 4146 1076 4218 vixit,
1130 4163 1223 4206 causa
1235 4147 1383 4204 insisteret
1393 4147 1499 4222 (7³),ut
1509 4147 1674 4205 Tutelensis
1688 4148 1818 4206 coenobii
1827 4148 1960 4206 iratemi-

245 4241 276 4294 et
289 4237 390 4310 utique
402 4241 524 4295 sanctus
538 4242 592 4295 est.
602 4238 658 4304 Qui
672 4238 814 4295 nimirum
823 4253 911 4294 sunm
921 4236 1078 4310 voluptuo·
1129 4241 1220 4294 tatem
1233 4235 1440 4306 inviseremus,
1456 4235 1496 4294 ad
1509 4235 1681 4310 sepulcrum
1691 4237 1785 4311 ipsius
1804 4237 1960 4294 intendere

247 4340 314 4382 sam
327 4325 420 4382 vitam
446 4327 511 4397 ejns
531 4325 667 4383 nituntur
680 4326 819 4400 exemplo
846 4339 1001 4383 excusare.
1028 4324 1076 4380 llis
1129 4325 1307 4382 libuil.Tunc
1315 4324 1493 4383 veroaccitis
1504 4330 1635 4399 quatuor
1644 4325 1960 4402 exhis,quosipsenu-

247 4427 319 4484 ergo
334 4413 422 4471 nobis
437 4413 534 4472 visum
558 4418 587 4472 et
609 4413 841 4489 aliquantulum,
856 4417 947 4489 prout
968 4427 1076 4488 possu-
1130 4411 1368 4486 trieral,llugone
1382 4412 1520 4471 videlicet
1547 4413 1711 4482 monacho,
1728 4413 1898 4473 llildeberto
1912 4431 1960 4471 sa·

283 4589 341 4672 (⁷².)
355 4590 471 4649 Doenao
483 4591 616 4664 aymoni
628 4591 740 4649 adiuti.
754 4590 854 4650 Sancti
875 4591 1014 4650 Martialis
1039 4593 1077 4648 Le
1132 4591 1309 4662 Goulenrptu
1330 4591 1448 4648 mandi.
1471 4613 1486 4643 u
1502 4593 1589 4662 Nam,
1603 4595 1636 4650 ul
1649 4589 1747 4665 inquit
1759 4591 1824 4666 ipse
1837 4598 1961 4650 mactus

251 4661 443 4726 movrceusis,
459 4679 521 4737 quo
536 4662 681 4720 suadente
694 4667 816 4721 sanctus
838 4661 902 4720 0do
913 4662 1025 4720 librum
1038 4663 1076 4720 de
1131 4662 1206 4731 Odo,
1223 4685 1236 4713 u
1250 4665 1279 4719 et
1292 4661 1423 4744 domnus
1445 4662 1554 4736 Turpio
1570 4661 1742 4736 episcopus,
1762 4667 1791 4722 et
1805 4663 1960 4722 dilectissi-

247 4733 474 4790 conversatione
500 4738 529 4791 et
551 4733 703 4791 miraculis
717 4733 796 4792 beati
821 4733 948 4802 Geraldi,
960 4733 1076 4791 comitis
1130 4749 1199 4790 mus
1211 4748 1246 4789 ac
1261 4732 1441 4790 venerabilrs
1456 4733 1553 4790 abhas
1567 4738 1675 4806 aymo,
1689 4749 1759 4792 oum
1774 4735 1839 4792 aliis
1853 4751 1960 4810 quam-

248 4802 456 4885 llurilincensis
471 4805 600 4862 scribere
615 4821 754 4875 agressus
770 4808 823 4863 est.
837 4804 883 4862 Sic
897 4805 978 4862 enim
992 4806 1077 4862 ebro
1130 4803 1266 4878 pluribus
1281 4803 1377 4860 multa
1388 4803 1418 4860 vi
1431 4819 1557 4878 precum
1572 4807 1735 4875 coegerunt
1759 4804 1835 4862 illud
1850 4811 1883 4863 ut
1895 4807 1960 4864 uec

248 4871 369 4943 nologn
378 4875 635 4932 lemovicensium
643 4875 829 4934 abbatum«
841 4878 967 4934 Octavus
979 4875 1076 4933 abbas
1131 4872 1351 4944 aggrederetur.
1373 4891 1388 4928 ›

248 4945 345 5015 aymo
359 4945 477 5016 praefuit
491 4946 578 5003 annis
591 4962 632 5017 vr,
646 4945 720 5003 obiit
731 4949 806 5004 Non.
819 4946 893 5018 llaii,
910 4947 960 5004 llic
972 4945 1076 5004 amici·
1165 4945 1222 5016 (73)
1236 4945 1272 5004 Ut
1287 4945 1448 5003 tutelensis
1464 4945 1588 5004 cereolis·
1597 4945 1835 5018 fraternitatem.
1852 4947 1962 5006 llonu'r

249 5012 321 5096 tiam
336 5013 1075 5086 habuitcumsanctoOdouecluniacensinbhate,
1130 5015 1270 5087 musiam
1285 5021 1423 5074 sunctum
1448 5015 1584 5075 odonem
1607 5015 1737 5074 abbatie
1750 5019 1916 5076 Tutelrnsis
1931 5019 1962 5074 in

248 5100 297 5141 eur
309 5083 399 5157 jussit
411 5085 498 5143 edere
510 5087 608 5145 Vitam
625 5089 721 5145 sancti
734 5087 878 5146 Geraldi.»
891 5089 1000 5162 Turpio
1014 5088 1076 5144 sive
1130 5086 1320 5144 lemovicino
1333 5102 1438 5144 euram
1474 5087 1594 5144 essisse.
1618 5089 1708 5146 Docet
1718 5089 1963 5163 llartyrologium

248 5157 397 5231 'l’urpinus
406 5157 566 5232 episcopus
576 5159 795 5217 lemovicensis
798 5160 901 5233 ,cujus
911 5158 1001 5216 freter
1011 5157 1075 5228 luit,
1129 5157 1341 5217 Lemovioence
1350 5158 1397 5216 his
1410 5173 1462 5214 rer
1485 5156 1613 5216 is:«0do
1624 5158 1775 5216 secundus
1787 5159 1887 5218 abbas
1898 5161 1963 5216 Clu-

249 5231 279 5285 et
291 5243 384 5311 quem
398 5244 520 5286 summo
532 5245 635 5286 amore
647 5230 785 5300 excoluit,
801 5231 961 5288 Aaronom
976 5228 1078 5302 appel·
1128 5227 1278 5286 niaoensls
1291 5231 1390 5303 primo
1403 5227 1559 5287 irritabbas
1565 5229 1729 5288 Tulelensis
1742 5231 1964 5288 lemovicensis

248 5298 291 5355 lat
305 5315 336 5357 ιιι
363 5303 541 5384 testamento
556 5301 779 5384 restaurationis
793 5300 968 5358 monasterii
982 5299 1077 5356 sancti
1130 5299 1280 5358 dioecesis.
1305 5322 1320 5352 »
1349 5303 1432 5357 Nunc
1456 5300 1527 5358 satis
1554 5299 1593 5359 sit
1620 5299 1741 5384 addere,
1774 5303 1964 5385 districtum,

248 5370 1077 5526 larda,lla„tattlrfilllualaallrllll
1130 5371 1967 5526 aaddilla’dt‘ltllfflldalalplla

251 5507 416 5592 Turpione,
436 5513 546 5571 serhcet
591 5513 652 5571 uod
671 5512 762 5570 «odo
784 5515 932 5586 Turpione
952 5517 1077 5582 rogante
1130 5527 1162 5570 m
1189 5513 1391 5588 eprsccpalem
1423 5513 1528 5572 sedem
1553 5516 1687 5573 erectum
1711 5513 1813 5574 tussa.
1852 5515 1967 5575 Galliae

250 5580 350 5639 Vrtam
378 5583 473 5642 sancti
498 5530 617 5644 Gereffdi
640 5581 820 5660 composuit,
842 5587 871 5642 el
897 5581 1009 5642 librum
1035 5585 1079 5643 De
1134 5585 1230 5642 tuta.
