4120 6154
208 178 261 233 tto
724 167 752 222 S.
774 162 904 222 ooords
924 158 1072 219 Assnnrts
1091 157 1343 218 CLUNIACENSIS
1363 160 1412 222 11.
1528 187 1536 194 ·
1867 157 1920 219 tto

209 291 466 352 distributionibus
495 288 620 356 mitigat,
648 286 740 342 modo
765 300 857 356 agens
880 299 918 339 ne
941 281 1074 354 proven
1094 293 1164 334 nem
1179 281 1308 338 veritatis
1329 281 1454 338 veniens
1478 293 1570 337 omne
1597 279 1681 354 quod
1704 279 1842 354 nequim-
1863 281 1924 352 ,κῃ

210 384 360 455 suggestio
375 381 414 436 ad
429 378 657 435 delectationem
672 375 781 436 veniet,
808 373 900 430 modo
915 385 1042 444 pravam
1092 367 1248 426 erubescit.
1263 371 1346 427 Unde
1359 385 1413 442 per
1432 369 1558 426 Paulum
1584 368 1769 443 quibusdem
1793 369 1921 428 diuitem

210 471 435 530 delectationem
450 483 546 541 usque
567 466 606 522 ad
622 481 806 522 consensum
819 462 918 519 venire
941 458 1041 535 prohi-
1095 479 1108 507 a
1124 459 1217 522 Quem
1232 473 1304 529 ergo
1330 459 1461 516 [suetum
1485 458 1633 516 habuistis
1651 462 1733 528 tunc,
1760 458 1791 516 in
1813 459 1924 532 quibus

208 557 716 632 betsequitur:Etposnc'occtem
742 561 769 610 et
790 554 877 610 ostie.
908 548 1042 615 -Quid
1094 562 1175 602 nnnc
1202 547 1394 605 erubescitis?
1411 568 1425 599 n
1453 547 1548 620 (Rom,
1567 563 1606 615 w,
1633 546 1690 619 ῃ),
1718 545 1818 604 Agger·
1848 549 1925 604 qm

208 666 261 723 per
275 649 363 719 ostie,
377 647 434 704 uisi
446 645 659 720 praedicatores
673 643 793 700 sancti?
818 641 894 708 Quid
919 655 972 713 per
995 654 1044 695 ve·
1094 632 1425 706 quippepropriaostia
1441 631 1674 700 transcenderat,
1698 631 1771 704 quia
1795 630 1926 689 claustra

211 743 299 807 ctem,
325 737 384 793 nisi
411 737 585 792 incarnatus
610 733 755 788 Dominus
775 729 969 800 designatur?
989 726 1044 792 Qui
1094 720 1167 792 legis
1180 722 1323 795 oppositae
1337 721 1464 779 humani
1478 721 1604 779 tumoris
1626 720 1710 778 unda
1728 720 1869 778 satiebat.
1891 723 1927 777 At

209 830 271 884 boec
286 827 423 884 videlicet
435 825 520 892 ostia,
536 827 642 880 contre
662 823 814 878 saevientes
838 819 929 876 maris
951 818 1046 889 impe·
1095 814 1259 883 postquam
1274 811 1408 878 mundus
1422 810 1596 884 oppositum
1605 810 1664 868 sibi
1678 810 1870 881 Unigenitum
1883 823 1929 866 re·

210 920 275 972 tum
289 919 372 972 tento
383 913 547 971 valentiora
562 910 714 984 opposuit,
728 913 843 982 quanto
857 897 893 964 ea
916 922 971 962 sua
993 905 1046 961 ob·
1096 899 1182 972 perit,
1196 899 1333 956 elationis
1347 916 1408 956 sure
1422 899 1569 973 impetum
1582 899 1928 971 fontemmortuum

212 1003 379 1060 servatione
393 999 556 1058 roboravit.
579 1003 642 1055 Non
669 997 749 1053 enim
775 997 925 1052 immerito
951 994 1046 1058 sancti
1096 989 1199 1061 valuit,
1211 990 1282 1063 quia
1294 991 1360 1062 ejus
1375 991 1547 1046 fortitudine
1560 989 1670 1047 furoris
1694 989 1742 1047 sui
1765 989 1927 1046 terminum

212 1092 290 1149 ostia
302 1094 459 1158 secantur,
474 1089 546 1162 quia
570 1092 598 1144 et
618 1087 787 1158 ingressum
810 1085 951 1140 fidelibus
977 1097 1047 1154 ape·
1097 1077 1233 1135 clausum
1247 1079 1369 1136 invenit.
1384 1079 1458 1136 Hinc
1471 1079 1551 1136 enim
1566 1079 1793 1153 scriptumest:
1820 1101 1834 1129 α
1851 1081 1929 1136 ilem

212 1180 301 1248 riunt,
329 1184 358 1235 et
384 1193 506 1234 rursum
533 1191 596 1232 sese
619 1175 755 1248 pertidis,
775 1172 1043 1242 neingredientnr,
1096 1168 1170 1225 vidit
1182 1173 1211 1225 et
1221 1168 1400 1241 fugit(Psot.
1417 1185 1513 1242 οιιιιιι,
1529 1170 1566 1242 3),
1581 1192 1596 1220 »
1619 1172 1746 1226 Possunt
1770 1183 1825 1242 per
1849 1167 1930 1224 ostia

213 1272 380 1342 opponunt.
397 1269 434 1322 Dc
450 1266 561 1338 quibus
574 1265 649 1320 ostiu
662 1263 771 1320 exstitit
786 1265 891 1318 Petrus
908 1260 961 1334 qui
977 1261 1046 1315 Cor·
1097 1257 1186 1312 etiam
1203 1262 1310 1330 apertae
1323 1257 1478 1330 passiones
1502 1259 1568 1330 ejus
1593 1273 1655 1314 non
1685 1257 1931 1315 inconvenienter

212 1357 326 1413 nelinm
341 1355 445 1428 recipit
459 1358 487 1410 et
514 1354 665 1410 Simonem
692 1351 801 1424 repulit
826 1350 953 1406 dicens:
980 1348 1045 1402 «ln
1097 1344 1230 1416 intelligi,
1247 1346 1357 1419 quibus
1372 1347 1564 1403 etoccultum
1576 1351 1694 1403 vectem
1718 1346 1829 1420 posuit,
1856 1344 1932 1418 quie

212 1445 334 1502 veritate
364 1443 497 1516 comperi
523 1441 669 1515 quoniam
697 1455 759 1496 nou
785 1445 829 1496 est
847 1453 1045 1512 personarum
1098 1449 1150 1490 eas
1161 1450 1198 1490 ex
1211 1434 1351 1491 invisibili
1361 1435 1516 1492 divinitate
1530 1435 1691 1492 roboravit.
1719 1437 1829 1494 Contm
1850 1447 1932 1507 ques

170 1528 176 1536 ’
214 1537 353 1606 acceptor
381 1535 460 1588 Deus
487 1531 562 1602 (Act.
579 1547 609 1597 x,
626 1529 681 1598 34).
699 1550 713 1579 u
741 1528 822 1584 Ostia
848 1527 937 1582 etiam
961 1528 1047 1581 erant
1098 1523 1205 1579 mundi
1218 1524 1327 1580 Ductus
1340 1526 1474 1592 ventrmt,
1491 1525 1545 1581 sed
1566 1525 1652 1582 tracti
1673 1523 1833 1592 dissiliunt,
1857 1521 1932 1595 quie

210 1623 304 1694 ¹hujus
320 1621 454 1677 Ecclesiae
467 1620 578 1692 quibus
593 1617 713 1674 dicebat
726 1617 888 1674 Dominus:
904 1614 1045 1681 «Quibus
1059 1628 1082 1684 Β
1099 1614 1222 1687 superbi
1235 1631 1287 1671 eas
1301 1615 1431 1671 videndo
1446 1615 1624 1690 despiciunt,
1645 1615 1700 1672 sed
1721 1629 1827 1672 cerum
1849 1613 1932 1670 vires

214 1711 386 1768 remiseritis
402 1707 729 1782 peccatoremittnntur
744 1707 796 1776 eis,
821 1729 835 1757 ι»
862 1709 917 1762 etc.
944 1704 1044 1776 (Jocn.
1099 1705 1279 1777 experiendo
1305 1707 1530 1778 pertimescunt.
1559 1710 1731 1765 llonsmrsn.
1764 1705 1841 1772 Quid
1874 1718 1931 1777 per

214 1816 265 1868 xx,
298 1800 353 1871 m).
382 1799 481 1854 Aliter.
508 1796 614 1854 Clausa
638 1812 771 1868 namque
797 1795 875 1851 ostia
906 1793 1045 1866 opposito
1098 1795 1183 1864 ostia,
1199 1794 1256 1850 nisi
1270 1795 1420 1851 virtutes?
1441 1793 1519 1861 Quid
1532 1811 1586 1868 per
1607 1799 1735 1864 vectem,
1760 1793 1818 1850 nisi
1835 1792 1932 1850 robur

215 1891 297 1944 vecte
310 1886 500 1942 roborantur.
517 1885 638 1940 Vectem
652 1899 724 1954 crgo
737 1883 881 1938 Dominus
893 1880 1043 1955 opposuit,
1098 1883 1249 1940 charitatis
1263 1883 1453 1957 accipimus?
1467 1885 1561 1941 Facile
1572 1888 1672 1942 autem
1682 1897 1774 1940 omne
1785 1883 1930 1940 virtutum

216 1978 287 2050 quia
302 1981 405 2032 eontra
419 1975 545 2032 lascivos
560 1979 659 2030 motus
672 1973 798 2029 humani
813 1971 928 2042 generis
943 1971 1046 2042 Unige·
1097 1973 1213 2030 bonum
1227 1973 1387 2029 tentatione
1405 1973 1504 2030 cordis
1525 1973 1655 2030 irruente
1675 1971 1849 2040 destruitur,
1871 1969 1931 2026 nisi

216 2065 313 2122 nitum
328 2064 418 2132 misit,
433 2064 505 2136 quia
518 2067 668 2136 praecepta
686 2061 830 2136 spiritalia
841 2078 908 2134 quea
923 2060 1047 2133 loquen-
1099 2063 1137 2118 ab
1149 2062 1261 2119 intimis
1276 2062 1337 2120 fixa
1346 2063 1490 2118 charitate
1503 2063 1657 2119 solidetur.
1675 2061 1757 2118 Unde
1772 2065 1800 2117 et
1820 2058 1932 2116 Pardus

216 2154 257 2210 do
271 2153 373 2211 docuit
384 2153 502 2223 agendo
514 2153 659 2210 solidavit.
673 2152 829 2225 Sequitur:
1099 2168 1168 2208 cunr
1183 2151 1369 2224 quibusdam
1389 2151 1464 2207 ostia
1478 2151 1622 2208 virtutum
1636 2154 1812 2223 opponeret,
1835 2145 1932 2205 robur

252 2245 340 2299 Vens.
359 2247 402 2298 tt.
428 2243 508 2298 Hine
537 2257 629 2313 usqne
656 2243 753 2298 uenies
776 2247 804 2298 et
829 2257 888 2297 non
906 2240 1046 2310 procedes
1098 2241 1189 2296 vectis
1215 2238 1372 2310 adjunxit,
1409 2239 1511 2295 diceus
1540 2256 1546 2295 :
1576 2241 1671 2313 Super
1697 2237 1801 2294 omnia
1828 2241 1931 2294 autem

217 2333 357 2402 manlius.
372 2363 406 2372 -
417 2333 492 2398 Quia
507 2331 649 2387 nimirum
664 2331 772 2387 occulti
785 2329 889 2402 judicii
905 2345 1047 2386 mensura
1099 2329 1275 2385 charitatem
1288 2327 1443 2397 habentes,
1459 2327 1541 2402 qnod
1555 2332 1600 2384 est
1611 2325 1766 2384 vinculum
1775 2325 1932 2399 perfectio-

217 2427 270 2486 est,
286 2426 315 2478 et
325 2421 450 2494 quando
466 2420 682 2495 persecutionis
696 2419 828 2492 procella
847 2419 993 2492 prosiliat,
1019 2421 1047 2475 et
1099 2420 1145 2474 nis
1158 2418 1234 2490 (Cot.
1245 2433 1285 2484 ιιι,
1303 2417 1355 2489 ti).
1373 2439 1387 2468 e
1403 2418 1479 2484 Quia
1494 2433 1563 2488 ergo
1579 2417 1721 2474 Dominus
1736 2432 1791 2490 per
1804 2415 1933 2489 inspira·

218 2510 342 2583 quancm
354 2511 565 2582 conquiescat;
579 2525 617 2565 uc
630 2513 684 2566 aut
698 2525 759 2565 non
774 2509 924 2578 exagitata
937 2508 1046 2565 electos
1100 2511 1135 2563 tae
1151 2505 1303 2562 charitatis
1318 2505 1523 2562 tortitudinem
1537 2506 1691 2563 nascentia
1705 2505 1736 2562 in
1757 2503 1847 2562 corde
1860 2503 1933 2560 vitia

218 2614 280 2653 non
303 2602 450 2667 exerceat,
477 2602 529 2653 aut
556 2613 618 2654 non
641 2598 798 2654 moderata
812 2597 842 2652 in
861 2597 1046 2668 protundum
1090 2595 1242 2669 reprimit,
1259 2595 1439 2666 insurgentis
1450 2595 1701 2668 marrsimpetum
1713 2607 1767 2667 per
1778 2593 1933 2650 obstructa

219 2690 345 2758 mergat.
368 2685 527 2758 Sequitur:
543 2687 582 2741 nt
599 2685 647 2743 liic
661 2687 833 2757 confringes
850 2693 980 2743 tumente
992 2689 1049 2756 stn-
1102 2686 1231 2742 claustra
1246 2684 1418 2759 compescit.
1436 2687 1542 2740 Beatus
1554 2683 1644 2755 igitur
1655 2683 1721 2752 tob,
1747 2697 1787 2740 ne
1810 2682 1866 2739 sibi
1880 2682 1932 2739 tri-

220 2783 284 2832 ctns
299 2781 374 2832 tnos.
389 2805 425 2816 -
439 2776 514 2831 Cum
531 2791 599 2832 vero
610 2775 715 2832 notitia
729 2775 799 2832 fidei
819 2791 915 2848 usque
929 2775 968 2831 ad
982 2791 1048 2848 per·
1101 2774 1176 2831 buat
1198 2773 1283 2847 quod
1305 2778 1408 2830 contra
1433 2773 1580 2846 procellas
1604 2772 1704 2829 cordis
1731 2771 1844 2828 fortiter
1862 2775 1929 2836 stat,

219 2868 378 2938 sequentes
391 2864 569 2934 extenditur,
586 2864 699 2920 turbari
711 2864 803 2921 maris
815 2864 904 2920 timor
916 2863 1047 2932 sedatur,
1102 2879 1174 2920 voce
1186 2862 1287 2919 divina
1310 2861 1413 2919 audiat
1442 2879 1449 2918 :
1477 2863 1548 2931 Quts
1559 2862 1706 2926 conclusit
1722 2861 1805 2918 ostiis
1819 2862 1932 2916 munt

220 2953 323 3027 ibique
338 2953 447 3010 tluctus
463 2969 534 3010 suos
547 2969 630 3010 mare
645 2952 765 3025 frangit,
781 2952 834 3026 qui
851 2953 890 3010 ad
904 2952 1048 3024 cognitio-
1103 2956 1137 3010 Et
1149 2953 1274 3025 reliqua.

660 3384 854 3480 LIBER
885 3384 1225 3480 VICESIMUS
1263 3384 1491 3480 NONUS.

257 3751 346 3808 Vrns.
363 3755 405 3807 ιλ
429 3749 576 3822 Nunqntct
586 3754 654 3820 post
669 3755 766 3806 ortum
782 3754 866 3806 tcum
880 3749 1050 3820 precepisti
1067 3752 1175 3806 Asunt
1188 3748 1319 3819 agimus,
1333 3753 1362 3807 et
1376 3753 1476 3808 temen
1490 3750 1676 3824 quibusdam
1687 3751 1932 3809 adhuetenebre·

221 3843 367 3910 diluculo,
396 3847 423 3898 et
449 3840 604 3896 ostendisti
624 3854 742 3896 aurora
764 3840 860 3896 tecum
881 3842 997 3896 snum?
1015 3869 1050 3880 —
1103 3853 1172 3895 rum
1186 3838 1318 3912 reliquiis
1334 3853 1395 3896 non
1409 3853 1548 3896 caremus
1568 3841 1582 3896 ‘l
1606 3841 1679 3897 ilinc
1702 3843 1846 3914 scriptum
1870 3843 1932 3897 est:

223 3931 383 4004 subaudis,
399 3933 432 3988 ut
446 3945 501 4002 ego
516 3933 603 3986 Ortus
615 3929 728 4003 quippe
743 3929 906 3986 divinitatis
930 3929 1051 3986 Domini
1105 3947 1120 3984 ι
1137 3932 1199 3985 Non
1211 3927 1425 4000 justificabitur
1434 3929 1464 3986 in
1480 3933 1642 4003 conspectu
1657 3931 1709 3986 tuo
1723 3931 1823 3987 omnis
1832 3929 1934 3986 vivens

222 4025 291 4078 ente
313 4023 342 4078 et
367 4023 436 4094 post
459 4035 522 4076 non
542 4019 643 4076 habet.
666 4020 752 4076 Ortus
766 4035 837 4076 vero
857 4018 1051 4076 humanitatis
1104 4017 1199 4090 (Pscl.
1215 4033 1283 4086 ιιιιι,
1296 4021 1337 4086 t).
1353 4018 1492 4076 »Pacilus
1507 4019 1720 4092 quoqneait:«
1735 4019 1829 4076 Video
1844 4017 1934 4075 aliam

221 4109 297 4182 ejus,
312 4108 385 4183 qnia
398 4108 487 4182 coepit
501 4107 655 4175 etdesinit,
672 4111 701 4163 et
714 4111 782 4164 ante
802 4111 830 4164 et
852 4115 920 4181 post
941 4107 1051 4164 habere
1104 4106 1203 4178 legem
1216 4107 1248 4164 iu
1261 4107 1406 4165 membris
1419 4109 1494 4164 meis
1504 4113 1733 4182 repugnantem,
1744 4113 1822 4166 »etc
1838 4111 1934 4182 (Rom.

220 4215 243 4264 a
261 4203 396 4272 tempore
419 4197 545 4271 accepit.
572 4197 629 4254 Sed
644 4196 718 4270 quid
736 4197 810 4253 dnm
831 4197 895 4269 ipse
910 4197 1052 4253 umbram
1105 4199 1235 4270 v11,23);
1251 4201 1414 4256 etrnrsum
1430 4215 1468 4254 :a
1484 4201 1548 4256 Nox
1564 4199 1724 4272 praecessit,
1750 4198 1814 4256 dies
1833 4203 1936 4256 sutem

221 4291 330 4344 nostrae
354 4286 582 4360 temporalitatis
602 4285 743 4358 suscepit,
759 4285 863 4342 lumen
884 4286 973 4342 nobis
989 4301 1050 4342 susc
1106 4286 1371 4360 appropinquavit,
1396 4292 1450 4344 etc.
1474 4288 1566 4360 (Rom.
1580 4305 1642 4356 xm,
1660 4288 1711 4361 li).
1741 4288 1807 4345 Dies
1833 4293 1935 4345 autem

224 4373 391 4430 aeternitatis
406 4373 525 4436 inludit,
544 4376 622 4429 recte
647 4388 701 4446 per
725 4373 806 4429 b'unc
828 4377 937 4441 ortum,
960 4389 1052 4446 quem
1106 4379 1219 4433 sanctes
1234 4377 1372 4434 Ecclesiae
1386 4378 1530 4446 macerit,
1553 4393 1623 4436 cum
1637 4379 1665 4436 ei
1679 4379 1808 4436 admista
1821 4375 1936 4452 peccati

223 4463 344 4519 Creator
371 4461 427 4518 sibi
455 4461 487 4517 in
513 4465 647 4534 tempore
672 4461 821 4524 concedit,
841 4460 942 4518 locum
963 4479 1052 4519 suum
1107 4465 1290 4538 umbrajam
1303 4467 1441 4524 nouerit.
1458 4470 1553 4524 Locus
1575 4473 1676 4526 antem
1698 4468 1791 4540 hujus
1819 4483 1936 4524 aurorae

224 4551 288 4609 sine
302 4554 437 4624 tempore
451 4565 561 4606 aurora
579 4549 730 4621 cognovit.
752 4549 826 4615 Quia
849 4549 930 4606 enim
952 4551 1054 4607 dilicu·
1107 4559 1150 4612 est
1162 4555 1293 4630 perfecta
1306 4557 1425 4614 claritas
1438 4557 1560 4614 visionis
1576 4558 1710 4615 internas.
1722 4559 1834 4615 Locum
1846 4569 1936 4613 suum

223 4641 287 4698 lum
301 4641 472 4698 velaurore
485 4657 503 4698 a
516 4639 645 4698 tenebris
659 4639 690 4696 in
713 4638 811 4696 lucem
836 4638 969 4706 vertitur,
990 4655 1053 4696 non
1106 4645 1406 4714 auroraconsiderat,
1422 4646 1661 4720 quandosaneta
1674 4645 1777 4703 anima
1800 4645 1839 4702 ad
1863 4661 1936 4702 con-

223 4730 372 4788 immerito
386 4730 507 4788 diliculo
521 4730 566 4788 vel
582 4745 696 4787 aurorae
709 4729 831 4786 nominc
846 4729 945 4786 omnis
959 4728 1054 4786 Eccle-
1106 4735 1313 4808 temptandam
1328 4735 1494 4792 conditoris
1510 4736 1557 4792 sui
1570 4736 1677 4793 faciem
1686 4735 1935 4807 flagrat,dicens:

224 4819 269 4876 sia
297 4820 458 4877 electorum
486 4821 670 4892 designatur,
698 4836 765 4893 quea
797 4818 837 4876 ab
869 4817 1052 4876 infidelitatis
1106 4845 1122 4874 «
1138 4823 1231 4880 sitivit
1243 4824 1345 4880 anima
1360 4839 1428 4881 mea
1443 4825 1483 4882 ad
1497 4828 1589 4882 Deum
1602 4825 1721 4894 vivum,
1736 4848 1750 4876 e
1763 4827 1818 4882 etc.
1838 4823 1935 4896 (Prot.

224 4909 359 4966 noctead
379 4909 477 4966 lucem
491 4911 563 4967 DDei
576 4910 705 4967 ducitur.
723 4909 797 4965 Hinc
811 4909 892 4966 enim
909 4909 1053 4984 scriptum
1105 4925 1164 4978 xm,
1194 4913 1233 4980 3).
1263 4910 1348 4967 Hunc
1376 4911 1475 4982 signat
1501 4912 1602 4969 locum
1629 4912 1774 4970 Dominus
1802 4911 1935 4969 dicens:

223 5001 288 5055 est:
305 5019 319 5049 α
336 4999 406 5064 Quae
422 4999 530 5056 estista
544 5015 611 5072 quse
624 4999 823 5074 progreditur,
841 4999 929 5072 quasi
943 5013 1053 5056 aurore
1106 5017 1123 5054 ‹
1139 4998 1315 5073 Ubicunque
1330 4999 1418 5057 tuerit
1431 5017 1551 5075 eorpus,
1567 5023 1581 5052 e
1597 5005 1652 5058 etc.
1676 5003 1759 5074 (bnc.
1782 5015 1854 5072 xvir,
1879 5001 1935 5074 ³7).

223 5089 432 5158 consurgens?
448 5109 461 5137 ιι
475 5087 573 5158 (Cant.
583 5103 623 5155 vr,
636 5091 676 5157 9).
692 5087 791 5144 Aliter.
810 5091 925 5145 Aurora
949 5087 996 5145 vel
1009 5087 1051 5143 di·
1071 5092 1178 5156 BQuae
1193 5089 1347 5148 beatitudo
1361 5090 1466 5148 futures
1478 5091 1688 5164 retributionis,
1695 5091 1874 5166 priusquam
1884 5105 1938 5164 per

223 5176 368 5246 luculum,
384 5179 505 5233 noctem
515 5175 638 5250 quidem
652 5176 815 5250 praeterisse
828 5177 976 5245 nuntiant,
996 5192 1052 5233 nec
1107 5191 1217 5251 corpus
1232 5178 1298 5252 ipse
1311 5179 1520 5246 innotesceret,
1539 5179 1571 5236 in
1594 5193 1763 5252 paucorum
1788 5177 1938 5237 intellectu

222 5270 325 5324 tamen
346 5266 405 5324 diei
432 5266 596 5324 claritatem
622 5266 770 5338 integram
790 5265 971 5336 ostendrmt;
987 5266 1051 5338 sed,
1107 5267 1262 5326 continuit.
1279 5269 1436 5343 Sequitur:

223 5373 294 5414 cum
307 5357 392 5414 illam
403 5356 527 5432 pellunt,
554 5357 634 5414 hanc
653 5356 830 5430 suscipiunt,
855 5356 954 5414 lucem
972 5359 1052 5414 tene·
1140 5359 1224 5416 Vens.
1244 5361 1286 5416 tt.
1301 5357 1448 5431 Nonqnid
1466 5359 1589 5417 tenuisti
1608 5359 1780 5417 concutiens
1802 5363 1938 5417 extrema

222 5444 286 5502 bris
310 5447 486 5518 permistam
504 5449 613 5504 tenem.
644 5446 722 5514 Quid
742 5446 842 5520 itaque
863 5445 895 5502 in
913 5446 971 5504 hec
989 5445 1052 5502 vita
1107 5449 1634 5520 terrantsecessistitmpioscnent
1647 5479 1683 5492 -
1697 5449 1836 5507 Extrema
1850 5451 1937 5506 terrae

223 5549 340 5603 omnes,
355 5537 408 5609 qui
422 5538 578 5594 veritatem
604 5537 768 5611 sequimur,
792 5535 848 5592 nisi
872 5549 981 5593 aurora
1003 5534 1051 5592 vel
1106 5537 1250 5594 Dominus
1259 5537 1363 5607 tenuit,
1375 5537 1447 5612 qnia
1456 5537 1487 5595 in
1497 5537 1557 5596 fine
1572 5537 1750 5595 serculorum
1761 5535 1801 5595 ed
1811 5535 1937 5595 destitu-

222 5623 388 5684 diluculum
403 5641 520 5700 sumna,
534 5627 607 5705 quia
620 5632 650 5685 et
660 5627 803 5702 quaedam
814 5626 879 5698 jam
891 5641 960 5700 quse
974 5625 1050 5684 lucis
1104 5629 1168 5685 tum
1176 5628 1241 5700 jam
1247 5631 1277 5687 et
1284 5625 1388 5687 ansuis
1396 5625 1518 5700 regibus
1529 5627 1937 5703 subditamSynagogamre-
