4160 6162
194 177 248 230 287
683 187 699 196 ·
722 167 751 225 S.
773 168 906 226 ononis
924 165 1071 224 anulus
1090 167 1342 228 cebrisetanus
1361 167 1385 223 11
1858 169 1911 224 288

196 298 284 371 cujus
296 295 444 369 adjutorio
458 293 542 351 alecti
565 296 598 350 ut
611 293 746 350 resistere
761 291 881 349 valeant
898 290 1025 348 fulciun-
1040 295 1064 348 Α
1083 291 1162 349 tibus
1176 292 1279 362 dediti,
1291 292 1379 368 quasi
1393 306 1513 365 semper
1535 289 1575 348 ad
1587 291 1650 348 ima
1660 291 1841 348 uehuntur?
1856 290 1913 358 Qui
1996 276 2002 284 ’

196 388 268 444 turi
292 385 369 444 llulti
383 384 464 440 enim
479 398 560 440 nunc
579 383 643 439 vias
664 381 834 439 antichristi
855 381 1025 452 judicantes
1082 380 1162 437 enim
1177 385 1282 439 contra
1299 381 1467 453 voluptates
1489 380 1554 452 ejus
1577 378 1679 436 saeeuli
1700 383 1777 435 stara
1802 378 1914 436 lortiter

198 474 370 548 corripiunt,
384 473 437 530 sed
451 474 509 530 hoc
521 472 610 546 quasi
625 474 655 528 in
670 472 736 543 ejus
750 470 887 527 absentia
900 469 1024 538 iaciunt,
1080 468 1197 538 nolunt,
1211 470 1320 540 glarea
1336 469 1438 542 cocyti
1453 468 1539 538 finnt,
1557 469 1609 541 qui
1625 467 1687 525 suis
1700 467 1835 541 quotidie
1849 467 1914 541 lap-

197 564 270 622 dum
286 562 371 620 illum
386 567 518 634 arguunt
535 578 628 635 quern
651 560 752 618 adhue
778 559 943 634 specialiter
963 573 1025 615 non
1081 557 1164 615 sibus
1185 558 1226 614 ad
1250 559 1365 615 luctum
1385 557 1527 614 tendrmt:
1556 557 1632 614 utin
1647 561 1793 612 ueternum
1808 560 1915 629 postea

196 653 359 709 intuentur.
376 652 535 708 cumvero
559 649 590 706 in
613 649 665 706 illo
685 648 829 706 damnato
842 647 964 704 bomine
976 663 1026 705 ve
1080 645 1212 717 lugeant,
1228 647 1282 720 qui
1302 647 1397 724 modo
1416 661 1448 702 se
1474 645 1506 702 in
1531 645 1593 702 suis
1614 644 1820 718 voluptatibus
1835 644 1913 702 dale·

196 741 283 811 nerit,
307 739 444 814 quisquis
468 740 534 812 ejus
556 737 720 813 praesenb'as
742 736 851 794 resistit
873 752 975 794 eoram
989 752 1026 793 eo
1081 733 1225 791 etabiliter
1238 734 1384 792 relaxant.
1401 736 1435 790 Et
1450 733 1522 806 quia
1543 733 1686 807 antiquus
1710 733 1805 790 hostis
1820 746 1914 790 suum

197 829 279 886 viam
293 829 359 901 ejus
373 831 488 899 arguet.
505 827 591 899 eujus
605 826 684 883 vires
698 825 845 899 conspicit
855 829 884 882 et
895 830 1026 883 contem·
1080 838 1136 880 vas
1150 822 1234 880 illum
1249 823 1413 896 reprobum
1428 821 1584 880 hominem
1597 822 1750 893 ingressus
1769 821 1845 879 dum
1859 821 1915 878 do·

197 916 315 974 nit.Vel
328 921 406 973 certe
416 916 496 972 riam
508 916 573 988 ejus
589 930 713 986 arguere
728 918 782 978 est,
798 914 1026 988 prosperitatem
1080 927 1122 969 na
1135 913 1281 986 perversis
1298 911 1412 980 tribuit,
1426 911 1501 968 dum
1523 926 1575 968 eos
1598 911 1630 968 in
1648 911 1707 968 hoe
1727 910 1844 968 mundo
1856 911 1913 968 ho·

199 1020 305 1061 cursus
317 1005 382 1076 ejus
392 1007 503 1061 caterno
511 1003 658 1078 supplicio
671 1001 883 1060 interveniente
894 1000 1023 1058 turbare.
1080 1001 1205 1058 neribus
1218 1001 1340 1070 extollit,
1356 1001 1430 1058 dum
1443 1017 1549 1058 eorum
1560 1000 1654 1057 oculis
1667 1001 1913 1074 prodigiaosten·

199 1092 287 1160 Quod
300 1093 373 1166 quia
387 1093 532 1150 Dominus
554 1092 651 1150 solum
675 1091 798 1166 propria
809 1091 915 1147 virtute
934 1088 1026 1146 iaetu·
1081 1091 1134 1160 dit,
1145 1091 1219 1148 dum
1233 1091 1323 1148 ssuxae
1337 1095 1453 1148 mentes
1467 1091 1548 1147 bunc
1567 1090 1599 1146 in
1614 1091 1676 1146 suis
1699 1089 1844 1164 prodigiis
1858 1091 1914 1147 mi-

198 1199 251 1241 rus
266 1187 321 1254 est,
337 1183 375 1240 de
397 1199 459 1256 quo
484 1183 629 1256 scriptum
653 1186 715 1240 est:
742 1203 756 1231 ι
768 1184 862 1247 Quem
879 1178 1025 1236 Dominus
1080 1183 1185 1236 rantur
1205 1184 1233 1236 et
1248 1184 1424 1252 sequuntur,
1440 1177 1518 1234 bene
1539 1179 1578 1235 do
1599 1194 1635 1235 ao
1662 1178 1787 1236 dicitur:
1808 1179 1914 1236 Dahis

198 1271 449 1331 Jesusinterfieiet
462 1271 567 1346 spiritu
580 1271 639 1328 oris
655 1270 701 1328 sui
715 1269 886 1328 etdestruet
900 1267 1026 1324 illustra·
1079 1269 1141 1338 suit
1163 1269 1275 1338 glareis
1296 1268 1407 1338 Cocyti.
1423 1265 1595 1324 cumcuim
1615 1266 1698 1324 huno
1713 1265 1797 1323 electi
1814 1266 1915 1340 despi-

198 1361 278 1418 tione
292 1361 439 1418 adventus
452 1361 498 1418 sui
512 1361 555 1430 (ll
571 1361 670 1418 Thess.
688 1377 720 1428 ιι,
736 1360 792 1432 sp»
807 1361 886 1416 recte
898 1357 1024 1414 dieitur:
1081 1357 1174 1428 ciunt,
1188 1373 1257 1414 oum
1271 1358 1380 1414 mentis
1404 1357 1485 1414 calce
1501 1361 1709 1422 contemnunt,
1725 1356 1766 1413 iili
1780 1371 1851 1413 eum
1867 1372 1915 1413 se-

200 1450 270 1518 Qois
282 1457 389 1522 arguet
399 1466 501 1508 eoram
511 1467 544 1508 eo
554 1452 633 1508 υίαοι
645 1453 731 1520 ejus?
745 1448 827 1506 Unde
838 1451 867 1504 et
877 1447 1024 1521 sequitur:
1081 1450 1207 1520 quantes
1219 1445 1356 1517 diligunt,
1373 1445 1425 1519 qui
1439 1445 1518 1502 velut
1532 1445 1572 1502 ab
1593 1461 1675 1519 aqua
1696 1444 1859 1519 voluptatis
1873 1444 1915 1502 ad

200 1539 236 1596 Ut
249 1555 312 1611 quac
322 1540 395 1610 serit
409 1541 472 1611 quis
488 1540 590 1596 reddet
605 1539 652 1596 eii
669 1539 740 1604 Quis
752 1537 895 1594 nimirum
905 1535 1027 1592 nisibe·
1081 1538 1261 1610 perpetuum
1286 1534 1401 1592 luctum
1425 1535 1595 1601 trahuntur,
1609 1535 1663 1608 qui
1686 1551 1740 1608 per
1762 1538 1914 1592 terrenam

198 1627 299 1684 minus
313 1628 365 1701 qui
381 1628 462 1684 solus
474 1628 515 1684 illi
529 1627 646 1701 perdito
660 1627 774 1684 homini
790 1643 858 1699 quea
873 1625 941 1682 lecit
960 1625 1026 1682 red·
1042 1645 1064 1698 g
1083 1625 1357 1698 concupiscentiam
1372 1641 1456 1681 more
1471 1624 1562 1696 glarae
1574 1623 1759 1698 quotidianis
1776 1624 1915 1698 lapsibus

199 1715 258 1779 det,
269 1715 343 1772 dum
358 1719 536 1789 potestatem
551 1716 616 1788 ejus
627 1719 690 1772 tam
703 1714 834 1772 validam
849 1731 904 1788 per
917 1715 1022 1771 adven·
1082 1714 1122 1772 ad
1147 1714 1209 1770 ima
1222 1714 1409 1771 dilabuntur.
1424 1714 1580 1789 Sequitur:
1605 1714 1645 1770 lt't
1665 1720 1735 1785 post
1754 1729 1784 1772 se
1797 1729 1914 1772 omnen

199 1807 263 1860 tum
295 1821 384 1860 suum
414 1809 526 1863 oeterra
556 1805 749 1862 damnatione
778 1803 956 1861 contriverit.
980 1805 1028 1860 Se·
1083 1805 1230 1862 bominem
1245 1803 1353 1873 tradet,
1365 1809 1393 1860 et
1409 1809 1479 1862 onte
1491 1819 1522 1861 se
1533 1805 1779 1862 innumerabiles.
1795 1803 1915 1860 Hoclo-

199 1893 319 1966 quitur:
428 1889 432 1900 '
1082 1909 1118 1950 oo
1140 1893 1232 1950 bomo
1251 1892 1388 1950 humana
1407 1893 1528 1966 sapiens
1551 1892 1670 1950 dieitur.
1687 1893 1744 1950 Sed
1759 1909 1830 1950 eum
1845 1893 1915 1966 plus

214 2002 217 2007 ·
234 1984 317 2040 vrrs.
329 1987 373 2039 32.
390 1985 457 2054 lpse
475 1985 516 2041 od
527 1986 668 2054 sepulcro
683 1984 818 2052 ducetur,
833 1989 862 2040 et
876 1985 908 2040 in
925 1999 1028 2055 rouge
1083 1983 1142 2039 sint
1155 1997 1261 2040 omnes
1274 1997 1369 2055 quam
1382 1982 1628 2051 innumerabiles,
1644 1983 1843 2056 quaerendum
1858 1998 1914 2039 no·

200 2072 244 2128 rie
265 2077 452 2130 mortuorum
478 2073 623 2145 vigilabit.
639 2106 674 2114 -
693 2072 769 2140 Quia
792 2071 929 2146 sepulcra
950 2087 1028 2129 mor·
1081 2071 1129 2128 bis
1141 2075 1187 2127 est
1200 2087 1254 2128 eur
1267 2075 1336 2128 ante
1358 2087 1389 2128 se
1410 2070 1655 2140 innumerabiles,
1671 2075 1700 2128 et
1722 2075 1792 2145 post
1806 2087 1838 2127 se
1850 2087 1915 2128 om·

198 2163 266 2218 tuos
280 2165 452 2233 contegunt,
467 2161 542 2236 quid
556 2161 638 2218 aliud
652 2177 707 2236 per
721 2161 868 2234 sepulcra,
879 2177 973 2235 quam
983 2177 1028 2217 re·
1082 2175 1137 2216 nes
1163 2160 1280 2217 trahere
1294 2159 1413 2232 dicitur,
1428 2159 1486 2216 nisi
1509 2159 1592 2234 quod
1607 2159 1750 2233 antiquus
1773 2159 1868 2216 hostis
1884 2160 1916 2217 in

197 2248 364 2322 proborum
378 2251 471 2308 corda
490 2251 657 2324 signantur,
671 2251 701 2308 in
715 2250 827 2324 quibus
843 2251 994 2307 exstinctas
1009 2267 1029 2307 a
1082 2248 1247 2322 reprobum
1258 2252 1329 2304 tunc
1351 2249 1507 2305 hominem
1519 2249 1683 2320 ingressus,
1699 2251 1823 2306 cunctos
1835 2265 1916 2322 quos

198 2336 259 2395 vita
273 2337 465 2396 beatitudinis
480 2341 589 2398 anima
606 2340 687 2398 velut
704 2341 734 2396 in
756 2339 900 2414 sepulcris
912 2339 1028 2397 latenti
1083 2335 1219 2394 carnales
1230 2336 1386 2408 invenerit,
1403 2337 1535 2394 subsuta
1557 2338 1667 2410 jugum
1690 2337 1810 2394 ditionis
1823 2337 1914 2412 rapit.

198 2425 322 2500 Iniquus
346 2443 418 2500 crgo
444 2429 497 2486 iste
519 2429 559 2486 ad
574 2429 712 2502 sepulcra
726 2428 893 2492 deducitur,
911 2428 983 2502 quia
996 2429 1029 2485 in
1084 2425 1140 2492 Qui
1166 2429 1195 2481 et
1215 2440 1296 2481 nunc
1320 2425 1498 2499 priusquam
1518 2430 1665 2500 appareat
1678 2426 1915 2484 innumerabiles

198 2530 364 2588 pravorum
379 2517 522 2574 cordibus
548 2517 717 2591 recipietur,
732 2516 887 2590 quomodo
909 2516 964 2573 soli
987 2515 1029 2573 illi
1083 2514 1217 2588 quidem,
1233 2529 1295 2571 non
1318 2519 1421 2572 tamen
1442 2531 1549 2572 omnes
1572 2515 1707 2572 carnales
1726 2514 1824 2582 trabit,
1841 2515 1917 2589 quia

199 2618 269 2659 eum
283 2604 459 2676 suscipiunt,
473 2605 504 2661 in
527 2605 638 2678 quibus
660 2609 786 2661 mortue
808 2604 950 2662 animare
969 2607 1029 2662 [teo
1083 2601 1216 2676 quotidie
1235 2617 1254 2658 a
1276 2601 1389 2658 carnali
1401 2617 1491 2675 opere
1507 2603 1547 2660 ad
1559 2601 1652 2660 ritem
1670 2602 1757 2660 mulii
1769 2618 1915 2660 revocan-

198 2691 397 2763 reperiuntur.
420 2695 459 2749 Dc
482 2708 544 2765 quo
564 2697 642 2750 recte
666 2692 766 2760 etiam,
781 2691 855 2749 dum
877 2693 942 2765 ejus
961 2709 1030 2767 sup·
1084 2696 1140 2756 tur,
1157 2695 1247 2766 atque
1263 2691 1303 2749 ad
1322 2696 1435 2750 statum
1447 2693 1569 2765 Justitiae
1583 2693 1633 2750 olii
1647 2709 1702 2768 ρον
1715 2693 1848 2762 brevem,
1865 2694 1916 2751 alii

199 2779 288 2853 plicia
301 2779 548 2851 describerentur,
564 2797 619 2855 ρον
633 2781 813 2856 prophetam
831 2781 948 2840 dicitur.
972 2805 986 2832 «
999 2787 1029 2840 tn
1083 2795 1154 2838 vero
1175 2796 1230 2854 ρον
1255 2780 1378 2852 longam
1403 2781 1610 2855 paenitentiam
1624 2782 1770 2851 redeunt;
1789 2787 1819 2840 et
1832 2799 1915 2840 nunc

200 2867 324 2924 circuitu
349 2867 427 2925 illius
452 2870 591 2944 sepulcra
618 2871 694 2943 ejus,
714 2886 820 2927 omncs
844 2869 987 2928 interiecti
1002 2875 1030 2928 at
1083 2869 1318 2926 innumerabiles
1332 2870 1420 2944 rapit,
1435 2885 1505 2926 eum
1522 2869 1659 2927 falsitatis
1683 2887 1746 2928 suae
1761 2871 1914 2944 stupenda

199 2955 252 3031 qui
266 2957 436 3016 oeciderunt
458 2958 558 3031 gladio
573 2959 691 3031 (Erret.
707 2975 775 3028 xnr,
792 2960 870 3032 22).»
888 2959 930 3016 illi
944 2960 1065 3056 quipC
1083 2958 1258 3016 hominibus
1281 2959 1368 3030 signa
1392 2973 1454 3016 non
1480 2959 1608 3017 exbibet.
1624 2962 1698 3018 Cum
1719 2975 1791 3017 vem
1811 2975 1915 3018 coram

199 3059 238 3119 pe
259 3045 290 3102 in
313 3045 429 3104 interno
453 3047 540 3119 iuxta
564 3047 648 3104 illum
678 3052 756 3106 sunt.
784 3049 901 3105 Sataore
928 3048 1030 3122 itaque
1084 3047 1251 3106 carnalium
1264 3047 1358 3104 oeulis
1371 3047 1564 3106 mirandaeis
1579 3047 1917 3123 prodigiafecerit,post

199 3134 232 3192 in
255 3135 394 3207 congerie
420 3141 609 3200 mortuorum
637 3137 760 3208 vigilare
788 3142 846 3207 est,
874 3138 903 3194 in
930 3154 1030 3212 repro
1085 3153 1115 3194 se
1141 3141 1213 3194 tuno
1237 3153 1298 3195 non
1320 3137 1566 3209 innumerabiles,
1589 3137 1642 3194 sed
1670 3153 1776 3195 omnes
1806 3139 1914 3206 trahit;

199 3223 310 3281 borum
336 3225 477 3284 cordibus
499 3227 619 3284 malitiae
648 3243 710 3284 suae
734 3227 858 3284 astutias
881 3243 1027 3284 exercere.
1083 3225 1157 3299 quia
1178 3225 1267 3282 bonis
1289 3225 1487 3299 praesentibus
1510 3226 1706 3302 delectantur,
1719 3226 1858 3300 potestati
1881 3227 1915 3283 il·

202 3312 359 3386 Sequitur:
1083 3314 1141 3370 lius
1154 3329 1186 3370 se
1198 3313 1315 3389 absque
1324 3314 1532 3372 retractatione
1545 3315 1718 3388 subjiciunt.
1731 3316 1797 3373 Haeo
1806 3315 1916 3373 beatus

236 3401 318 3456 Vsus.
343 3405 387 3458 33.
409 3402 512 3459 Dulcis
524 3403 585 3473 tait
605 3405 718 3474 garrera
743 3404 856 3474 Cocyti.
873 3436 907 3446 —
928 3405 1030 3462 Gracco
1083 3403 1149 3476 lob,
1163 3403 1216 3478 qui
1231 3407 1335 3462 eontra
1356 3404 1531 3478 iniquorum
1545 3405 1712 3480 prinoipem
1731 3405 1807 3463 mire
1820 3405 1916 3464 disse-

200 3486 304 3560 l'mgua
328 3489 466 3562 cocytus,
481 3489 579 3548 luctus
597 3490 714 3560 dieitur,
730 3491 784 3564 qni
805 3495 907 3548 tamen
930 3491 1028 3549 luctus
1083 3492 1151 3564 ruit,
1166 3492 1219 3566 qui
1231 3492 1262 3549 in
1274 3493 1332 3550 bae
1345 3492 1407 3550 vito
1427 3491 1526 3551 extolli
1541 3493 1729 3568 permittitur,
1745 3493 1797 3552 sed
1813 3494 1845 3550 in
1859 3495 1914 3552 ad-

200 3574 381 3634 feminarum
403 3577 450 3634 vel
478 3577 682 3651 quorumlibet
708 3578 927 3637 infirmantium
955 3580 1030 3638 solet
1082 3583 1174 3638 ventu
1188 3580 1306 3637 Domini
1327 3580 1506 3653 destruetur,
1521 3581 1558 3638 de
1574 3597 1605 3640 se
1624 3585 1762 3656 patenter
1783 3581 1916 3640 ostendit

200 3661 333 3734 intelligi.
366 3664 519 3738 Sapientes
545 3664 637 3736 buius
661 3665 763 3722 saeculi
788 3681 807 3722 a
827 3665 894 3723 luce
922 3667 1029 3724 verita·
1083 3668 1156 3742 quie
1169 3667 1289 3740 flagella
1304 3668 1459 3727 [lominica
1471 3684 1534 3726 non
1548 3686 1586 3726 οιι
1598 3669 1764 3728 offensione
1777 3686 1916 3744 suscepe⁴

200 3750 237 3808 tis
263 3750 385 3824 exclusi,
414 3753 502 3826 quasi
526 3751 652 3810 umbras
679 3753 832 3828 quasdam
860 3754 898 3812 de
926 3755 1030 3813 verita-
1082 3758 1131 3830 rit,
1145 3757 1300 3831 quomodo
1320 3757 1344 3814 si
1367 3758 1490 3832 iniquus
1505 3759 1634 3833 quisque
1655 3759 1686 3816 in
1701 3760 1759 3818 bae
1777 3759 1838 3818 rita
1849 3775 1915 3833 per-

200 3838 237 3897 tis
262 3839 454 3914 inquisitione
483 3845 581 3900 tenere
619 3842 718 3900 conati
751 3848 832 3902 sunt.
861 3843 944 3902 Unde
974 3847 1028 3904 Co·
1082 3846 1207 3904 mittitur
1221 3847 1404 3921 prosperari,
1416 3861 1540 3905 necesse
1555 3851 1599 3905 est
1623 3851 1658 3906 ut
1669 3848 1780 3906 electus
1795 3848 1845 3906 Dei
1860 3847 1914 3905 de-

201 3933 304 4002 cytnm
332 3927 458 3988 flurium
497 3946 615 3990 currere
653 3931 736 4006 apud
773 3931 884 3990 interos
909 3937 1030 4007 putave-
1082 3935 1153 3992 beat
1165 3935 1223 3992 snb
1235 3935 1346 4007 flagelli
1365 3936 1480 3994 fervore
1496 3937 1598 4005 teneri,
1614 3953 1652 3994 ex
1672 3953 1777 4010 quare
1796 3938 1914 3996 amieos

199 4023 279 4088 runt,
300 4019 436 4078 videlieet
462 4020 657 4092 designantes
678 4021 763 4096 quod
798 4021 829 4078 bi
857 4022 908 4096 qui
937 4022 1029 4094 digna
1083 4023 1184 4095 arguit
1195 4024 1319 4082 dicens:
1733 4045 1737 4054 “

199 4106 355 4166 doloribus
376 4125 468 4184 opera
487 4109 611 4184 iaciunt,
624 4110 655 4167 in
676 4108 828 4168 infernum
853 4110 892 4168 ad
913 4110 1028 4168 luctum
1119 4113 1205 4170 Vane.
1222 4115 1266 4172 ³4.
1290 4115 1440 4184 Quomodo
1462 4116 1558 4188 ditur
1572 4115 1771 4173 consolemini
1782 4131 1829 4174 me
1844 4117 1915 4186 sru-

199 4195 371 4254 moment.
399 4199 548 4272 Scriptum
573 4199 685 4274 quippe
712 4203 778 4258 est:
798 4199 949 4256 «viriliter
968 4201 1029 4272 agi-
1082 4207 1157 4272 stre,
1178 4219 1245 4260 cum
1264 4205 1415 4274 responsio
1430 4209 1529 4261 oestro
1551 4219 1723 4276 repugnare
1736 4211 1853 4262 ostenso
1874 4207 1914 4262 sit

199 4285 239 4356 te,
263 4287 292 4340 et
311 4285 493 4342 eonfortetur
516 4302 567 4342 eor
589 4291 722 4344 vestrum
747 4287 842 4359 (Prot.
863 4303 927 4355 mx,
943 4289 999 4360 25).
1013 4309 1027 4340 »ι
1083 4293 1226 4350 vedtoti‘t
1237 4293 1332 4349 Amici
1345 4293 1427 4350 beati
1441 4293 1496 4350 lob
1511 4309 1581 4350 eum
1594 4293 1743 4352 consolari
1754 4309 1815 4352 nou
1831 4297 1914 4368 pote

201 4371 257 4438 Qui
291 4373 372 4430 enim
401 4373 432 4430 in
465 4373 593 4432 Domino
626 4373 785 4435 contortori
818 4380 958 4446 renuunt,
988 4351 1063 4434 adD
1082 4382 1159 4442 rant,
1175 4378 1280 4453 inquo
1296 4379 1358 4439 suis
1371 4380 1562 4438 sermonibus
1577 4381 1695 4440 veritati
1713 4381 1912 4440 contraibant.

199 4459 315 4516 luctum
342 4475 397 4533 per
434 4462 528 4520 animi
564 4463 767 4522 infirmitatem
795 4463 931 4522 endunt.
961 4465 1027 4524 Gla·
1082 4468 1218 4541 cumque
1236 4467 1306 4526 hine
1330 4468 1520 4542 hypocritam
1545 4469 1593 4527 vol
1618 4470 1746 4545 impium
1769 4471 1913 4543 dicerent,

199 4563 284 4606 ream
309 4548 426 4624 lapillos
450 4549 611 4609 fluminum
633 4551 784 4625 appellare
802 4553 1027 4624 consuevimus,
1082 4572 1136 4630 ρον
1149 4556 1207 4613 boc
1232 4557 1316 4631 quod
1339 4557 1396 4632 ipsi
1423 4557 1600 4616 mentientes
1621 4560 1836 4634 perpetrabant
1849 4560 1913 4618 cul-

200 4653 278 4711 quos
300 4653 381 4712 aqua
407 4639 543 4698 defluens
566 4639 665 4698 trabit.
694 4639 772 4709 Quid
794 4653 865 4712 ergo
892 4657 947 4716 per
967 4642 1028 4714 gla·
1082 4661 1164 4719 pam,
1180 4645 1333 4716 augebant
1354 4645 1567 4720 proculdubio
1586 4663 1709 4720 poenam
1723 4648 1796 4720 iusti
1810 4647 1914 4706 vulne·

199 4741 293 4800 ream,
308 4728 367 4786 nisi
381 4729 502 4804 reprobi
514 4729 720 4802 designantur,
736 4729 789 4806 qui
809 4730 871 4788 suis
890 4730 1027 4806 volupta-
1081 4733 1167 4791 ribus
1182 4731 1293 4791 afflicti.

700 5021 870 5116 LIBER
909 5023 1118 5114 SEXTUS
1156 5025 1414 5118 DEClMUS.

895 5171 1207 5202 -ιῴ

502 5272 620 5330 CAPUT
644 5273 721 5330 xxu.
1116 5276 1205 5335 Vsas.
1223 5283 1248 5349 i,
1263 5283 1290 5337 2.
1305 5280 1452 5352 Nunquid
1472 5281 1532 5339 Deo
1551 5283 1724 5353 comparari
1738 5287 1836 5354 potest
1859 5282 1913 5339 lto·

236 5361 292 5427 Qui
319 5365 423 5420 contra
446 5361 578 5419 veritatis
603 5362 728 5420 verba...
755 5363 933 5435 allegatione
956 5363 1028 5421 deii·
1080 5381 1138 5434 mo,
1162 5368 1252 5424 etiam
1277 5383 1344 5426 eum
1361 5369 1506 5439 perfecta
1527 5370 1622 5441 fuerit
1644 5371 1798 5427 scientia?
1818 5401 1853 5410 —
1880 5373 1913 5425 ln

200 5447 292 5516 ciunt,
309 5463 388 5523 sape
402 5450 492 5508 etiam
506 5453 579 5508 nota
592 5447 747 5524 replicant,
762 5466 800 5508 ne
814 5452 942 5509 tacendo
957 5452 1027 5510 victi
1081 5455 1305 5529 comparatione
1320 5455 1430 5512 etenim
1445 5457 1506 5528 Dei,
1520 5457 1644 5515 scientia
1658 5463 1761 5514 nostra
1770 5458 1913 5528 ignoran-

200 5535 367 5594 videantnr.
393 5539 475 5595 Unde
502 5538 638 5616 Elipbae,
655 5537 735 5597 beati
757 5539 813 5597 Job
838 5541 1028 5600 sermonibus
1081 5543 1121 5602 tia
1145 5549 1197 5601 est.
1224 5547 1266 5601 Ex
1288 5544 1339 5601 Dei
1362 5559 1495 5619 namque
1520 5546 1748 5623 participatione
1763 5545 1911 5620 sepimus,

200 5639 334 5698 pressais,
346 5639 384 5684 ca
396 5625 468 5683 dicit
478 5641 547 5703 qua
561 5625 662 5688 nonos
676 5629 805 5700 ignorat,
818 5629 858 5688 ait
872 5629 970 5688 enim:
1081 5647 1144 5690 non
1157 5632 1392 5707 comparatione.
1409 5635 1566 5712 Sequitur:
