4156 6182
170 90 199 184 ιι
685 118 956 180 ιιιοιιιιοιιιιιι.
972 145 1006 156 -
1024 115 1179 178 sunam„
1200 125 1228 178 s,
1250 127 1391 184 000Nffi⁸
1656 136 1658 148 ·
1845 130 1880 184 ,2

171 252 302 324 Quaque
315 247 394 302 enim
406 245 587 302 monasteria
610 243 641 300 in
669 259 773 300 eorum
788 241 899 296 tinibus
915 255 998 294 cons·
1018 248 1041 298 a
1057 243 1136 297 vensi
1148 245 1187 299 alr
1203 247 1293 304 llbalo
1309 250 1416 307 comite
1440 249 1573 309 Tutelam
1598 247 1746 307 adductus
1774 249 1880 309 fuerat,

172 339 375 406 tructaeraut,
394 333 452 406 jnrl
479 333 571 407 patris
599 333 693 388 nostrl
717 348 751 387 ea
775 329 940 394 tradebant,
968 331 1000 382 ut
1056 331 1147 402 liujus
1160 335 1199 388 rei
1216 335 1349 410 diploma
1378 337 1535 393 auodutto
1550 355 1618 411 rege
1634 353 1812 398 eoncessum
1827 337 1882 398 ha-

170 431 274 484 nostro
290 441 371 482 moro
388 424 546 493 corrigeret
561 425 589 480 et
608 421 797 478 ordinaret.»
814 417 1001 476 aionasterio-
1052 417 1106 474 bes
1122 421 1151 481 iu
1167 425 1318 485 additione
1335 429 1365 481 V.
1391 430 1421 482 tl.
1439 426 1581 498 Stephani
1596 427 1704 486 Balnea
1719 427 1882 486 Tutelensis

172 533 240 572 rum
263 513 411 588 ejusmodi
441 517 613 570 accuratam
628 512 774 568 rationem
790 509 863 565 intre
882 505 1000 564 difficile
1054 509 1092 564 ab
1107 509 1157 576 lib.
1175 531 1224 568 ιιι
1240 511 1277 570 do
1302 513 1469 572 Concordia
1486 531 1552 588 cap.
1576 521 1620 572 25.
1637 519 1718 574 lune
1736 533 1802 577 vero
1816 532 1883 574 mos

172 605 386 662 fueritzobvla
409 607 513 662 notare
540 601 677 663 sufficiat.
703 601 734 656 ln
763 599 855 656 Gallia
881 595 1001 654 Invenio

173 695 252 768 apud
270 694 440 750 Lemovices
456 691 666 748 Aureliaeense
680 693 708 747 et
723 689 888 758 Tutelense,
904 686 1000 743 Sarta-

172 788 252 840 tense
262 783 293 839 in
303 799 383 858 pago
396 780 638 852 Petrocorioensi,
651 781 681 836 ln
693 777 865 836 Biturioensi
877 775 1001 832 Dolensc

171 875 199 928 et
213 871 420 936 basciacense,
436 871 466 926 in
478 869 683 925 aurelianensi
708 867 903 936 Floriaccnse,
920 861 1000 938 apud

173 962 306 1018 Senonas
323 963 350 1018 S.
369 959 443 1016 Petri
455 959 530 1027 Viri,
547 959 629 1032 apud
644 959 782 1014 Turonos
797 960 824 1014 S.
840 953 956 1024 iuliani,
972 953 1001 1007 ln

171 1066 250 1123 pago
267 1049 423 1106 Waldensi
438 1047 593 1104 abbatiam
607 1049 837 1112 Romanensem,
862 1045 890 1100 in
907 1043 1001 1100 atatis-

75 1188 81 1208 ,
172 1137 297 1194 ennensi
312 1137 530 1192 Carilocensem
546 1153 615 1191 cum
631 1136 704 1190 eliis.
722 1135 752 1189 ln
768 1129 848 1190 ltalia
874 1132 1001 1200 legimus

174 1227 257 1300 apud
272 1227 417 1282 loannem
433 1226 583 1282 Ticiucnse
600 1225 692 1280 sancti
713 1221 879 1292 augustini,
897 1225 1000 1276 llorna-

174 1331 247 1370 num
261 1314 354 1370 saneti
370 1313 461 1376 Pauli,
482 1312 692 1378 adventinum,
710 1309 1000 1384 Subpentoniauuru,

173 1409 201 1460 et
225 1402 455 1459 salernitanum.
479 1405 516 1457 lle
544 1403 589 1457 bis
605 1401 746 1458 ouuribus
763 1399 904 1473 qrrrrdam
921 1398 1002 1454 stric-

171 1491 224 1546 tim
241 1489 439 1546 observanda.

1055 605 1127 672 erat,
1143 606 1174 660 ut
1188 605 1260 678 qtria
1275 605 1411 680 pluribus
1424 605 1612 664 monasteriis
1621 621 1699 666 unus
1712 607 1787 664 haut
1801 605 1883 667 suffi-

1056 706 1120 746 cere
1132 697 1246 764 poterat
1255 693 1352 752 abbas
1368 693 1590 762 bruniaceusis3
1618 694 1725 750 iisdem
1740 697 1805 768 ejus
1819 696 1884 752 vice

1056 772 1236 852 proabbates
1263 801 1316 840 sen
1341 783 1502 844 coabbates
1521 782 1753 858 praeficerentur,
1773 784 1884 856 quibus

1056 875 1160 944 postca
1176 871 1273 928 solunt
1287 873 1392 946 prieris
1403 889 1515 932 nomen
1529 873 1664 930 relictum
1680 876 1733 930 est.
1746 872 1822 930 illud
1834 889 1886 946 pe-

1056 961 1095 1014 tet
1110 975 1144 1013 cs
1159 959 1253 1016 llario
1265 961 1294 1016 iu
1308 961 1448 1018 cleonice
1466 962 1494 1018 S.
1510 960 1587 1016 Petri
1606 961 1668 1018 Viri
1683 960 1766 1032 apud
1795 961 1885 1024 Seno-

1056 1062 1120 1114 nas,
1136 1064 1197 1128 qno
1213 1047 1242 1104 iu
1256 1049 1322 1104 loro
1337 1049 1474 1106 Samsoui
1485 1049 1587 1106 abbati
1613 1073 1626 1098 «
1646 1047 1790 1107 successit
1801 1065 1885 1106 sanc·

1056 1137 1103 1192 tus
1120 1135 1194 1208 (lile,
1223 1138 1275 1212 qui
1301 1139 1466 1194 accersiens
1489 1139 1669 1198 willelmum
1684 1138 1884 1212 archiepisco-

1055 1239 1139 1300 purn,
1155 1242 1222 1282 carm
1237 1243 1389 1284 consensu
1405 1227 1623 1284 monachorum
1641 1229 1668 1284 S.
1688 1227 1763 1287 Petri
1778 1225 1883 1300 proeie·

1056 1313 1094 1370 eit
1107 1313 1202 1370 eidem
1219 1315 1357 1370 orrrrobio
1388 1315 1575 1386 arigaudum
1599 1315 1751 1388 abbatem,
1767 1314 1884 1384 rolino

1056 1420 1124 1468 sum
1138 1407 1167 1460 ct
1182 1403 1334 1460 timentem
1352 1408 1456 1476 ileum,
1488 1405 1675 1460 monachum
1690 1406 1718 1460 S.
1735 1403 1885 1462 Benedicti

1057 1508 1149 1566 supra
1166 1493 1301 1562 ligerim.
1321 1517 1333 1542 ιι

207 1579 349 1636 Geraldus
360 1596 460 1634 eomes
475 1579 691 1636 Aurelianensis
706 1573 1003 1650 ict'Anrillaeipiissi-
1022 1598 1041 1652 Β
1091 1587 1135 1638 23,
1152 1581 1233 1638 laem
1249 1583 1287 1638 ab
1304 1581 1581 1656 odoneprffistitum
1599 1585 1674 1654 puto
1689 1581 1718 1638 in
1735 1579 1885 1638 Turonico

171 1683 249 1740 mus,
262 1691 275 1719 ιι
286 1673 449 1744 postquam
462 1669 562 1724 (lirino
573 1667 663 1723 cultui
680 1684 744 1722 sese
757 1665 939 1738 mancipavit
949 1681 1002 1738 per

171 1759 284 1830 omnia,
295 1761 326 1814 ut
334 1776 389 1818 sna
400 1775 519 1832 astroque
531 1758 655 1813 tlorniuo
667 1760 865 1821 corisocraret‚
874 1757 1001 1810 Romam

171 1849 384 1926 prolectusest,
400 1854 426 1904 et
440 1848 630 1904 aureliacum
646 1845 762 1916 insigne
775 1844 922 1919 prndium
933 1843 1002 1899 bea-

171 1941 201 1994 to
218 1942 300 1994 Petro
329 1937 538 2010 apostolorum
567 1935 705 2010 principi,
734 1935 812 1991 iacto
832 1933 1002 1990 solemniter

173 2031 350 2084 testamento
367 2025 526 2096 delegavit,
545 2043 614 2080 cum
628 2026 717 2080 tatutis
742 2023 878 2080 videlicet
892 2039 1003 2094 appen-

173 2115 268 2186 diciis,
280 2131 348 2188 quae
361 2115 527 2184 monachis,
540 2131 617 2188 qnos
628 2113 740 2168 ibidem
751 2127 934 2182 congregare
945 2109 1004 2165 dis-

174 2209 323 2278 posuerat,
340 2205 378 2260 ad
404 2220 493 2260 omne
516 2203 696 2277 stipendium
712 2201 846 2258 sufficere
869 2204 1001 2274 possent.

173 2295 303 2348 Censura
319 2307 440 2366 quoqne
453 2289 610 2360 delegavit,
622 2289 674 2364 qui
690 2289 729 2346 ad
746 2305 854 2345 urnam
865 2287 946 2344 beati
956 2291 1004 2343 Pe-

172 2384 208 2438 tri
224 2381 381 2438 annuatim
397 2380 579 2448 redderetur,
593 2402 606 2429 ιι
622 2395 731 2454 nempe
747 2403 759 2427 ιι
774 2379 879 2434 decem
896 2377 1003 2434 solido

1056 1669 1150 1728 saneti
1160 1671 1267 1728 tuliani
1282 1671 1429 1736 stanchia,
1439 1671 1523 1744 quod
1537 1675 1671 1744 tempore
1687 1669 1887 1742 Gregoriiepi-

1055 1759 1139 1832 scopi
1155 1765 1370 1828 constructum,
1388 1759 1440 1816 scd
1454 1775 1471 1816 a
1485 1758 1677 1816 Nortmauuis
1691 1762 1796 1834 postea
1807 1774 1886 1816 ever·

1056 1867 1133 1918 sum,
1149 1867 1218 1906 curu
1248 1849 1367 1906 Teotolo
1389 1849 1643 1922 archiepiscopus,
1659 1847 1807 1907 Gersende
1820 1849 1886 1920 ejus

1057 1955 1157 1994 sorore
1173 1939 1325 2012 suppetias
1340 1939 1462 2011 serente,
1475 1939 1682 2009 instaurasset,
1701 1959 1714 1986 ιι
1727 1936 1885 1994 ecelesiam

1056 2028 1245 2084 inhonorem
1258 2031 1308 2086 liei
1322 2028 1471 2098 genitricis
1480 2027 1634 2100 sanctique
1646 2026 1753 2084 iuliani
1767 2025 1885 2083 dedice-

1058 2117 1098 2172 vit
1109 2135 1116 2188 ·,
1128 2121 1156 2172 et
1170 2118 1347 2174 coadunatis
1361 2117 1501 2174 tratribus
1514 2116 1656 2175 abbatem
1670 2115 1821 2189 praeficere
1836 2131 1887 2170 cu·

1057 2206 1153 2278 piens,
1171 2206 1306 2262 Orionem
1327 2207 1479 2277 abbatem,
1495 2206 1548 2279 qui
1563 2209 1633 2266 tune
1651 2205 1734 2278 apud
1748 2208 1886 2265 sanetum

1057 2295 1250 2352 aeneatorum
1263 2295 1448 2362 morabatur,
1460 2294 1600 2354 advocat.
1612 2317 1625 2346 ιι
1638 2293 1887 2366 martyrologium

1058 2385 1152 2444 sancti
1167 2383 1275 2440 tuliani
1285 2384 1316 2440 id
1327 2383 1439 2440 lactum
1450 2382 1538 2455 refert
1552 2404 1565 2432 ιι
1576 2398 1656 2440 anno
1666 2383 1730 2452 943,
1741 2384 1887 2456 regnante

174 2489 250 2538 tum,
263 2495 276 2520 r
290 2488 326 2528 ex
339 2469 440 2527 Odon&
453 2470 484 2525 in
500 2469 551 2525 lib·
569 2486 588 2526 ¹¹
604 2469 641 2524 de
651 2469 788 2540 ejvsVita
799 2485 866 2542 cap.
882 2471 898 2523 'r
914 2471 942 2524 et
958 2467 1000 2524 17·
1057 2473 1206 2534 liudovico
1218 2489 1287 2546 rege
1300 2489 1381 2530 enno
1393 2475 1444 2529 8.»
1461 2471 1518 2528 Sed
1526 2471 1558 2528 id
1566 2475 1686 2546 tempus
1697 2473 1741 2531 est
1750 2469 1887 2528 donatio·

173 2561 237 2617 0do
251 2559 334 2616 addit
348 2559 379 2615 iu
393 2575 459 2632 cap.
474 2562 500 2630 e,
513 2573 700 2632 magnopere
710 2557 835 2613 aurium
848 2557 938 2612 luisse
950 2559 1002 2612 Ge·
1056 2563 1132 2618 uisa
1146 2562 1303 2619 Teutolouc
1318 2566 1347 2618 et
1373 2561 1521 2618 Gersende
1548 2561 1644 2632 laotae,
1671 2576 1735 2621 non
1762 2557 1887 2618 instituti

173 2647 291 2706 raldum
305 2649 342 2705 de
357 2647 544 2720 reperiendis
560 2645 716 2703 monachis
731 2645 875 2720 probatis,
896 2645 948 2724 qui
963 2643 1003 2700 lo-
1057 2653 1137 2726 apud
1148 2651 1446 2712 sanotmniulianurn
1458 2651 1887 2724 Odonis,qnemnnnoproeee-

174 2755 244 2795 eum
258 2736 440 2804 ineolerent;
465 2742 493 2793 et
508 2753 577 2792 eum
596 2752 658 2792 non
676 2735 870 2809 reperisset«
888 2733 1003 2790 nobiles
1057 2741 1156 2808 dente,
1172 2741 1201 2796 iu
1230 2746 1275 2797 est
1303 2757 1383 2798 anuo
1404 2743 1465 2802 see.
1496 2739 1606 2798 obiisse
1622 2743 1747 2798 consur.
1775 2742 1802 2794 n
1815 2753 1887 2796 vero

173 2825 323 2901 quosdam
336 2844 447 2904 pueros
462 2827 501 2882 ad
518 2826 667 2882 Vabrense
688 2823 858 2882 coenobium
888 2826 927 2892 tte
941 2839 1002 2878 ruo·
1057 2829 1086 2886 in
1098 2829 1440 2888 sanctitulieuiecclesia
1451 2846 1521 2886 cum
1532 2829 1691 2894 Tantaleae
1701 2827 1887 2901 sepulturam

173 2913 293 2974 stertere
308 2917 344 2972 de
362 2917 468 2988 Vubre)
485 2915 638 2985 direxisse,
655 2939 668 2964 ιι
691 2913 740 2970 ubi
757 2937 770 2966 ιι
788 2911 934 2984 regularis
948 2913 1002 2968 ob·
1022 2919 1194 3000 conturna,
1208 2923 1240 2976 ut
1252 2923 1356 2992 postea
1371 2918 1516 2976 dicemus.
1529 2917 1599 2988 Legi
1609 2915 1885 2989 ejusloeiobrnnioi‚

174 3005 330 3061 servantire
361 3005 456 3060 terror
472 3003 679 3074 incalescebat,
696 3025 710 3053 ιι
740 3005 771 3058 ut
787 3001 870 3056 «sub
897 2997 1027 3058 norma'
1057 3012 1125 3067 anto
1142 3023 1237 3064 annos
1252 3005 1432 3079 quingentos
1447 3005 1560 3078 scripti,
1575 3005 1789 3074 fragmentum,
1804 3001 1887 3075 qnod

174 3093 331 3165 Pessulfflbt'
340 3093 680 3160 ibidefflifflbllfllsssslssss
696 3091 901 3160 Sssdrssl'ffl'SOSs
911 3090 1004 3164 “quia
1057 3096 1220 3154 chronicon
1231 3095 1361 3155 divisum
1373 3095 1476 3152 eratin
1486 3093 1689 3153 duoslibellos
1703 3107 1846 3164 :quorum
1856 3091 1887 3149 in

174 3183 308 3253 magistri
323 3182 493 3250 defuerunt,
505 3202 521 3235 ι
537 3198 608 3237 mox
625 3205 638 3230 ιι
650 3180 776 3254 puellari
789 3179 912 3236 mollitia
924 3195 1004 3235 reso·
1056 3187 1155 3264 primo
1167 3207 1180 3236 ιι
1197 3184 1325 3244 abbatiae
1340 3183 1439 3258 prima
1452 3183 1608 3254 institutio,
1623 3179 1815 3240 institutioni,
1829 3180 1886 3238 im.

173 3271 261 3344 latos,
280 3272 410 3342 rigorem
433 3265 598 3346 disciplinae
621 3271 786 3342 neglexisse
808 3289 813 3325 :
837 3293 851 3320 ιι
871 3271 1004 3328 ettamen
1056 3275 1107 3349 pia
1121 3273 1294 3346 destructio,
1310 3271 1520 3330 destructionis
1535 3271 1586 3346 pia
1598 3266 1774 3328 restauratio
1788 3292 1802 3320 ιι
1818 3284 1887 3326 oon-

175 3377 270 3418 unum
280 3361 322 3416 eis
332 3377 367 3417 ex
379 3361 552 3419 necessitate
562 3361 734 3434 praetectum
747 3358 907 3433 inisse‚qui
917 3358 1005 3416 obla·
1055 3365 1224 3428 sinebatur:
1240 3364 1271 3422 in
1287 3362 1420 3420 seeundo
1433 3361 1571 3435 ejusdem
1591 3365 1685 3420 status
1713 3359 1752 3418 ab
1777 3359 1888 3416 lustau.

174 3451 272 3507 11'01'08
287 3467 386 3507 ¹1¹0P⁰S
403 3439 528 3506 Gffl'fllth
549 3467 696 3522 magnum
721 3465 882 3504 moet'Ol'effl
896 3448 1001 3506 attulit·
1056 3455 1180 3520 ratione.
1198 3456 1239 3510 Ex
1252 3453 1342 3528 primi
1356 3452 1447 3511 libelli
1471 3452 1622 3510 laciniosis
1638 3449 1824 3518 membranis
1840 3449 1886 3507 in-

174 3541 278 3598 Nescio
285 3557 324 3601 an
330 3541 354 3597 is
363 3539 607 3612 eratadalgerus,
617 3557 708 3614 quem
717 3541 849 3614 primunr
858 3537 1004 3595 aureliaei
1056 3543 1216 3615 telligimus
1244 3542 1339 3598 multa
1360 3545 1534 3600 sanatorum
1547 3557 1675 3614 corpora
1688 3539 1720 3596 in
1733 3539 1825 3598 sancti
1838 3541 1886 3596 Ju-

174 3631 315 3688 ebbatem
330 3631 461 3704 suggerit
473 3631 636 3686 cluonicon
654 3629 872 3698 aureliacense,
889 3628 1004 3686 editum
1055 3634 1127 3692 liani
1142 3633 1266 3690 ccclesia
1281 3631 1419 3705 primitus
1434 3631 1574 3704 reposita,
1586 3631 1739 3690 Denorum
1752 3633 1886 3703 tempere

174 3719 204 3775 in
216 3725 297 3776 tomo
307 3721 328 3776 u
342 3721 554 3778 analectorum
569 3738 574 3774 :
588 3720 634 3775 eui
646 3717 748 3775 abbati
763 3717 904 3774 suffectus
915 3719 1005 3776 ioan·
1056 3723 1113 3779 alte
1127 3721 1212 3780 humi
1227 3720 1349 3778 defossa
1362 3719 1453 3776 luisse
1471 3737 1477 3776 :
1494 3735 1531 3776 ex
1544 3719 1655 3792 quibus
1665 3717 1809 3791 quasdam
1823 3721 1885 3776 tum

174 3823 227 3865 nes
240 3823 277 3866 ex
293 3810 382 3882 stirpe
398 3809 492 3883 ipsius
502 3809 629 3878 Geraldi,
643 3833 656 3858 ιι
667 3807 751 3864 oddo
764 3801 942 3866 venerabilis
953 3808 1005 3868 ab·
1056 3811 1221 3882 restabant,
1234 3825 1344 3883 nempe
1356 3813 1531 3867 sanctornm
1546 3806 1729 3879 Blevilignati
1750 3805 1885 3879 episcopi

173 3898 229 3954 bas
246 3898 346 3954 tertius
369 3899 588 3954 aureliacensis
603 3903 630 3954 et
654 3897 867 3970 Cluuiacensis,
883 3903 1005 3968 rogatus
1057 3899 1238 3970 venetensis,
1253 3899 1338 3956 Lauri
1355 3898 1485 3966 abbatis,
1499 3901 1528 3956 et
1541 3897 1660 3958 antonii
1676 3895 1829 3956 monaehi·
1846 3897 1886 3952 De

174 4003 192 4042 a
208 3986 359 4058 Turpione
376 3986 581 4040 lemovicensi
611 3986 752 4058 episcopo
780 3991 807 4042 et
823 3983 862 4042 ab
878 3986 1005 4044 Aimone
1058 3989 1155 4062 primo
1171 3988 1212 4046 ait
1223 3991 1337 4054 auctor,
1352 3987 1435 4058 quod
1451 4010 1464 4036 ιι
1477 3985 1610 4058 pontilari
1623 3987 1814 4050 herroneus,
1830 4001 1846 4038 ι
1868 3998 1887 4040 e

175 4073 325 4132 Tutelensi
338 4073 448 4128 abbate
458 4073 614 4146 descripsit
624 4073 801 4130 vitembeati
812 4073 938 4130 Geralrli.
951 4073 1007 4130 Ha·
1060 4075 1250 4146 Bleviligueto
1279 4097 1292 4125 ιι
1315 4074 1460 4145 septimus
1482 4091 1498 4124 ιι
1525 4071 1706 4136 venetensis,
1743 4069 1886 4142 quaedam

173 4161 240 4220 buit
255 4161 434 4219 coabbatem
449 4161 617 4230 arnulfum,
632 4185 646 4212 ιι
665 4165 706 4217 Ex
720 4159 922 4220 aureliacensi
943 4179 1006 4218 mo·
1060 4163 1116 4220 sibi
1130 4161 1260 4220 retulerit
1271 4160 1427 4232 miracula,
1440 4176 1509 4235 qua
1533 4162 1760 4218 commemoret.
1779 4181 1793 4208 ιι
1809 4157 1886 4217 nau-

174 4251 304 4309 uasterio
319 4251 480 4308 arcessitus
494 4257 538 4308 est
555 4249 629 4320 odo,
646 4255 719 4308 toste
733 4251 872 4310 aimoino
882 4251 912 4311 in
928 4249 979 4308 lib.
996 4269 1003 4310 1
1059 4253 1182 4312 linctum
1197 4275 1211 4302 ιι
1226 4254 1322 4320 voest,
1350 4266 1411 4310 aon
1436 4255 1574 4320 sanctum
1591 4248 1727 4312 albertus
1741 4247 1779 4306 ds
1792 4250 1886 4308 noue

175 4341 212 4398 de
229 4341 379 4398 miracrdis
400 4341 496 4407 sancti
510 4341 656 4397 Benedicti
669 4357 736 4414 cap.
750 4342 777 4412 t,
793 4341 831 4404 ad
847 4341 1002 4398 restituen-
1024 4309 1045 4364 Β
1059 4342 1178 4406 laetare,
1202 4355 1332 4414 eumque
1345 4340 1445 4402 statuit
1471 4339 1659 4411 trigesimum
1674 4338 1793 4400 tertium
1808 4337 1886 4412 epis·

175 4431 247 4487 dam
262 4429 452 4509 disciplinam
478 4431 508 4485 ln
532 4429 670 4486 coenohio
690 4429 878 4504 Floriacensi,
894 4447 1003 4504 procu·
1059 4447 1170 4508 copum
1189 4433 1404 4489 venetensem:
1421 4433 1615 4494 atervannurn
1631 4444 1700 4486 vere
1715 4427 1885 4502 quadrege-

176 4524 259 4576 rante
271 4519 414 4575 Eliziardo
431 4520 548 4590 comite,
574 4524 680 4596 postea
690 4521 851 4588 monacho,
866 4537 904 4576 ex
917 4523 1003 4578 toan·
1058 4520 1168 4578 simum
1179 4517 1732 4590 nonum.Subditiragmentiecriptor,
1743 4519 1884 4587 taurum,

175 4625 213 4665 ne
226 4608 303 4666 iufra
317 4607 347 4664 in
361 4607 413 4663 lib.
435 4624 476 4672 ιιι,
492 4624 576 4663 num.
596 4611 622 4662 8.
635 4607 746 4668 Eodem
758 4612 901 4682 tempore,
915 4609 946 4665 id
961 4613 1005 4666 cst
1057 4625 1093 4666 ex
1122 4607 1271 4666 Britannia
1296 4611 1406 4677 ortum,
1433 4608 1564 4681 patriam
1591 4610 1790 4680 parentesque
1802 4605 1886 4662 dese-

176 4703 319 4768 regnante
339 4697 489 4754 Ludovioo
504 4697 731 4770 TransmarinO,
743 4698 910 4755 Bernartius
921 4701 1004 4756 Petro
1056 4697 1161 4767 ruisse,
1177 4697 1230 4754 sed
1244 4712 1299 4771 pro
1313 4695 1386 4769 ipsis
1399 4696 1548 4754 invenisse
1562 4693 1772 4755 «Judtoaelem
1786 4691 1887 4752 Britto-

177 4788 335 4845 corieeusis
355 4804 457 4846 comes
482 4789 576 4845 sancti
601 4785 762 4844 salvatoris
787 4789 1004 4847 monasterium
1056 4803 1129 4850 num
1144 4786 1254 4843 ducem
1268 4785 1427 4858 optimum,
1445 4810 1460 4836 ιι
1479 4786 1532 4860 qui
1549 4786 1614 4857 ejus
1628 4784 1659 4840 in
1676 4781 1818 4843 omnibus
1830 4781 1885 4840 ed-
1974 4826 1978 4841 .

178 4876 343 4932 Sarlatsuse
355 4877 401 4948 (dc
410 4875 628 4948 Sorlut)‚quod
643 4873 764 4933 tandem
774 4877 804 4933 in
815 4875 917 4933 sedem
926 4877 1004 4948 epis·
1054 4876 1136 4947 jutor
1146 4875 1296 4932 exstiterit.
1309 4897 1323 4926 ιι
1336 4876 1426 4947 anns
1436 4874 1585 4948 adjutorio
1599 4873 1677 4932 tacte
1689 4871 1885 4942 munusue,

178 4963 315 5036 copulem
326 4964 426 5034 evasit,
443 4963 564 5020 tradidit
589 4987 601 5013 ι
623 4965 736 5021 domno
752 4965 869 5022 oddoni
886 4965 1004 5022 ctunia-
1057 4963 1088 5022 in
1113 4963 1196 5020 omni
1210 4963 1363 5022 sanctitate
1379 4980 1449 5022 oum
1475 4962 1616 5035 subjectis
1630 4961 1738 5028 tloruit,
1768 4964 1797 5020 et
1823 4963 1886 5018 um

179 5053 258 5108 censi
278 5052 380 5110 abbati
393 5057 484 5126 atque
494 5047 605 5108 adacio
619 5051 757 5110 coabbati
773 5055 849 5126 ejus.
863 5077 876 5104 ιι
893 5054 1005 5111 mttere
1058 5051 1151 5111 verbo
1165 5052 1549 5126 quamexemplomultum
1573 5050 1676 5110 uuus
1699 5047 1822 5122 amant.
1837 5061 1886 5104 011·
1969 5085 1982 5108 ι.

178 5143 235 5198 heo
248 5141 284 5197 de
299 5157 330 5198 rc
345 5141 497 5198 exstantia
513 5147 594 5199 tomo
608 5143 641 5196 lv
653 5141 751 5198 Galliae
762 5128 1004 5215 tlhristianar,sed
1056 5143 1106 5214 jus
1121 5141 1230 5198 nobilis
1243 5141 1352 5216 vitalin
1371 5145 1533 5215 conspectu
1552 5141 1711 5201 hominnm
1729 5133 1886 5205 religiosis·

178 5247 248 5287 cum
263 5231 376 5305 aliquot
389 5231 491 5288 navis.
510 5231 639 5304 Utrique,
655 5231 751 5288 0d0ni
766 5231 875 5288 scilieet
890 5231 1005 5292 ctuuia-
1060 5231 1148 5303 sima,
1162 5230 1235 5287 etin
1250 5233 1415 5304 conspectu
1430 5229 1665 5294 romanianum
1676 5223 1807 5299 arabim
1820 5240 1826 5278 ἓ
1837 5239 1888 5282 ⁰¹1·

178 5321 261 5377 censi
275 5320 378 5397 abbati
390 5323 478 5392 atque
495 5321 604 5376 adacio
617 5321 681 5393 ejus
695 5321 774 5376 vices
782 5322 902 5388 tenenti,
915 5322 1005 5380 etiarn
1055 5325 1107 5392 jus
1121 5319 1211 5380 etiam
1226 5319 1287 5376 alta
1303 5319 1467 5377 sanctitatis
1481 5317 1633 5393 preconia
1657 5311 1811 5374 summare
1825 5327 1888 5372 nen

181 5409 338 5467 Tutelense
360 5407 575 5466 monasterium
605 5411 643 5478 tte
665 5405 831 5468 monestere
846 5410 882 5469 ae
897 5411 1005 5478 little),
1059 5409 1167 5468 desinit
1178 5408 1394 5467 miraculorum
1409 5408 1513 5480 glorie.
1536 5409 1675 5477 Nemper
1703 5403 1769 5475 eins
1782 5401 1889 5462 seneb-

179 5515 260 5556 nunc
275 5497 362 5555 sedes
378 5494 565 5570 episcopalis,
584 5497 681 5570 parisii
700 5499 855 5556 aimonem
870 5500 1006 5574 superius
1061 5502 1151 5558 tutem
1166 5502 1227 5557 tam
1253 5498 1284 5570 in
1313 5498 1385 5570 vita,
1399 5513 1493 5571 quam
1507 5497 1576 5567 pest
1598 5496 1727 5554 mortem
1746 5493 1888 5552 uerme-

180 5591 394 5657 memoratum,
409 5582 463 5658 qui
476 5598 512 5640 ex
538 5585 632 5642 saneti
647 5586 745 5645 savini
769 5587 908 5646 coenobio
923 5587 1003 5646 Picta
1061 5593 1109 5646 tur
1123 5588 1271 5658 debilites,
1287 5590 1450 5646 etsanatur
1468 5583 1635 5655 infirmitas,
1665 5584 1797 5642 maxime
1822 5577 1888 5634 1⁰⁰⁰
