4160 6162
223 145 270 202 131
657 153 661 162 ·
754 129 782 186 S.
801 124 936 185 0110le
954 121 1100 184 melna
1118 125 1366 184 medianensis
1384 129 1407 183 ll
1878 127 1945 182 ¹³2

219 267 399 338 deserviunt,
414 277 476 322 non
487 257 636 318 immerito
648 255 788 314 mrdlerm
802 257 957 313 vocantur
973 253 1047 311 Acsi
1065 255 1090 308 A
1106 259 1262 312 conantur.
1279 255 1357 311 Bene
1383 257 1484 312 autem
1510 253 1577 310 loca
1605 253 1642 309 de
1667 251 1779 326 quibus
1794 249 1939 320 venium,

161 417 165 432 ,
221 360 357 418 dicatur:
371 356 399 414 si
427 351 467 410 ad
484 351 567 407 bona
593 351 705 406 interm
719 346 881 414 tendimus,
897 343 971 419 quid
996 344 1050 400 mi·
1105 359 1239 416 congrua
1249 344 1456 401 haereticorum
1467 343 1584 400 actibus
1593 341 1812 400 describuntur.
1821 341 1941 398 Dicitur

220 467 289 508 rum
307 448 330 505 si
342 441 518 518 temporalia
532 439 615 498 mala
630 439 837 496 sufferamus?
851 436 925 494 Hinc
938 435 1049 493 Paulus
1105 435 1187 491 enim
1204 435 1402 502 themanites,
1417 439 1518 492 austes
1534 434 1661 506 [auster]
1673 431 1940 504 Suites,loqnens;

221 541 261 598 ait
276 555 283 594 :
300 537 392 593 «Non
411 537 482 590 sunt
498 530 656 601 condigna
663 529 822 604 passiones
831 528 923 599 hujus
933 529 1049 598 tempo·
1104 524 1495 592 Naamatites,deeor.l³rius
1510 521 1590 579 enim
1603 521 1759 578 haereticos
1774 520 1939 579 inordina-

218 628 259 686 ria
273 625 312 684 nd
326 623 458 682 luturam
479 620 616 692 gloriam,
632 635 700 694 quse
724 617 906 676 revelabitur
918 616 949 672 in
962 615 1050 672 nobis
1104 617 1151 669 tus
1166 613 1247 671 calor
1257 611 1488 680 accendit‚nitor
1498 611 1608 668 deinde
1624 610 1819 684 loquacitatis
1833 609 1938 681 erigit,

220 719 389 791 (demvm,
404 706 968 786 itt.»honlnrrrnbuisquissubigere
978 704 1050 762 vitia
1109 705 1138 758 et
1156 706 1228 759 tunc
1253 700 1381 760 'dentum
1409 703 1535 760 decoros
1555 700 1735 758 hominibus
1758 700 1940 774 hypocrisis

219 806 343 884 appetit,
357 807 386 861 el
397 801 437 860 ah
452 805 566 858 aeterna
592 799 756 857 intentione
775 796 977 855 retributionis
989 793 1051 854 cul-
1105 792 1239 851 offendit.
1265 793 1406 867 sequitur
1427 811 1433 850 :
1451 794 1659 851 condixerant
1673 793 1751 849 enim
1766 797 1799 848 nt
1812 793 1941 878 pariter

219 895 304 954 mina
316 909 394 952 verae
407 889 579 950 intentionis
594 888 745 961 gressibus
760 886 863 958 tendit,
879 901 940 959 quo
953 885 1050 955 magis
1104 885 1252 941 venientes
1268 885 1425 942 visitarent
1441 899 1506 942 enm
1519 889 1547 940 ct
1562 883 1802 940 macularentur.
1823 879 1940 940 (londi-

2 963 3 974 ¹
114 1007 118 1012 ·
219 983 326 1043 vallari
341 999 372 1040 se
385 982 527 1040 vitiorum
541 977 621 1036 hello
636 977 771 1052 undique
784 975 939 1050 conspicit,
969 989 1004 1030 eo
1019 989 1050 1029 se
1105 977 1176 1030 cunt
1194 973 1250 1029 sibi
1263 972 1401 1040 haeretici,
1418 971 1544 1046 quando
1558 987 1655 1044 prava
1668 969 1811 1044 quaedam
1825 973 1939 1028 contra

220 1077 365 1134 virtutum
381 1071 473 1130 armis
488 1069 641 1128 robustius
657 1067 793 1138 accingit,
810 1071 839 1123 ct
852 1069 935 1123 tanto
950 1063 1050 1120 minus
1104 1064 1270 1120 Ecclesiam
1298 1063 1493 1142 concorditer
1521 1062 1662 1134 sentiunt,
1693 1065 1721 1118 et
1734 1061 1765 1118 in
1786 1061 1901 1135 quibus
1918 1077 1940 1118 a

218 1163 321 1238 jacula
336 1159 449 1230 maurit,
461 1163 575 1234 quanto
586 1157 769 1227 contrahaec
782 1153 883 1228 jacula
903 1149 1051 1209 venientia
1103 1154 1224 1211 veritate
1239 1154 1425 1228 discrepant,
1453 1153 1510 1210 sibi
1537 1153 1567 1209 in
1583 1152 1711 1210 salsitate
1731 1151 1934 1209 concordant.

221 1253 334 1311 iordter
356 1253 461 1326 pectus
483 1248 589 1306 munit.
616 1245 754 1321 Sequitur
770 1263 776 1301 :
793 1245 829 1300 In
842 1241 977 1299 omnihus
993 1239 1049 1308 tis,
1104 1244 1236 1300 Haeretici
1246 1249 1348 1301 autem
1362 1245 1416 1318 qui
1428 1246 1564 1301 sanctam
1577 1243 1740 1300 Ecclesiam
1754 1257 1811 1300 sua
1823 1241 1937 1300 docere

222 1343 427 1413 nonpeeoeeit
440 1339 496 1396 Jod
512 1337 600 1396 latiis
613 1338 685 1394 sais.
702 1367 736 1376 -
751 1333 874 1392 Duobus
900 1331 998 1388 modis
1011 1330 1052 1386 la·
1105 1334 1288 1406 desiderant,
1301 1335 1341 1392 ed
1361 1351 1430 1392 eam
1444 1335 1533 1408 quasi
1559 1334 1754 1392 consolantes
1767 1335 1935 1408 appropin-

220 1433 278 1490 hiis
303 1429 518 1504 delinquimus,
545 1443 615 1484 cum
639 1425 816 1496 autinJusta
840 1422 979 1486 dicimus,
999 1422 1052 1476 aut
1106 1429 1211 1500 quant.
1241 1427 1298 1481 Neo
1313 1423 1425 1481 mirum
1441 1424 1466 1480 si
1482 1423 1571 1481 amici
1590 1424 1796 1492 nominantur,
1820 1438 1890 1481 cum
1905 1425 1935 1479 et

218 1524 300 1596 justa
312 1519 483 1578 reticemus.
500 1521 575 1576 Nam
590 1521 619 1574 et
633 1517 658 1572 si
673 1513 838 1590 aliquando
851 1513 973 1570 reticere
988 1509 1050 1567 cul·
1106 1513 1163 1587 ipsi
1178 1513 1315 1570 traditori
1329 1511 1439 1570 dicitur
1455 1533 1461 1570 :
1480 1513 1617 1584 «Amice,
1629 1513 1669 1571 ad
1679 1511 1753 1588 quid
1766 1509 1902 1570 venisti?
1918 1529 1934 1566 s

171 1659 177 1668 .
219 1625 338 1686 panon
359 1611 448 1680 esset,
475 1608 624 1682 propheta
651 1619 713 1661 non
728 1602 839 1660 diceret
855 1619 861 1658 :
876 1625 890 1653 «
902 1603 950 1657 Vae
965 1599 1048 1671 mihi,
1069 1602 1226 1674 gillotii.
1243 1602 1583 1675 xxv1,30.)ltlonan1rnn.
1601 1603 1697 1659 Amici
1721 1582 1871 1660 consolari
1884 1615 1934 1657 ve·

221 1699 294 1775 qula
307 1699 388 1758 tacu
400 1699 471 1770 (isc.
487 1713 526 1764 vr,
541 1699 578 1764 5).
595 1717 609 1746 n
621 1695 730 1751 Beatus
744 1691 801 1749 tob
815 1692 845 1748 in
856 1689 970 1749 cuncis
982 1705 1050 1764 quae
1105 1693 1203 1766 niunt,
1220 1691 1276 1749 sed
1291 1691 1322 1748 in
1342 1691 1540 1750 contumelias
1555 1697 1728 1766 erumpant,
1742 1693 1796 1766 qui
1805 1691 1878 1749 vitia
1890 1690 1935 1748 in·

222 1789 291 1862 egit,
306 1787 338 1846 in
352 1785 441 1845 labiis
452 1785 514 1843 suis
527 1783 650 1842 minime
660 1784 804 1858 peccavit,
825 1781 897 1856 quia
911 1795 966 1837 nec
979 1795 1050 1837 con·
1107 1782 1256 1854 sidiantia,
1269 1782 1414 1840 virtutum
1426 1782 1536 1840 taciem
1551 1787 1685 1852 sumunt,
1702 1772 1873 1839 sed‘hostili
1886 1795 1932 1837 m-

222 1883 266 1937 tre
278 1877 432 1936 ferientem
445 1873 577 1950 superba
591 1873 674 1940 dixit,
686 1889 741 1930 nec
756 1875 861 1930 contra
874 1871 1051 1928 suadentem
1105 1873 1241 1930 vectione
1255 1887 1312 1929 nos
1328 1871 1450 1929 feriunt.
1483 1875 1567 1948 Saepe
1583 1871 1783 1930 immoderata
1800 1873 1854 1940 ira,
1868 1872 1932 1944 ius-

222 1967 347 2026 retieuit.
374 1969 506 2025 ltvsnes.
524 1962 624 2023 Sancti
647 1963 703 2020 viri
729 1979 799 2020 cum
813 1961 1051 2044 persecutionem
1105 1962 1178 2030 titia,
1207 1961 1356 2018 dissoluta
1399 1963 1548 2028 remissio,
1589 1961 1807 2032 misericordia,
1851 1977 1931 2036 sepe

222 2059 294 2116 loris
309 2059 452 2132 intusque
474 2055 639 2130 patiuntur,
657 2068 719 2110 non
738 2051 837 2108 solum
856 2051 887 2110 ln
902 2051 953 2108 liei
975 2049 1051 2122 inju·
1106 2052 1245 2110 incautus
1260 2051 1351 2109 timor
1362 2051 1518 2109 humilitas
1531 2052 1595 2109 vult
1609 2051 1715 2109 videri.
1735 2055 1814 2108 Bene
1829 2053 1931 2108 autem

221 2149 272 2206 riis
285 2147 409 2206 minime
424 2143 584 2217 excedunt,
600 2143 653 2201 sed
676 2157 774 2216 neque
790 2141 987 2216 contreipsos
1000 2139 1051 2198 ad·
1106 2139 1222 2198 dicitur.
1250 2143 1460 2200 Condixerant
1483 2143 1560 2199 enim
1582 2141 1647 2214 siti,
1671 2139 1777 2197 Vicina
1800 2151 1933 2210 namque

221 2231 704 2296 versarioscontumeliosaverha
715 2232 899 2304 iaculantur.
916 2231 1050 2288 llincPe-
1106 2235 1149 2288 est
1170 2229 1315 2306 superbia
1338 2231 1400 2304 ire,
1432 2230 1573 2287 remissio
1599 2229 1709 2287 timori.
1740 2223 1935 2285 condicendo

221 2329 284 2384 trus
312 2325 354 2384 ait
370 2341 376 2381 ε
394 2345 408 2380 e
424 2327 516 2382 Nemo
539 2326 670 2380 vestrum
698 2321 829 2395 patiatur
856 2319 943 2394 quasi
957 2319 1051 2376 homi·
1106 2321 1187 2378 enim
1212 2320 1347 2391 veniunt,
1364 2337 1432 2394 que
1448 2325 1553 2378 contra
1578 2335 1635 2377 nos
1650 2320 1718 2378 sibi
1733 2335 1775 2376 cx
1798 2315 1933 2392 quadam

222 2415 299 2484 cida,
326 2419 379 2473 aut
406 2413 463 2484 sur,
490 2417 542 2471 aut
566 2411 732 2470 maledicus
757 2411 787 2482 (I
803 2411 886 2467 Patr.
909 2426 947 2478 rv,
966 2410 1050 2480 15).»
1105 2409 1261 2484 pravitatis
1276 2408 1459 2480 cogitatione
1473 2409 1635 2466 sociantur.
1652 2407 1811 2482 Sequitur:

221 2503 380 2565 Maledicus
392 2503 473 2562 enim
488 2501 609 2576 patitur,
624 2501 678 2574 qui
691 2499 841 2573 passionis
855 2515 917 2555 sure
932 2498 963 2554 in
975 2501 1051 2555 tem·
1140 2501 1226 2556 Vens.
1246 2497 1289 2555 lt.
1302 2499 1436 2571 Cumque
1447 2501 1611 2556 sanassent
1626 2499 1727 2556 ocutos
1735 2499 1860 2569 procat,
1873 2509 1932 2552 non

220 2604 294 2670 pore
322 2592 368 2649 sui
388 2591 494 2649 salmm
519 2589 628 2662 injuria
657 2587 855 2662 persecutoris
879 2587 1049 2646 effrenatur.
1106 2593 1400 2660 capraemontem.
1417 2619 1452 2629 -
1478 2590 1558 2646 Ordo
1582 2588 1696 2663 quippe
1718 2585 1932 2646 consolationis

221 2682 381 2758 Sequitur:
1106 2681 1160 2746 est,
1174 2681 1207 2734 ut
1222 2693 1290 2735 cunr
1308 2677 1452 2735 volumus
1467 2677 1614 2736 afflictum
1629 2677 1807 2754 quempiam
1829 2691 1934 2734 amca-

256 2775 340 2830 Vees.
357 2775 399 2828 ll.
416 2769 517 2842 Igitur
531 2767 685 2827 audientes
701 2773 759 2826 tres
774 2769 865 2826 amici
886 2767 942 2824 ιῙοὺ
966 2783 1052 2826 omne
1104 2783 1171 2825 rore
1185 2768 1382 2842 suspendere,
1399 2768 1577 2826 studeamus
1592 2769 1677 2844 prius
1698 2768 1855 2826 moerendo
1869 2767 1933 2840 eins

221 2863 335 2921 molum
362 2860 443 2934 qnod
464 2859 619 2916 accidisset
641 2859 678 2927 ei,
701 2857 868 2931 etreliqua.
884 2890 919 2898 -
937 2857 993 2924 Qui
1014 2873 1051 2914 ex
1104 2857 1197 2916 luctui
1213 2857 1411 2917 concordare.
1432 2858 1588 2916 Dolentcm
1609 2875 1743 2934 namque
1758 2875 1821 2916 non
1835 2860 1934 2934 potest

221 2949 361 3010 condicto
375 2949 415 3008 ad
428 2947 530 3006 afflicti
544 2947 782 3006 consolationem
792 2947 924 3018 veniunt,
936 2951 965 3004 et
975 2947 1051 3004 inter
1070 2983 1090 3038 ο
1106 2947 1268 3020 consolari,
1296 2949 1349 3022 qui
1379 2965 1442 3006 non
1458 2949 1624 3007 concordat
1651 2948 1768 3030 dolori¹¹
1786 2947 1843 3006 Sed
1857 2949 1934 3004 inter

219 3058 250 3099 se
278 3045 307 3100 et
333 3055 405 3113 erga
429 3053 607 3114 percussum
633 3041 753 3112 quantae
779 3035 1051 3096 charitatisluerint
1106 3037 1170 3094 haec
1186 3037 1344 3095 sciendum
1366 3042 1422 3112 est,
1438 3039 1510 3113 quia
1524 3039 1571 3096 his
1596 3039 1649 3112 qui
1663 3039 1810 3098 afflictum
1824 3052 1932 3096 consc-

219 3129 473 3189 demonstrantur.
490 3126 632 3193 Quamvis
647 3129 676 3184 et
690 3141 744 3200 per
769 3127 826 3184 hoc
855 3127 939 3201 quod
955 3128 1051 3201 Scrip-
1105 3125 1160 3184 lari
1175 3126 1335 3199 desiderat,
1349 3143 1527 3185 mensuram
1536 3143 1659 3186 neccsse
1674 3131 1718 3186 est
1728 3127 1825 3185 dolori
1840 3143 1933 3202 quem

219 3225 287 3279 tura
313 3221 370 3277 hos
399 3219 473 3276 tanti
498 3217 553 3274 viri
570 3217 684 3275 amicos
711 3215 803 3274 luisse
829 3219 962 3281 testatur,
978 3217 1050 3291 quie
1106 3217 1230 3290 suscipit
1240 3219 1350 3290 ponat3
1365 3231 1403 3273 ne
1414 3231 1477 3274 non
1491 3216 1593 3274 solnm
1608 3215 1761 3276 dolentem
1774 3231 1835 3276 non
1856 3215 1933 3272 mul-

218 3309 292 3366 boni
311 3307 401 3365 studii
417 3311 445 3362 et
459 3309 546 3362 recta
561 3305 670 3362 fuerint
684 3303 856 3362 intentionis
872 3307 1048 3376 ostenditur,
1107 3309 1182 3375 ccat,
1200 3305 1254 3362 sed
1266 3305 1468 3380 intemperate
1480 3305 1596 3378 dolens,
1614 3307 1716 3364 afflicti
1731 3308 1868 3365 animum
1893 3305 1933 3364 ad

220 3397 273 3456 scd
288 3401 390 3454 tamer
403 3395 468 3453 hac
482 3395 549 3468 ipsa
563 3393 683 3452 illonrm
697 3395 821 3452 intentio
836 3393 878 3452 eis
893 3395 933 3452 ad
957 3396 1050 3454 verba
1106 3393 1229 3468 pondus
1245 3395 1466 3470 desperationis
1486 3402 1612 3469 premat.
1633 3397 1728 3456 Amici
1756 3413 1827 3456 vero
1853 3395 1932 3454 beati

218 3483 485 3562 prorumpentibus
509 3487 579 3543 ante
607 3483 732 3542 districti
747 3484 855 3554 judicis
879 3483 983 3542 oculos
1003 3503 1050 3543 su·
1106 3483 1162 3541 tob
1178 3485 1345 3560 plusquam
1360 3501 1485 3543 necesse
1500 3485 1598 3544 iuerat
1612 3489 1643 3543 in
1656 3487 1864 3546 consolatione
1877 3485 1931 3542 dc·

218 3575 306 3634 horta
317 3573 528 3634 indiscretione
543 3572 680 3630 fuscavit.
707 3575 838 3632 ltrsrna.
861 3575 956 3632 Amici
970 3575 1050 3632 beati
1104 3574 1234 3643 luerunt,
1249 3575 1302 3649 qui
1316 3573 1391 3632 darm
1405 3577 1638 3650 percussionem
1650 3583 1787 3649 cernunt,
1798 3579 1851 3636 sed
1864 3593 1931 3653 per-

218 3665 288 3737 ioh,
302 3667 332 3721 et
356 3663 381 3719 si
406 3661 488 3722 hona
517 3661 680 3720 intentione
706 3663 746 3721 ad
774 3679 843 3720 eum
858 3663 1047 3734 conveniunt,
1105 3665 1185 3722 cassi
1197 3668 1330 3721 menum
1344 3665 1493 3738 nesciunt,
1510 3666 1553 3725 ita
1569 3667 1600 3724 in
1614 3668 1802 3727 immensum
1817 3667 1933 3726 luctum

137 3775 143 3787 ¹
218 3753 427 3812 haereticorum
440 3756 541 3810 tamen
558 3751 669 3809 idcirco
697 3752 827 3827 speciem
841 3757 953 3827 tenent,
977 3753 1050 3828 quia
1103 3753 1183 3811 versi
1199 3759 1278 3824 sunt,
1295 3756 1367 3812 acsi
1394 3771 1558 3829 percussus
1571 3759 1617 3816 vir
1645 3763 1735 3818 tantae
1750 3755 1933 3818 tortitudinis

218 3841 259 3902 ad
272 3842 393 3920 culpam
407 3841 564 3900 indiscrete
576 3841 730 3917 loquendo
744 3841 928 3902 dilabuntur.
941 3845 1050 3904 Sancta
1103 3844 1135 3902 in
1149 3843 1273 3918 plagam
1288 3845 1435 3920 corporis,
1457 3847 1549 3905 ctiam
1565 3847 1656 3906 corde
1671 3847 1838 3908 cecidisset.
1855 3849 1932 3906 blis-

217 3933 319 4009 iteqne
331 3931 464 3992 Ecclesia
477 3949 548 3991 cum
563 3931 691 3991 vulnera
710 3934 846 4002 sustinet,
870 3949 940 3992 cum
952 3951 1048 3993 mem·
1103 3949 1173 3991 rrcs.
1190 3935 1323 3992 llaeretici
1337 3935 1451 4012 quique
1467 3953 1538 3996 cum
1551 3943 1662 4000 sancte
1691 3940 1831 4000 Ecclesia
1854 3939 1933 3999 lacta

216 4022 343 4083 brorum
369 4039 493 4083 sucrum
518 4023 622 4098 lapsus
648 4021 738 4094 dolet,
752 4023 875 4100 insuper
901 4023 977 4083 alios
992 4024 1049 4084 sub
1104 4024 1305 4096 considerant,
1334 4025 1439 4084 oculos
1464 4027 1576 4099 levant,
1592 4029 1665 4104 quia
1680 4030 1739 4106 ipsi
1751 4029 1932 4090 videlicetin

217 4113 323 4174 Christi
351 4113 474 4174 nomina
503 4112 609 4172 tolerat
633 4113 735 4174 hostes
763 4111 884 4172 censu.
902 4113 948 4174 Ad
977 4131 1049 4188 aug·
1103 4112 1172 4171 imis
1186 4117 1264 4172 sunt.
1282 4115 1392 4174 Sancta
1407 4115 1520 4192 quippe
1535 4118 1668 4180 Ecclesia
1679 4119 1793 4196 appetit
1807 4119 1856 4179 hic
1868 4137 1932 4180 ma·

216 4209 354 4264 mentum
367 4217 501 4280 namque
515 4203 628 4261 doloris
652 4205 729 4278 ejus,
752 4203 843 4264 eliam
860 4203 989 4262 heretici
1016 4204 1048 4262 in
1103 4201 1288 4280 larccipere,
1301 4209 1335 4263 ut
1358 4207 1456 4280 possit
1483 4209 1523 4266 ad
1544 4213 1662 4268 aeternae
1680 4211 1931 4272 remunerationis

217 4293 407 4354 contentione
430 4291 621 4360 conveniunt,
651 4307 790 4366 eamque,
813 4293 902 4366 quasi
923 4293 1048 4368 quibus·
1103 4294 1264 4368 praemium
1278 4297 1407 4368 purgata
1421 4297 1590 4372 pervenire.
1607 4297 1745 4360 Haeretici
1756 4303 1848 4375 igitur
1859 4301 1936 4378 quia·

216 4379 289 4439 dam
300 4379 420 4456 jaculis,
432 4377 678 4438 irrationabilitus
699 4379 797 4438 verbis
811 4377 916 4454 figunt.
946 4381 1046 4456 Sequi·
1103 4397 1159 4456 pro
1169 4397 1282 4454 magno
1292 4385 1454 4457 prasentia
1464 4392 1621 4462 appetunt,
1633 4407 1703 4449 eam
1713 4391 1745 4450 in
1755 4389 1930 4452 vulneribus

216 4473 265 4529 tur
280 4488 287 4528 :
303 4469 511 4528 Convenerunt
525 4471 561 4528 de
576 4471 639 4527 loco
654 4485 717 4527 sno.
735 4469 947 4528 Hareticorum
961 4471 1047 4546 quip-
1102 4472 1232 4546 positam
1242 4483 1513 4548 noncognosount.
1527 4479 1579 4540 Hic
1594 4497 1730 4560 nemque
1743 4483 1826 4560 quod
1838 4484 1870 4540 in
1880 4481 1931 4540 illa

215 4577 254 4636 pe
268 4559 354 4620 locus
371 4560 438 4636 ipsa
449 4559 652 4636 estsuperbia‚
665 4559 741 4616 sicut
753 4576 768 4616 e
781 4563 885 4618 contra
894 4561 1047 4620 humilitas
1102 4563 1275 4636 cernunt‚in
1286 4579 1411 4624 suorum
1421 4569 1561 4629 cordium
1574 4573 1746 4646 cognitione
1760 4589 1823 4630 non
1842 4573 1932 4632 relin-

216 4647 301 4710 loeus
315 4649 478 4720 bonorum,
494 4649 614 4706 utillud
629 4649 806 4707 Salomonis.
824 4668 840 4704 e
856 4649 884 4706 Si
906 4651 1047 4710 ascende·
1101 4657 1209 4726 quunt.
1229 4655 1370 4729 Sequitur
1394 4675 1400 4714 :
1417 4659 1583 4732 scissisque
1606 4662 1733 4718 vestibus
1751 4669 1931 4731 sparserunt

215 4739 253 4798 rit
268 4756 359 4818 super
384 4743 412 4798 te
441 4737 562 4814 spiritus
586 4741 766 4814 potestatem
789 4738 916 4812 habens,
945 4741 1046 4800 locum
1100 4745 1254 4814 pulverem
1273 4759 1364 4817 snper
1391 4753 1482 4818 caput
1506 4765 1592 4806 narn
1613 4749 1645 4806 in
1669 4749 1786 4808 cretum.
1800 4779 1834 4788 —
1848 4747 1930 4808 Sicut

214 4832 302 4888 tuum
316 4847 354 4890 ne
367 4827 516 4888 dimiseris
532 4829 643 4902 (Erote.
668 4847 697 4900 x,
714 4833 754 4898 1).
771 4848 787 4884 ›
804 4830 939 4888 llaeretici
957 4831 1047 4904 igitur
1101 4833 1279 4892 vestimenta
1294 4835 1429 4892 Ecclesiae
1440 4841 1567 4893 cunctos
1579 4835 1683 4894 fideles
1697 4835 1874 4910 accipimus,
1895 4843 1929 4897 ut

215 4919 254 4978 de
266 4920 333 4980 loco
350 4937 406 4978 suo
419 4920 552 4990 veniunt,
569 4920 641 4995 quia
656 4921 760 4978 contra
783 4925 919 4979 sanctam
948 4922 1046 4982 Eccle-
1100 4921 1175 4980 illud
1185 4924 1339 4996 propheta
1352 4941 1382 4979 z«
1393 4923 1538 4982 Omnibus
1550 4925 1597 4982 his
1607 4925 1928 4987 velutornamcntove-

215 5007 293 5068 siem
303 5025 340 5068 ex
355 5009 496 5084 superbia
510 5013 678 5068 moventur.
700 5009 821 5100 liliphas
837 5011 1047 5086 interpretatur
1101 5011 1196 5068 stieris
1209 5013 1279 5084 (Iso.
1296 5029 1371 5084 sarr,
1391 5013 1444 5083 18),
1458 5037 1472 5064 »
1488 5014 1531 5072 ita
1543 5015 1752 5076 haereticorum
1779 5021 1849 5077 sunt
1863 5035 1927 5078 om·

214 5097 270 5157 Dei
284 5104 479 5170 contemptus.
496 5097 612 5156 Beldad
626 5103 726 5157 autem
737 5101 868 5158 vetustas
882 5104 956 5159 sola.
969 5104 1046 5157 lium
1101 5115 1154 5158 nes
1164 5101 1217 5174 qui
1233 5101 1274 5158 eis
1288 5103 1484 5175 concordant,
1500 5105 1808 5166 inhaerentesillorum
1820 5109 1926 5168 errori-

214 5205 302 5248 novae
312 5188 379 5247 vitae
395 5188 620 5248 conversionem
635 5187 765 5248 haretici
779 5189 944 5264 negligunt,
961 5193 989 5247 et
1009 5207 1046 5248 ex
1099 5189 1157 5246 bus
1171 5188 1373 5248 involvuntur.
1389 5193 1445 5259 Qui
1460 5192 1535 5252 dum
1564 5195 1604 5254 ad
1625 5195 1774 5256 deteriora
1794 5199 1925 5274 quotidie
2033 5225 2039 5234 ·

215 5273 280 5337 sola
293 5282 438 5338 vetustate
464 5277 609 5354 estquod
636 5277 812 5350 intendunt;
829 5280 945 5354 sophar
960 5279 1045 5337 dissi·
1099 5281 1200 5351 ruunt,
1217 5281 1247 5336 et
1262 5279 1417 5338 sentiendo
1433 5282 1540 5355 pej0ra
1564 5283 1596 5341 in
1619 5285 1721 5344 multis
1734 5304 1765 5345 sc
1790 5287 1926 5362 partibus

212 5369 297 5439 patio
312 5371 450 5440 specula,
464 5367 511 5427 vel
524 5369 742 5440 speculatorem
759 5370 919 5442 dissipans.
935 5371 1045 5428 llontes
1101 5367 1253 5428 scindunt.
1271 5369 1379 5446 Sicque
1394 5371 1437 5442 fit,
1454 5375 1487 5430 ut
1502 5373 1605 5432 scissis
1615 5378 1797 5452 sequacibus
1811 5377 1926 5438 malitia

214 5472 349 5530 namque
361 5459 496 5518 fidelium
511 5459 550 5518 ed
563 5459 936 5534 contemplandasuperna
951 5475 982 5513 se
992 5458 1045 5514 eri·
1099 5473 1203 5514 eorum
1219 5459 1408 5530 cogitationis
1420 5461 1581 5540 aperiatur,
1598 5471 1630 5523 ut
1641 5465 1823 5525 discordiam
1838 5467 1925 5524 dolus

215 5549 300 5620 gunt,
315 5545 369 5604 sed
382 5546 457 5606 dum
470 5547 679 5609 hereticorum
694 5547 787 5606 verba
801 5549 970 5622 pervertere
984 5563 1044 5603 rec·
1099 5547 1268 5625 patefaciat,
1283 5567 1362 5624 quos
1387 5551 1507 5626 spiritus
1534 5558 1635 5628 gravis
1650 5557 1819 5616 concordiae
1836 5557 1925 5632 culpa

214 5642 245 5696 ta
268 5633 504 5712 contemplantes
525 5643 681 5714 appetunt,
717 5635 872 5712 speculam
896 5635 1042 5713 dissipare
1099 5638 1270 5700 claudebat.
1282 5641 1336 5700 Per
1346 5641 1514 5716 pulverem,
1524 5647 1924 5720 terrenamintehigsntism
