4104 6162
231 121 283 178 547
749 111 777 166 S.
798 105 928 167 ODONIS
947 99 1096 168 haurris
1114 101 1364 166 CLUNIACENSIS
1390 100 1421 156 ll.
1884 105 1934 158 aaa

231 242 315 326 prole
338 240 468 304 Henocb,
484 237 535 312 qui
559 234 708 294 dedicatio
732 233 952 310 interpretatur,
970 225 1058 302 septi·
1073 225 1097 279 h
1115 224 1370 284 sanctaeEcclcsiae
1381 222 1578 282 aedificatione
1589 225 1690 281 tamen
1706 225 1776 283 sunt
1794 225 1933 296 ponendi.

232 347 301 386 mus
316 329 458 394 nascitur,
473 326 545 402 quia
559 324 696 380 videlicet
710 321 794 380 electi
814 325 883 394 post
898 335 948 376 sex
967 316 1058 388 hujus
1113 317 1276 376 Discutiant
1290 332 1361 386 ergo
1375 333 1404 372 sc
1420 316 1549 394 quisque
1564 315 1679 384 fideles,
1696 319 1725 374 et
1738 314 1762 372 si
1775 316 1935 393 repositum

231 420 297 476 vitre
320 422 431 487 etates,
456 417 486 474 in
511 429 674 488 supernam
702 409 884 470 Hierusalem
913 412 1059 478 tanquam
1113 406 1225 478 aliquid
1240 407 1271 462 in
1295 407 1383 464 coule
1404 405 1508 462 suotle
1524 403 1670 462 fructibus
1697 403 1935 464 charitatisinve·

230 508 346 587 lapides
360 507 420 564 vivi
433 505 653 578 dedicabuntur
680 501 751 560 Cain
764 516 843 564 vero,
860 503 892 554 ut
908 495 1060 569 supradic·
1112 495 1220 566 uelint,
1237 499 1330 554 ileum
1346 495 1401 552 sibi
1413 495 1553 551 interesse
1567 509 1630 550 non
1642 493 1790 554 dubitent.

231 601 294 652 tum
308 593 606 668 est,primogenitum
625 583 1059 668 henochappellat:quoniam
1148 586 1212 640 XLI.
1235 585 1309 650 Quia
1333 601 1404 640 vero
1427 600 1491 640 sese
1515 583 1634 640 occasio
1653 583 1793 658 praebuit,
1819 583 1875 640 hoc
1905 601 1937 642 ex

231 686 327 760 iniqui
343 703 374 741 se
389 685 420 740 in
434 681 605 758 primordiis
617 680 704 754 quasi
718 676 948 740 dedicant,dum
958 674 988 730 iu
1002 673 1059 729 hac
1113 671 1210 728 verbis
1227 671 1304 728 beati
1320 671 1477 740 Augustini
1494 672 1530 728 de
1553 671 1695 728 charitate
1721 671 1884 729 dicendum
1898 671 1937 728 vi-

231 776 293 830 vita
301 774 434 830 radicem
448 771 546 827 cordis
559 770 704 843 plantant.
718 771 791 824 Cum
806 765 948 822 Dominus
960 762 1057 818 dieat:
1113 760 1200 818 detur
1216 779 1222 816 :
1242 762 1425 824 Divinarum,
1439 761 1544 834 inquit,
1559 762 1779 834 Scripturarum
1800 760 1939 839 multipli-

232 865 302 922 cum
326 868 447 919 vocotus
467 862 562 931 fueris
577 861 617 916 od
641 860 773 930 nuptias,
789 871 826 912 ce
845 853 1012 912 discursibus
1028 852 1059 906 in
1114 868 1178 906 com
1194 850 1412 906 abundantiam
1433 850 1670 928 latissimamque
1694 850 1863 910 doctrinam
1879 850 1940 908 sine

229 954 329 1024 primo
347 947 629 1022 1000(Lu0,x1v‚8).
1114 941 1174 996 ullo
1208 957 1306 997 errore
1340 941 1569 1014 comprehendit
1595 946 1623 998 et
1652 956 1715 998 sine
1744 939 1805 998 ulto
1839 939 1940 998 labore

268 1043 309 1096 XL
330 1043 378 1095 Est
403 1043 431 1094 et
458 1036 540 1093 aliud
571 1051 665 1104 genus
693 1035 853 1097 bonorum,
879 1031 931 1087 sod
960 1029 1060 1086 minus
1114 1029 1254 1098 custodit,
1281 1031 1366 1102 eujus
1396 1048 1448 1087 cor
1472 1031 1597 1106 plenum
1623 1034 1666 1086 est
1687 1030 1841 1088 charitate.
1867 1031 1941 1098 Qua·

231 1128 439 1205 perlectorum,
452 1125 504 1200 qui
515 1128 671 1198 penetrare
685 1123 827 1195 spiritalia
841 1137 902 1178 non
914 1119 1057 1186 valentes,
1113 1135 1142 1192 pr
1151 1125 1235 1192 opter
1258 1121 1395 1194 quisquis
1409 1121 1470 1178 vult
1485 1137 1563 1178 novo
1578 1121 1723 1178 mandato
1738 1123 1822 1176 vetus
1836 1120 1943 1176 exstin-

231 1215 364 1290 quinque
391 1213 531 1270 sensibus
558 1215 709 1286 corporeis
735 1212 953 1286 deprimuntur.
980 1211 1060 1273 Quos
1114 1223 1204 1278 guere
1217 1213 1386 1282 peccatum,
1403 1209 1748 1282 cupiditaticontrariam
1761 1213 1859 1266 teneat
1871 1209 1942 1268 cha-

230 1303 367 1359 videlicet
380 1302 514 1376 quinque
527 1318 631 1358 sensus
646 1301 717 1374 quia
732 1300 968 1358 Christianorum
978 1313 1059 1354 exer·
1114 1299 1241 1370 ritatem,
1256 1300 1402 1374 quoniam
1417 1299 1464 1356 ille
1478 1305 1557 1356 tenet
1571 1305 1600 1356 et
1614 1299 1697 1372 quod
1709 1303 1802 1373 patet,
1817 1303 1846 1356 et
1860 1298 1942 1372 quod

231 1392 305 1448 eitus
321 1392 396 1447 duce
409 1393 477 1446 Jesu
493 1390 583 1446 debet
604 1390 634 1446 in
650 1406 759 1462 corpus
778 1405 867 1444 suum
888 1386 1058 1460 reprimere,
1114 1385 1184 1444 latet
1196 1387 1227 1444 in
1239 1387 1348 1444 divinis
1364 1387 1566 1459 sermonibus,
1581 1388 1633 1462 qui
1649 1387 1824 1446 charitatem
1845 1393 1944 1446 serrat

230 1480 307 1536 bene
322 1483 412 1536 losue
431 1480 580 1550 designat,
597 1480 649 1552 qui
664 1495 749 1546 reges
763 1478 899 1550 quinque
914 1476 944 1532 iu
957 1491 1059 1552 repro·
1114 1476 1145 1532 in
1166 1477 1312 1534 moribus.
1330 1479 1529 1550 Hieronymus
1556 1477 1587 1534 in
1604 1475 1730 1552 epistola
1759 1477 1799 1534 ad
1824 1475 1942 1534 Galatas

231 1570 384 1626 missionis
409 1575 485 1625 terra
505 1569 623 1624 dudum
645 1572 805 1638 regnantes
829 1567 867 1622 ad
884 1566 1059 1640 speluncam
1079 1566 1210 1642 gretert,
1233 1567 1316 1638 quod
1342 1572 1463 1624 sanctus
1490 1570 1620 1624 loannes
1649 1565 1846 1638 evangelista,
1873 1582 1942 1624 curn

230 1660 309 1716 velut
325 1665 445 1716 antrum
460 1658 593 1732 corporis
609 1657 755 1727 fugientes
770 1655 922 1712 interierit.
939 1653 995 1710 Sed
1006 1653 1059 1710 im·
1111 1656 1177 1726 jam
1208 1673 1300 1712 sonex
1323 1661 1409 1726 esset,
1433 1661 1460 1714 et
1486 1655 1705 1730 discipulorum
1732 1655 1877 1714 manibus
1906 1655 1942 1712 ad

231 1749 355 1822 perlecti
377 1747 490 1820 quique
505 1747 580 1804 dum
596 1746 706 1802 eisdem
726 1745 862 1801 sensibus
878 1744 977 1800 adhuc
993 1760 1059 1799 suc·
1115 1745 1277 1802 Ecclesiam
1301 1745 1476 1815 deterretur,
1491 1745 1548 1802 hoe
1572 1745 1670 1802 solum
1689 1761 1808 1818 semper
1831 1745 1863 1808 in
1888 1744 1944 1802 col·

232 1837 390 1906 cumbunt,
400 1842 482 1896 tanto
498 1837 598 1894 minus
610 1840 714 1894 amant
727 1834 855 1910 eumqui
868 1833 1057 1902 tocitomnia,
1114 1835 1190 1896 lecta
1210 1835 1382 1908 proferebat
1398 1853 1404 1892 :
1424 1835 1651 1906 alterutrumne
1675 1834 1862 1892 alterutrum.
1883 1833 1943 1894 llis

232 1932 346 2002 quanto
363 1927 392 1982 in
415 1927 461 1982 his
484 1925 697 2000 ampliusque
725 1925 802 1982 lacta
818 1928 887 1979 sunt
898 1923 1057 1992 ilhgautur.
1115 1923 1205 1997 cipuli
1220 1941 1290 1982 vero
1300 1925 1523 1998 per·tresi,quod
1538 1923 1645 1982 eadem
1661 1940 1779 1996 semper
1792 1923 1941 1996 audirent,

231 2017 334 2072 Aliena
349 2017 472 2090 quidem
488 2031 549 2070 non
566 2019 714 2087 quarunt,
730 2013 843 2070 illatam
858 2012 998 2084 injuriam
1012 2011 1060 2066 vel
1114 2011 1274 2070 dixerunt:
1291 2012 1435 2084 Magister,
1453 2029 1547 2086 quare
1570 2027 1689 2086 semper
1710 2011 1768 2068 hoc
1782 2011 1942 2089 loqueris?

231 2105 366 2161 nolentes
381 2107 511 2178 portant.
529 2103 628 2160 Rebus
644 2102 773 2176 propriis
791 2101 919 2158 contenti
936 2104 1016 2162 suut.
1032 2103 1060 2156 et
1115 2101 1228 2166 Quibus
1263 2101 1418 2178 respondit
1449 2102 1573 2171 dignam
1600 2103 1714 2161 toanne
1740 2101 1940 2161 sententiam:

231 2191 382 2250 humiliter
396 2192 520 2259 vivunt;
538 2191 591 2248 sed
613 2196 714 2252 tamen
734 2207 838 2248 curam
860 2189 989 2266 propriso
1004 2188 1058 2244 do·
1115 2189 1189 2258 Quia
1202 2195 1388 2264 praeceptum
1403 2189 1521 2246 bornini
1532 2193 1587 2262 cst,
1601 2193 1629 2248 et
1644 2189 1669 2246 si
1691 2177 1792 2248 solum
1806 2189 1850 2255 fir,
1864 2188 1944 2246 sulti·

231 2298 299 2337 mus
314 2285 430 2354 gerunt,
445 2280 563 2336 delitiis
579 2280 718 2352 cogitant,
735 2279 836 2352 eisque
856 2277 1059 2334 haereditatem
1114 2278 1229 2334 cithoc.
1247 2279 1407 2336 Sciendum
1422 2295 1494 2335 sane
1508 2279 1580 2354 quia
1590 2278 1665 2339 sicut
1678 2277 1788 2336 nostris
1803 2278 1942 2354 tempori·

232 2374 362 2428 servant.
387 2371 442 2437 Qui
465 2375 565 2426 tamen
590 2369 665 2424 inter
690 2385 742 2425 eos
767 2367 949 2424 sollicitiores
979 2370 1057 2434 sunt,
1113 2367 1171 2424 bus
1186 2367 1373 2440 omniapene
1390 2385 1478 2426 suum
1492 2367 1629 2424 ordinem
1643 2367 1942 2442 perdiderunt,pieri-

232 2460 325 2516 divini
336 2459 440 2532 judieii
456 2475 615 2527 memores,
628 2457 863 2514 misericordiam
875 2454 1058 2530 pauperihus
1113 2473 1172 2530 que
1189 2456 1332 2530 prodigas
1348 2473 1450 2514 rerum
1465 2473 1591 2514 suarum
1604 2472 1751 2535 expensas
1768 2457 1941 2514 charitatem

232 2549 431 2624 impendunt,
448 2553 476 2606 et
499 2549 522 2602 si
541 2547 644 2604 omnia
664 2547 830 2619 relinquere
847 2561 908 2602 non
921 2550 1056 2618 possunt,
1113 2546 1283 2612 nominant,
1300 2563 1369 2602 oum
1395 2562 1442 2600 ros
1464 2546 1503 2604 ad
1522 2546 1645 2604 inanem
1667 2545 1795 2618 glorium
1820 2545 1939 2622 proluse

232 2635 681 2714 velexpartequaproevalent
701 2634 909 2692 misericordes
927 2634 1012 2698 tiuut,
1031 2637 1059 2690 et
1113 2634 1273 2710 dispensae,
1300 2635 1443 2692 comestio
1465 2635 1514 2692 vel
1547 2635 1652 2698 offusio
1681 2635 1778 2711 magis
1807 2636 1938 2694 dcendae

231 2743 336 2784 curam
359 2725 458 2782 carnis
483 2741 552 2782 cum
576 2726 684 2781 animle
709 2741 781 2782 cura
806 2724 983 2798 partiuntur.
1001 2723 1059 2780 Sed
1114 2729 1183 2782 sunt
1204 2741 1296 2797 quam
1321 2724 1461 2782 charitas.
1485 2724 1629 2791 Qualibus
1654 2724 1735 2782 euim
1754 2741 1801 2784 res
1823 2725 1936 2798 dispor-

230 2816 305 2890 quid
319 2816 356 2872 de
370 2815 412 2872 eis
427 2815 489 2883 erit,
502 2815 526 2871 si
539 2814 639 2872 nidlus
651 2814 689 2875 ad
704 2829 830 2884 regnum
844 2813 901 2870 nisi
913 2813 965 2886 qui
978 2829 1059 2870 sum·
1114 2813 1220 2870 tiendee
1246 2814 1304 2870 sint
1330 2813 1393 2885 ipse
1420 2813 1565 2871 Dominus
1587 2814 1684 2882 docet,
1711 2813 1764 2888 qui
1792 2814 1835 2878 ait
1850 2815 1940 2875 :Noti

230 2906 288 2970 mis
323 2905 480 2964 virtutibus
517 2903 660 2978 praeditus
698 2907 741 2959 est
769 2902 942 2976 perveniet?
968 2901 1241 2988 Adestqr'nnitore
1265 2919 1311 2962 eos
1333 2905 1385 2976 qut
1407 2909 1434 2960 te
1455 2905 1615 2961 reinvitent
1641 2903 1797 2978 (Lucam,
1814 2903 1936 2976 remed

230 2995 383 3073 quippeet
396 2993 442 3055 his
456 2991 622 3050 consolatio
638 3007 704 3048 sua.
729 2995 802 3048 Nam
827 3007 896 3049 oum
911 2990 1066 3060 ferculum¹
1113 3009 1218 3050 omues
1240 2997 1360 3050 econtra
1385 3009 1454 3048 cum
1469 2994 1518 3053 vix
1543 3009 1651 3066 parum
1677 2993 1751 3066 quid
1763 3009 1824 3050 non
1841 2993 1936 3050 solum

229 3084 307 3154 regis
332 3083 499 3142 Salomonis
524 3083 554 3138 in
577 3087 649 3155 typo
674 3080 809 3138 Ecclesia
831 3079 1056 3146 describeretur,
1112 3083 1289 3152 vestimenti,
1311 3081 1364 3137 sed
1388 3082 1477 3138 otiam
1503 3081 1561 3138 cibi
1588 3098 1623 3138 ac
1648 3082 1748 3161 potius
1771 3083 1885 3140 Christo
1909 3083 1936 3140 in

229 3172 305 3236 inter
319 3173 401 3244 ligna
416 3173 520 3230 Libani
535 3177 563 3230 et
580 3172 737 3230 columnas
759 3175 926 3242 argenteas,
941 3173 969 3226 et
984 3169 1058 3224 inter
1112 3188 1245 3246 paupere
1260 3170 1401 3238 tribuant,
1417 3167 1589 3246 potentibus
1606 3177 1707 3231 tamen
1717 3171 1808 3236 ctiam
1818 3177 1936 3248 accepta

228 3261 452 3321 reclinatorium
476 3277 602 3318 aureum
626 3275 846 3332 ascensumque
870 3275 1057 3332 purpureum
1113 3265 1219 3316 mutuo
1233 3261 1410 3334 dispensant
1424 3277 1429 3315 :
1445 3261 1529 3333 quod
1553 3261 1689 3318 videlicet
1711 3277 1772 3322 nou
1787 3263 1936 3321 estcbari·

229 3364 283 3422 per
297 3366 366 3422 quae
381 3349 514 3406 videlicet
529 3348 750 3404 excellentiores
766 3348 878 3422 quippe
898 3347 929 3404 in
950 3346 1057 3402 eadem
1113 3357 1170 3424 tas,
1188 3351 1242 3408 sed
1255 3351 1371 3409 effusio.
1386 3356 1461 3416 Nam
1473 3355 1551 3408 recte
1567 3351 1696 3410 charitas
1712 3351 1783 3408 solis
1803 3352 1935 3426 indigen-

229 3437 359 3502 Ecclcsia
373 3437 532 3497 militantes
552 3437 758 3508 designantur,
774 3436 909 3496 additum
930 3441 973 3494 est
986 3436 1057 3510 quia
1113 3440 1192 3504 tibus
1213 3444 1258 3496 est
1282 3440 1481 3514 expendenda
1494 3459 1500 3509 ;
1514 3445 1543 3498 et
1557 3455 1618 3498 non
1644 3440 1743 3498 solum
1758 3441 1875 3510 amicis,
1887 3441 1935 3500 sed

228 3526 329 3586 media
340 3526 483 3584 charitate
508 3525 671 3582 constravit
688 3529 809 3596 propter
826 3524 904 3580 filias
920 3525 1055 3580 tlierusa-
1112 3531 1202 3586 etiam
1216 3529 1344 3586 inimicis
1372 3529 1530 3587 beneficia.
1546 3531 1636 3586 Porro
1661 3535 1762 3588 autem
1777 3529 1854 3588 sicut
1876 3529 1933 3586 bac

228 3613 300 3671 lem.
316 3618 424 3671 Verum
438 3614 510 3688 quia
524 3613 582 3669 hoc
598 3629 652 3688 pro
667 3617 772 3670 nostra
796 3613 968 3670 infirmitate
987 3612 1057 3668 dici·
1112 3616 1171 3674 rita
1185 3615 1343 3674 mediaest
1358 3616 1434 3672 inter
1461 3617 1581 3685 eoelum,
1597 3633 1659 3692 quo
1674 3617 1731 3676 soli
1744 3618 1818 3676 boni
1832 3619 1933 3674 consis

229 3707 286 3774 tur,
304 3721 341 3762 ex
357 3704 414 3762 hoc
430 3701 740 3776 apertcelaret,quod
754 3717 816 3758 non
831 3707 953 3776 proptor
968 3702 1054 3770 tilios,
1111 3709 1187 3776 tunt,
1207 3710 1235 3764 ct
1260 3705 1411 3762 internum
1435 3723 1497 3780 quo
1524 3706 1580 3764 soli
1603 3706 1676 3764 mali
1703 3707 1875 3778 traduntur,
1897 3707 1932 3764 sic

229 3793 282 3850 sed
293 3798 415 3868 propter
428 3791 505 3850 filias
516 3791 698 3848 Hierusalem
708 3791 805 3847 inesse
820 3791 949 3848 charitas
960 3791 1056 3866 perhi-
1111 3795 1267 3868 utriusque
1288 3799 1380 3868 partis
1406 3795 1486 3852 cives
1508 3795 1709 3855 indifferenter
1729 3796 1830 3854 habel.
1858 3795 1933 3856 Unde

227 3881 324 3940 betur.
340 3881 415 3958 Quid
429 3881 510 3941 enim
525 3881 607 3938 aliud
622 3896 675 3954 per
690 3897 796 3937 sexum
812 3880 986 3948 femineum,
1000 3880 1066 3936 nisi'
1111 3889 1237 3957 utraque
1252 3883 1403 3956 generatio
1420 3884 1469 3942 vel
1486 3884 1702 3957 temporabbus
1716 3883 1806 3944 bonis
1829 3885 1934 3960 pariter

226 3973 384 4032 infirmitas
415 3972 562 4033 mentium
594 3971 765 4044 figuratur?
792 3971 931 4044 Quisquis
967 3971 1056 4042 igitur
1110 3972 1212 4042 utitur,
1227 3973 1276 4028 vel
1290 3972 1378 4028 malis
1403 3973 1512 4048 pariter
1531 3971 1682 4044 affligitur,
1698 3973 1819 4030 diversa
1838 3979 1933 4040 tamen

227 4068 326 4122 mente
354 4063 493 4120 infirmus
525 4065 579 4132 est,
603 4061 778 4118 charitatem
807 4061 927 4126 habeat,
953 4061 1057 4130 diligat
1111 4062 1182 4132 tide,
1205 4063 1324 4120 diversa
1348 4078 1411 4136 spe,
1434 4063 1552 4120 diverso
1575 4078 1688 4136 amore,
1712 4063 1809 4120 donec
1833 4063 1933 4125 ultimo

226 4153 321 4210 Deum
336 4158 364 4210 et
378 4153 550 4226 proximum
565 4154 714 4223 quantum
727 4155 834 4222 potest,
850 4156 877 4208 et
891 4167 959 4224 quae
974 4149 1056 4208 hona
1107 4152 1222 4226 judicio
1233 4157 1418 4224 separentur,
1430 4156 1459 4210 et
1473 4152 1617 4226 percipiat
1628 4152 1821 4228 unusquique
1837 4169 1932 4220 suum,

227 4245 297 4298 sunt
318 4240 405 4298 valde
427 4255 497 4298 cum
521 4240 664 4299 charitate
679 4238 777 4300 iaciat,
794 4239 866 4312 quia
889 4239 956 4296 licet
974 4243 1054 4296 exte·
1109 4241 1201 4298 finem
1217 4241 1264 4298 eui
1276 4240 1377 4298 nullus
1393 4243 1438 4298 est
1451 4239 1529 4298 finis.
1542 4242 1617 4308 Quia
1632 4241 1739 4300 seriem
1752 4241 1934 4303 verovcrbo

226 4328 356 4386 rioribus
369 4327 546 4401 implicetur,
564 4333 664 4386 umen
675 4327 700 4382 si
714 4326 891 4384 charitatem
905 4327 1054 4394 babuerit,
1109 4329 1438 4404 rumqualitereunque
1460 4331 1609 4400 digestam
1631 4331 1747 4388 adhoc
1770 4346 1869 4406 usque
1889 4329 1933 4388 de

227 4417 268 4476 ad
291 4417 341 4474 Dei
365 4415 511 4474 ferculum
533 4415 700 4488 pertinebit,
718 4415 793 4472 sicut
816 4416 974 4474 Psalmista
992 4417 1052 4474 ait:
1109 4418 1264 4488 duximus,
1287 4422 1319 4474 ut
1341 4419 1398 4476 has
1418 4419 1634 4492 generationes,
1650 4419 1718 4478 licet
1740 4419 1771 4476 in
1786 4419 1933 4494 prosperis

226 4507 387 4564 Benedicit
401 4506 537 4562 omnibus
549 4506 753 4576 pusillarum
775 4507 941 4576 majoribus
960 4509 1052 4580 (Psol.
1109 4513 1137 4566 et
1152 4507 1285 4564 adversis
1301 4507 1500 4564 communiter
1524 4513 1733 4582 procurrentes
1748 4507 1932 4582 [percurren-

227 4595 533 4672 cn11,ral,quoniam
552 4595 604 4668 qui
629 4594 795 4670 imperfecti
815 4601 925 4654 suntet
939 4598 1052 4670 pusilli,
1108 4597 1173 4670 tcsl,
1198 4601 1300 4654 tamen
1319 4611 1374 4670 pro
1400 4595 1571 4654 diversitate
1600 4597 1774 4657 meritorum
1803 4597 1932 4657 diversos

227 4688 252 4746 si
265 4689 298 4744 in
311 4693 460 4762 quantum
476 4701 657 4758 cognoscere
671 4684 773 4744 valent
794 4685 889 4742 Deum
908 4701 943 4742 ac
956 4687 1053 4762 proxi·
1107 4687 1183 4744 fines
1204 4685 1316 4744 babere
1337 4684 1511 4756 dixerimus,
1525 4685 1637 4747 librum
1660 4686 1741 4750 hunc
1761 4685 1827 4746 istic
1849 4686 1931 4744 fluia-

226 4793 312 4834 mum
336 4776 474 4848 diligunt,
487 4774 546 4850 ipsi
569 4790 690 4850 quoque
716 4773 784 4832 licet
808 4773 917 4832 minori
929 4774 1008 4847 loeo,
1021 4775 1052 4835 iu
1107 4793 1186 4836 mus.

239 4959 437 4982 μ-ι--ιιιιι

844 5120 1015 5210 LlBER
1043 5120 1321 5210 SECUNDUS

973 5359 1191 5386 pua—auu·-

264 5485 555 5563 biespraestitutijam
564 5483 1055 5558 fluxeranbetgaudebam,tateor,
1111 5483 1215 5542 munia
1228 5483 1336 5542 licebat
1348 5483 1490 5542 brevitate
1508 5483 1646 5542 concludi
1660 5501 1667 5550 ;
1682 5483 1930 5558 quandoquidem

226 5575 1051 5654 quodsuboccasionebrevistemporisvcshaetussionis
1106 5575 1196 5634 stulto
1211 5589 1305 5650 genus
1319 5573 1532 5635 consolationis
1545 5577 1599 5646 est,
1619 5577 1652 5634 ut
1666 5573 1692 5632 si
1713 5577 1811 5635 tacere
1825 5572 1930 5646 nescit,
