4110 6138
240 118 292 173 719
765 107 792 162 S.
814 105 945 162 obortis
965 103 1117 162 annalis
1137 107 1387 166 CLUNIACENSIS
1407 108 1430 162 ll
1516 101 1531 124 ”’
1587 135 1596 158 0
1899 116 1954 170 720

239 236 405 300 incedebat,
421 229 562 288 imitabile
578 229 751 302 exemplum
763 229 905 286 omnibns
928 227 1067 301 praebens
1084 231 1109 285 Α
1123 230 1282 302 rogabant,
1297 235 1329 288 ut
1342 231 1414 288 fletu
1434 231 1624 288 desiderium·
1646 237 1800 303 augerent,
1826 234 1956 292 scientes

238 326 388 393 fidelibus,
404 325 436 376 ut
449 335 502 392 per
515 317 596 374 viam
607 318 657 374 Dei
668 319 870 385 ambulantes,
883 321 1068 390 necpropter
1123 315 1226 373 beatos
1241 334 1315 385 esse,
1332 321 1386 390 qui
1399 320 1513 391 tepent,
1527 320 1670 390 quoniam
1684 322 1744 391 ipsi
1760 323 1957 379 consotabun-

238 412 431 471 tenlationem
442 408 625 474 daemonum,
642 407 686 464 vel
702 412 816 463 metum
830 406 987 463 hominum
1017 409 1069 461 aut
1122 409 1173 460 tur
1186 405 1304 477 (Matio.
1320 422 1350 476 v,
1363 410 1402 475 4).
1420 406 1477 463 Sed
1492 407 1600 464 mulier
1612 408 1699 480 cujus
1710 408 1754 466 rei
1764 409 1860 479 gratia
1872 409 1956 468 fleret

237 519 341 560 curam
356 503 516 573 parentum
530 513 548 553 a
562 500 661 570 capto
681 496 785 552 itincre
804 496 971 565 deviemus,
996 495 1067 568 quia
1121 494 1302 567 manifestat,
1318 511 1389 553 curn
1404 496 1563 568 adjungit:
1593 497 1669 564 Oura
1693 500 1829 556 tuterunt
1857 503 1954 556 Domi-

235 589 447 649 inohoantibus
460 586 620 660 praemium
641 586 834 659 promittitur,
859 584 911 642 sed
931 599 1066 658 perseve-
1121 599 1191 640 num
1207 600 1314 655 meum,
1326 591 1354 642 et
1366 587 1463 642 neseio
1477 585 1529 641 uhi
1535 592 1701 655 posuerant
1713 602 1793 644 eum.
1803 589 1878 644 Hae
1888 605 1953 646 cum

235 680 372 738 rantibus
388 678 486 734 datur.
500 674 663 745 Allegorice
673 679 775 731 autem
791 673 918 731 tenebrae
933 677 1018 730 erant
1036 672 1066 728 in
1121 672 1243 730 deaucet
1257 689 1400 731 conamen
1415 680 1591 738 retrorsum,
1609 675 1684 732 uidit
1698 677 1799 733 tesam
1810 683 1952 744 stanter,

236 769 326 826 corde
342 767 434 836 hujus
445 763 653 820 sacratissima
662 761 803 831 mulieris,
814 760 930 819 eumad
951 759 1067 817 Domini
1121 765 1149 817 et
1161 763 1308 820 nesciebat
1318 765 1390 834 qaia
1403 765 1489 820 Jesus
1504 769 1546 819 est
1561 764 1658 835 (ioan.
1673 781 1717 836 xx,
1735 769 1766 821 13
1784 767 1838 838 tl).
1865 766 1953 824 &cte

235 857 316 915 venit
330 857 560 912 monumentum
579 871 584 907 :
603 851 675 925 quia
689 850 914 908 resurrectionis
932 851 997 921 ejus
1024 849 1067 920 ig·
1121 853 1154 905 ut
1164 850 1325 906 Dominum
1335 855 1499 907 mereretur
1512 849 1624 922 videre,
1632 867 1780 908 conversa
1789 857 1954 910 retrorsum

236 962 322 1014 nara,
350 945 500 1000 viventem
528 941 604 997 inter
629 944 763 997 mortuos
792 939 971 1013 requirebat.
986 941 1066 995 Tunc
1120 936 1248 1006 dicitur;
1264 939 1316 1012 qul
1329 938 1410 994 cuim
1423 943 1587 996 retrorsum
1600 939 1792 1006 convertitur,
1801 939 1872 998 illue
1883 958 1954 998 ocu·

167 1059 172 1072 ·
235 1053 306 1092 vero
323 1035 352 1090 in
367 1033 432 1104 ejus
446 1035 545 1088 mente
562 1030 606 1087 sol
621 1033 768 1098 ortusest‚
784 1028 907 1102 quando
928 1043 989 1084 non
1017 1043 1065 1083 so·
1120 1025 1165 1082 los
1180 1026 1281 1097 dirigit
1293 1027 1345 1084 ubi
1359 1027 1443 1101 prius
1457 1033 1539 1099 terga
1551 1028 1693 1085 babebat.
1709 1030 1800 1096 Quasi
1814 1030 1897 1088 enirn
1911 1048 1955 1088 re·

235 1127 298 1184 lum
311 1121 505 1182 resurrexisse
517 1121 598 1188 vidit,
613 1120 665 1176 sed
677 1119 766 1176 etiam
782 1118 915 1186 credidit,
937 1123 965 1175 et
992 1117 1066 1175 vidit
1120 1119 1250 1173 trorsum
1265 1132 1411 1174 conversa
1425 1122 1479 1186 est,
1503 1117 1627 1190 quando
1651 1117 1847 1176 dubitationis
1870 1125 1952 1194 post-

235 1214 366 1288 lapidem
378 1210 559 1267 sublatuma
574 1213 781 1266 monumento.
797 1211 831 1264 Et
859 1207 931 1280 quia
955 1223 1065 1280 corpus
1119 1219 1237 1276 ponens
1253 1205 1389 1274 nebulas,
1405 1205 1510 1262 Christi
1537 1207 1788 1264 resurrectionem
1807 1224 1845 1266 ex
1868 1215 1952 1282 parte

236 1301 351 1360 Domini
360 1316 420 1357 non
432 1298 553 1367 invenit,
565 1295 841 1368 furatumcredidit,
853 1301 942 1370 atque
957 1295 1066 1352 festina
1120 1293 1239 1350 credere
1256 1295 1354 1368 eoepit.
1373 1295 1425 1350 cui
1437 1299 1537 1352 mmen
1560 1295 1705 1353 visionem
1729 1296 1776 1353 sui
1804 1298 1952 1354 Dominus

233 1391 317 1464 quod
330 1389 444 1448 viderat
458 1386 612 1460 discipulis
629 1385 787 1442 nuntiavit.
803 1389 842 1442 De
853 1385 911 1441 hac
922 1384 1065 1441 veraciter
1119 1381 1160 1439 ita
1174 1384 1340 1456 suspendit,
1355 1389 1396 1452 ut,
1410 1384 1482 1458 quia
1497 1384 1631 1456 amabat,
1648 1385 1700 1441 sed
1722 1400 1794 1442 eum
1821 1403 1952 1442 resurre-

233 1479 403 1536 inCantiois
419 1477 605 1533 canticorum
634 1491 708 1530 vace
734 1473 868 1530 Ecclesiee
883 1473 1010 1548 dicitur:
1027 1475 1064 1528 ln
1118 1471 1197 1528 sisse
1212 1488 1273 1528 non
1287 1472 1438 1543 credebat,
1450 1472 1535 1530 illuni
1546 1477 1575 1530 et
1584 1473 1707 1542 videret,
1723 1479 1829 1531 atnon
1844 1491 1951 1546 cogos-

180 1621 187 1634 ,
235 1569 343 1626 matuta
359 1581 421 1622 mco
430 1568 609 1634 pernoctem
618 1564 834 1635 quesioiqaem
844 1563 943 1633 ditipit
959 1563 1061 1618 anima
1119 1566 1207 1618 acret.
1232 1561 1314 1618 Unde
1341 1561 1642 1633 evangelista:'ltla‚
1664 1563 1772 1636 inquit,
1800 1565 1951 1621 asenneus

233 1673 307 1722 mea,
325 1655 448 1726 ariarici
461 1654 550 1710 ittam
563 1659 590 1708 et
604 1667 664 1708 non
683 1653 793 1722 inueni,
809 1666 932 1723 stirpam
955 1657 982 1708 et
1004 1667 1064 1708 ezr·
1118 1651 1190 1720 quia
1206 1649 1386 1707 hortalanus
1401 1657 1485 1719 esset,
1499 1651 1571 1708 dicit
1587 1653 1623 1722 ei,
1633 1651 1762 1718 domine,
1772 1653 1800 1708 si
1808 1658 1843 1707 tu
1854 1659 1953 1709 sentu-

233 1747 318 1802 ruibo
332 1745 491 1810 civitatem,
505 1757 640 1813 quarens
656 1757 740 1813 quem
757 1741 857 1812 ditipit
869 1742 972 1797 anima
987 1756 1062 1797 mea.
1120 1737 1182 1793 listi
1194 1752 1271 1806 eum,
1282 1739 1373 1794 dicito
1386 1738 1461 1795 mibi
1476 1739 1528 1795 ubi
1538 1739 1666 1808 rosanti
1679 1754 1756 1808 eum,
1772 1745 1801 1796 ct
1813 1755 1869 1810 cao
1884 1755 1950 1796 enm

232 1836 419 1891 Invenerunt
449 1847 495 1888 me
522 1831 625 1902 ciuiles
646 1831 700 1903 qui
717 1831 1061 1887 custodiunteivitatem.
1119 1827 1463 1898 tottamtdoan.xx,t5).
1480 1827 1726 1886 Habetenimvis
1752 1828 1865 1886 amoris
1892 1829 1952 1886 hoc

232 1924 263 1978 N
265 1940 312 1980 um
327 1936 412 1994 quem
427 1920 528 1989 ditavit
543 1919 731 1982 animamea,
750 1919 864 1974 uidistis
879 1919 1062 1988 trifarium
1116 1915 1285 1990 proprium,
1299 1921 1332 1973 ut
1345 1933 1438 1989 quem
1451 1917 1580 1990 quisque
1595 1917 1725 1974 multum
1737 1923 1831 1988 amat,
1842 1933 1950 1976 omnes

233 2018 274 2070 est
288 2028 353 2068 curn
363 2010 602 2079 pertransiissem
628 2010 706 2076 ilios,
732 2009 834 2086 inveni
854 2023 939 2079 quem
963 2008 1064 2079 ditiait
1117 2021 1219 2061 amare
1233 2010 1326 2080 putet.
1344 2006 1399 2064 Sed
1415 2021 1477 2062 non
1491 2007 1522 2062 in
1537 2011 1597 2064 toto
1612 2007 1676 2063 brec
1700 2007 1808 2064 mulier
1828 2007 1948 2072 amarit,

232 2102 334 2158 anima
348 2114 423 2156 neca.
439 2096 550 2154 Tenedo
566 2097 664 2165 ittam,
678 2111 731 2154 nee
740 2096 900 2164 dimittam,
916 2096 1009 2153 donec
1020 2097 1063 2151 in·
1117 2110 1187 2151 cum
1198 2094 1357 2150 dominum
1371 2095 1566 2152 hortulanum
1580 2094 1748 2152 estimavit.
1773 2095 1949 2154 sicutenim

232 2189 387 2245 traducam
396 2202 462 2243 eum
471 2187 502 2242 in
509 2185 628 2241 domum
633 2183 730 2254 patris
739 2185 806 2250 mei,
815 2189 841 2242 et
850 2185 881 2239 in
891 2184 1062 2241 cubiculum
1115 2181 1267 2238 hortulani
1279 2183 1412 2238 ol‘ticium
1425 2187 1469 2239 est
1483 2185 1589 2240 noxias
1601 2182 1711 2240 herbas
1723 2182 1891 2252 eradicare,
1917 2189 1949 2240 ut

230 2277 383 2349 aenitricis
394 2291 464 2334 ntea
481 2275 580 2343 (Caret.
590 2290 633 2343 ru,
652 2276 717 2342 1-4).
730 2273 865 2330 Cucurrit
873 2289 1018 2346 namque,
1030 2277 1063 2329 ut
1115 2270 1204 2328 bonae
1218 2287 1348 2344 quaeque
1360 2271 1504 2345 proficere
1519 2273 1639 2330 valeant
1653 2272 1717 2342 ,·ita
1730 2271 1876 2330 Dominus
1898 2275 1945 2329 ie·

230 2366 372 2432 diximus,
386 2365 450 2420 haec
466 2379 552 2419 sacra
564 2361 681 2430 mulier,
709 2365 739 2417 et
755 2361 835 2417 venit
860 2361 899 2418 ad
910 2360 1061 2418 Simonem
1116 2376 1167 2416 sus
1184 2360 1315 2417 Christus
1331 2361 1466 2418 dehorto
1481 2378 1547 2433 suo,
1562 2362 1650 2419 idest
1675 2362 1712 2418 de
1727 2359 1857 2418 Ecclesia
1879 2379 1947 2430 sua,

230 2459 360 2522 Petrum,
374 2457 403 2510 et
414 2452 454 2509 ad
469 2452 563 2508 alium
591 2450 773 2523 discipulum
800 2465 892 2522 quem
920 2449 1062 2520 diligebat
1115 2449 1248 2522 quotidie
1262 2449 1331 2506 vitia
1343 2450 1485 2520 eradicat,
1502 2455 1535 2508 ut
1543 2451 1666 2507 virtutes
1675 2466 1806 2508 erescere
1817 2450 1948 2508 valeant.

230 2547 325 2608 lesus,
342 2539 509 2597 etdixiteis
525 2557 531 2594 ε
550 2539 871 2596 TuleruntDominum
901 2553 998 2594 meum
1025 2539 1062 2595 de
1116 2539 1191 2594 Cum
1206 2554 1276 2595 vero
1293 2555 1382 2595 sexus
1398 2539 1545 2596 lemincus
1558 2539 1670 2610 fragilis
1689 2539 1880 2596 sitadonera
1910 2541 1949 2597 le·

230 2636 430 2697 monumento,
447 2635 474 2684 et
486 2629 583 2685 neseio
599 2628 651 2684 uti
662 2633 827 2696 posuerunt
842 2642 919 2683 eum.
948 2627 988 2683 At
1014 2628 1063 2684 itti
1115 2628 1220 2694 rende,
1233 2630 1298 2685 baec
1315 2633 1437 2702 propter
1451 2629 1563 2686 amoris
1578 2628 1829 2701 magnitudinem,
1844 2629 1949 2688 leveel

230 2724 383 2775 currentes
408 2721 554 2774 occinunt
575 2716 616 2772 ad
630 2721 863 2784 monumentum,
879 2719 907 2771 et
921 2715 963 2772 ita
979 2715 1060 2772 inve·
1115 2715 1257 2789 possibile
1280 2717 1491 2786 arbitrabatur,
1520 2717 1623 2774 dicens
1650 2734 1656 2772 ε
1683 2718 1717 2774 Si
1744 2723 1776 2773 tu
1795 2720 1949 2776 sustulisti

230 2823 335 2865 nemun
348 2808 425 2863 sicut
441 2806 550 2862 mulier
564 2805 693 2862 deiceret.
705 2804 853 2860 Abierant
881 2819 951 2874 erpo
974 2803 1060 2860 disci·
1115 2819 1191 2872 eum,
1205 2805 1296 2862 dicito
1307 2806 1382 2862 uuiti
1395 2806 1447 2862 ubi
1455 2807 1585 2876 posuere·
1597 2821 1673 2872 eum,
1686 2812 1713 2864 et
1726 2821 1779 2877 epo
1794 2821 1860 2863 eam
1888 2809 1946 2863 tot·
2043 2837 2044 2840 =

227 2898 296 2967 pati
308 2903 335 2954 et
350 2897 463 2953 reuersi
475 2900 545 2950 sunt
565 2894 606 2951 ad
631 2895 808 2963 semetipsos.
832 2894 934 2950 Maria
960 2875 1095 2950 autemC
1115 2894 1186 2950 tam.
1200 2895 1280 2951 Dicit
1300 2896 1328 2952 ei
1340 2895 1436 2965 Jesas,
1457 2896 1568 2952 Maria.
1599 2897 1749 2952 Conversa
1775 2893 1827 2952 illa
1848 2895 1945 2952 dicit:

226 2988 326 3044 stabat
339 2987 380 3044 act
393 2989 615 3042 monimentum
625 2983 702 3054 soris
710 2984 836 3053 plorans
853 2983 952 3050 (Joan.
967 2998 1018 3052 xx,
1030 2986 1057 3052 2,
1113 2983 1258 3055 auctoni,
1275 2986 1355 3058 quod
1367 2985 1481 3042 dicitur
1498 2986 1653 3056 Mapt'ster.
1677 2986 1755 3042 Dicit
1784 2986 1811 3041 ei
1832 2986 1922 3042 Iesus
1936 3003 1948 3042 .·

225 3082 253 3146 3,
269 3081 311 3144 lD,
326 3081 380 3144 ll).
396 3073 657 3132 Considerandum
672 3077 716 3129 est
728 3073 785 3156 hoc
799 3072 877 3140 loco,
889 3072 981 3144 hujus
993 3088 1058 3128 mu·
1112 3073 1184 3129 Nati
1194 3089 1241 3130 me
1253 3080 1377 3145 tenpore
1391 3075 1503 3145 (ibid).
1535 3075 1609 3140 Duia
1635 3074 1779 3131 Dominus
1804 3076 1947 3149 superius

226 3166 303 3223 lieris
320 3169 452 3222 mentem
466 3168 598 3236 quantus
624 3177 710 3218 umor
725 3161 843 3218 Domini
869 3161 1056 3229 accenderat,
1111 3162 1268 3220 mulierem
1281 3164 1597 3220 communisexueam
1613 3163 1789 3238 appellavit,
1804 3168 1834 3220 et
1843 3165 1949 3235 cogni-
2042 3179 2043 3184 ¹

224 3271 303 3326 quan,
320 3254 411 3310 etiam
421 3251 576 3324 discipidis
591 3266 609 3306 a
624 3253 822 3307 monumento
838 3249 957 3306 Domini
973 3265 1056 3306 reee—
1112 3254 1158 3306 tus
1171 3267 1233 3309 non
1247 3257 1311 3309 est:
1329 3252 1447 3310 vocavit
1461 3268 1529 3309 eam
1543 3253 1665 3326 proprio
1679 3253 1811 3320 nomine,
1829 3257 1862 3310 ut
1887 3253 1948 3310 sal-

224 3342 447 3408 dentibus,non
459 3337 641 3395 discedebat.
661 3341 695 3394 Et
714 3337 837 3410 quiaab
865 3337 1056 3411 inquisitione
1111 3344 1661 3414 temcognasocntemseooguosoeret.
1673 3343 1946 3414 Aitenim,dlaria.

222 3449 285 3488 non
296 3430 432 3498 cessavit,
447 3428 544 3501 prima
557 3427 657 3483 videre
672 3427 789 3483 meruit.
806 3426 946 3483 Plorabat
970 3443 1054 3498 ergo,
1111 3431 1185 3486 Cum
1195 3431 1276 3488 euim
1286 3431 1370 3504 apud
1382 3432 1543 3488 Dominum
1555 3436 1652 3488 certus
1668 3433 1857 3490 sitnumerus
1867 3433 1947 3490 eleo

223 3521 397 3595 quiequam
411 3518 539 3574 multum
556 3516 746 3573 desiderabat
759 3532 821 3572 nou
835 3515 965 3573 videbat.
987 3517 1054 3574 Plo·
1110 3520 1219 3586 torum,
1234 3535 1348 3590 magna
1360 3520 1456 3591 gratia
1469 3519 1638 3590 illudatur,
1654 3520 1707 3594 qui
1731 3520 1860 3595 propriis
1890 3538 1946 3578 no·

119 3593 122 3598 ¹
222 3612 318 3674 rabat,
331 3610 403 3685 quia
416 3623 525 3681 corpus
537 3605 654 3662 Domini
664 3605 701 3662 de
711 3610 909 3662 monumento
923 3605 1054 3664 iuratum
1108 3606 1240 3664 minibus
1254 3610 1313 3664 Deo
1323 3609 1386 3665 noti
1399 3625 1465 3666 esse
1481 3609 1721 3667 manifestantur.
1744 3610 1848 3676 Qualis
1877 3615 1946 3668 erat

102 4619 111 4626 ·
209 4608 273 4666 ,pus
283 4590 401 4650 Domini
413 4605 552 4663 quaerens
568 4604 575 4654 3
589 4587 680 4668 anxia
695 4591 795 4644 tamen
812 4587 849 4644 de
863 4587 929 4659 ejus
941 4587 1048 4645 absen·
1103 4591 1167 4645 tuni
1181 4589 1227 4659 sit,
1243 4589 1326 4664 quod
1340 4597 1530 4649 accesserunt
1538 4597 1566 4650 et
1582 4595 1740 4650 tenuerunt
1748 4591 1842 4666 pedes
1856 4593 1938 4664 ejus.

222 3701 360 3774 putabat.
371 3702 447 3755 Dum
458 3713 529 3754 vero
539 3696 632 3767 tieret,
646 3694 801 3752 inclinavit
811 3711 852 3764 se,
863 3697 1054 3769 etprospexit
1108 3697 1221 3768 lloyses
1232 3696 1280 3752 cui
1295 3697 1486 3756 dictumest:
1501 3700 1581 3756 Noui
1592 3705 1620 3757 te
1630 3715 1668 3756 ea
1684 3702 1802 3758 nomine
1829 3701 1943 3768 (Eroti.

221 3793 471 3848 inmonumento.
487 3785 649 3843 tamenim
663 3789 897 3842 monumentum
921 3800 1053 3842 vacuum
1108 3789 1212 3854 ιιιιιιιιι).
1229 3785 1314 3843 UnDe
1326 3787 1432 3845 mulier
1446 3791 1608 3862 postquem
1621 3789 1744 3863 proprio
1767 3790 1894 3846 nomine
1925 3807 1945 3848 a

221 3882 345 3951 videret,
362 3884 389 3936 et
403 3877 565 3936 Dominum
575 3876 707 3933 iuratum
720 3876 758 3932 de
772 3880 971 3932 monumento
993 3875 1052 3932 dis·
1108 3875 1235 3931 Domino
1245 3881 1352 3934 vocata
1362 3881 1405 3934 est
1417 3894 1423 3932 ι
1435 3877 1536 3934 statim
1546 3883 1778 3949 cognoscentem
1792 3895 1824 3936 se
1836 3893 1943 3951 recog·

220 3970 326 4044 cipulis
342 3968 540 4026 nuntiaverat.
558 3964 635 4031 Quid
649 3969 693 4022 est
707 3964 791 4038 quod
805 3964 912 4021 iterum
928 3980 958 4021 se
971 3964 1052 4021 inoli-
1106 3964 1189 4020 novit
1200 3964 1312 4034 dicens,
1328 3966 1566 4040 animaequae
1579 3969 1858 4040 diciturMaaister.
1869 3968 1944 4026 Haeo

219 4065 280 4131 nat,
297 4059 352 4116 nisi
363 4057 436 4132 qnia
450 4057 558 4114 iteruin
573 4055 673 4112 videre
688 4053 839 4110 desiderat
853 4054 867 4110 ‘l
880 4053 967 4110 Verbi
982 4070 1049 4124 gra-
1107 4057 1210 4109 autcm
1224 4053 1374 4126 inquiens,
1390 4053 1469 4111 illico
1497 4055 1608 4112 corruit
1631 4055 1664 4112 in
1684 4060 1805 4124 terram,
1834 4055 1944 4114 volens

219 4147 268 4218 tia,
282 4147 446 4204 sicutdum
457 4145 591 4218 aliquam
621 4159 685 4199 rem
712 4142 887 4210 amittimus,
911 4143 1050 4216 quamvis
1107 4141 1263 4198 adoranda
1278 4143 1449 4216 podasejus
1472 4148 1581 4214 tenere,
1609 4160 1827 4216 recognoscens
1855 4161 1942 4216 eum,

217 4238 277 4292 hue
292 4235 422 4308 illucque
435 4233 544 4305 septus
555 4231 753 4288 discurrendo
767 4247 950 4304 quaeramus,
965 4231 1004 4287 ad
1016 4231 1049 4287 il·
1106 4235 1214 4288 vocata
1228 4230 1268 4288 ab
1279 4231 1347 4304 ipso
1362 4247 1400 4288 ex
1413 4232 1546 4290 nomine.
1562 4234 1614 4290 Cui
1628 4249 1647 4292 a
1663 4234 1790 4292 Domino
1803 4233 1918 4292 dicitur
1933 4253 1941 4292 :
2039 4297 2040 4315 χ

216 4325 281 4381 lum
296 4329 396 4381 tamen
412 4322 521 4396 saepius
533 4321 635 4377 locum
654 4319 852 4377 discurrimus
875 4324 904 4376 et
929 4321 1047 4393 respici·
1105 4321 1177 4376 Noti
1190 4335 1236 4378 me
1251 4327 1384 4394 taceare.
1399 4321 1454 4379 Ubi
1467 4323 1763 4398 nonestputandum
1773 4324 1858 4398 quod
1867 4331 1944 4398 post

217 4431 296 4482 mus,
313 4412 365 4470 ubi
380 4428 448 4468 eam
477 4410 613 4483 posuisse
641 4409 845 4466 meminimus.
870 4409 912 4466 lta
936 4413 964 4466 et
985 4410 1049 4466 haec
1104 4409 1351 4468 resurrectionem
1367 4415 1480 4469 tactum
1495 4413 1625 4470 renuerit
1638 4413 1842 4471 feminarum:
1864 4430 1941 4472 curn

217 4506 320 4560 sancta
334 4501 452 4569 mulier,
466 4499 606 4574 quamvis
621 4498 680 4554 huc
693 4497 823 4572 illucque
839 4504 969 4556 curreret
983 4515 1049 4556 cor·
1104 4498 1141 4555 de
1157 4499 1277 4558 duobus
1292 4517 1310 4558 a
1324 4507 1522 4560 monumento
1535 4503 1614 4562 illius
1637 4503 1847 4561 recedentibus
1873 4504 1940 4561 dio·

216 4683 264 4750 lia,
282 4682 452 4755 frequenter
466 4681 700 4736 monumentum
717 4676 883 4749 aspiciebat
898 4677 950 4734 ubi
978 4694 1048 4735 eum
1102 4679 1159 4735 Sed
1175 4678 1243 4736 ideo
1258 4695 1277 4736 a
1292 4696 1347 4738 suo
1362 4685 1502 4738 contactu
1516 4682 1679 4756 prohibuit,
1697 4683 1845 4756 quoniam
1868 4684 1939 4755 ejus

214 4771 347 4843 positum
358 4773 492 4826 noverat.
505 4766 649 4824 Undeetsi
663 4765 825 4834 Dominum
837 4765 936 4822 statim
948 4765 1046 4822 videre
1101 4773 1234 4826 mentem
1244 4769 1344 4826 adhuc
1354 4771 1516 4844 perfectam
1526 4772 1558 4828 in
1570 4771 1631 4830 lide
1640 4787 1702 4829 non
1711 4772 1821 4829 sensit:
1834 4789 1937 4846 quan·

214 4876 275 4916 nou
287 4859 404 4929 meruit,
416 4857 593 4928 angelorum
606 4854 829 4912 temenvisione
844 4855 961 4929 privata
984 4872 1046 4912 non
1101 4857 1141 4914 do
1155 4858 1316 4915 Dominum
1331 4859 1482 4918 viventem
1496 4861 1723 4920 intermortuos
1745 4861 1934 4935 requirebat.

213 4953 266 5006 est.
280 4952 354 5004 Nam
365 4947 438 5002 vidit
446 4946 522 5002 duos
532 4945 694 5014 alnglOSlil
705 4944 781 5001 albis
791 4945 939 5018 sedentes,
950 4962 1045 5002 unum
1101 4949 1197 5012 Quare
1212 4953 1313 5005 autern
1328 4949 1367 5006 ab
1382 4950 1449 5023 ipsa
1464 4965 1495 5006 se
1505 4951 1588 5022 tangi
1602 4950 1741 5022 noluerit,
1757 4951 1935 5008 manifesta·

213 5038 253 5095 ad
267 5041 368 5110 caput,
384 5038 413 5091 et
428 5049 522 5090 unitur
538 5034 577 5091 ad
600 5032 692 5106 pedes
718 5033 770 5088 ubi
793 5035 925 5106 positum
950 5033 1046 5092 luerat
1101 5039 1230 5092 turcum
1246 5037 1384 5096 subditur
1399 5040 1550 5097 :Nondum
1565 5041 1644 5098 enim
1658 5041 1782 5098 ascendi
1801 5041 1844 5097 ad
1870 5041 1934 5098 Pa·

212 5129 412 5199 corpusiesu,
430 5123 535 5180 Dicunt
548 5123 575 5178 ei
589 5121 630 5178 illi
647 5139 652 5176 :
668 5123 792 5192 Mulier,
819 5123 892 5194 quid
913 5125 1045 5193 ploras?
1099 5131 1174 5183 trem
1188 5144 1283 5185 meum
1299 5131 1397 5200 (ioan.
1415 5146 1461 5198 rr,
1475 5131 1529 5203 til,
1553 5129 1584 5186 id
1610 5133 1664 5201 est,
1690 5130 1762 5204 quia
1786 5145 1836 5186 me
1855 5131 1933 5188 inter

213 5219 301 5285 (tuem
317 5215 425 5287 erraris
438 5215 451 5269 ‘l
466 5213 564 5284 (ioan.
588 5227 644 5273 xiii,
663 5210 719 5284 lit.)
735 5211 961 5282 interrogabant
973 5229 1043 5269 an·
1098 5220 1234 5274 mortuos
1250 5221 1283 5274 ut
1292 5223 1443 5274 mortuum
1459 5218 1596 5291 requiris,
1617 5223 1646 5275 et
1668 5217 1807 5276 nondum
1834 5219 1931 5275 credis

212 5305 268 5374 geli
280 5321 340 5361 non
356 5309 389 5360 ut
399 5299 555 5376 quaerendi
579 5299 748 5356 minuerent
774 5299 1043 5372 desiderinm,.sed
1097 5323 1145 5362 me
1161 5307 1309 5379 aqualem
1324 5307 1399 5364 Patri
1415 5307 1582 5364 secuudum
1592 5307 1790 5380 divinitatem,
1802 5308 1875 5364 Noti
1885 5323 1932 5362 me

211 5398 242 5448 ut
255 5398 407 5462 augerent.
424 5390 558 5448 Sicenim
569 5405 624 5444 nos
635 5405 704 5444 cum
714 5393 836 5461 propter
847 5389 1042 5462 amissionem
1098 5401 1230 5466 tenuere.
1247 5396 1353 5466 lnejus
1368 5395 1481 5469 quippe
1498 5401 1630 5453 mentem
1646 5396 1792 5454 Dominus
1807 5397 1847 5452 ad
1875 5395 1930 5452 Pa·

210 5483 327 5552 tlemus,
344 5482 368 5536 si
383 5481 450 5552 quis
466 5495 590 5536 causam
607 5479 694 5534 tletus
707 5477 847 5549 inquirat,
860 5479 1041 5551 magis-ple
1097 5487 1172 5540 trem
1197 5499 1259 5540 non
1285 5483 1428 5554 ascendit,
1447 5485 1573 5558 quinon
1587 5485 1928 5558 crediteumeequalem

208 5575 307 5627 ratum
322 5567 493 5625 accumulat
507 5569 550 5624 lta
564 5565 647 5623 atilli
662 5580 787 5622 eausam
815 5565 927 5623 doloris
951 5567 1037 5624 inter·
1096 5571 1256 5628 essePatri.
1271 5574 1304 5628 Et
1315 5571 1387 5644 quia
1396 5572 1486 5630 beata
1495 5573 1586 5630 Maria
1599 5573 1731 5630 necdum
1741 5573 1872 5648 perlecte
1882 5571 1928 5628 di-
