4156 6182
798 238 869 278 taho
890 235 984 276 DOllel
1005 233 1159 275 nccccxtll.

567 386 1097 538 SANCTUS
1161 385 1396 532 ODO

783 649 897 706 ABBAS
917 643 1179 702 cauatacnusls.

707 775 1266 992 ructuantium.

364 1227 399 1340 l.
439 1223 583 1337 llllll
619 1217 800 1332 ltttttttt
836 1209 1089 1326 hlttttttht
1125 1209 1311 1323 tuttttt
1348 1210 1611 1323 llllllltllltl.

515 1403 599 1472 (tcta
615 1401 792 1456 Sanctorum
807 1389 921 1450 ordinis
938 1391 965 1446 S.
988 1387 1145 1456 Benedicti,
1163 1406 1229 1446 sanc.
1246 1393 1277 1458 V,
1295 1406 1364 1462 pag.
1383 1389 1456 1462 121.)

188 1687 255 1742 Car.
272 1687 293 1740 1.
308 1716 341 1723 -
362 1683 434 1738 Vita
448 1681 617 1750 scriptores.
636 1679 757 1748 ep‘asque
767 1675 907 1744 parentes
981 1668 1004 1720 h
1019 1665 1093 1722 riem
1104 1669 1464 1742 temporumlactorumvc
1473 1673 1610 1730 ordinem
1620 1671 1846 1728 satisobservat.

474 1775 502 1828 et
515 1769 629 1840 patna,
1054 1758 1149 1814 91119
1175 1757 1376 1817 incommodis
1397 1779 1552 1820 occurrere
1576 1763 1681 1820 volens
1696 1760 1847 1831 Nalgodus

173 1867 196 1918 1.
220 1862 279 1918 Etsi
306 1877 354 1917 res
378 1875 397 1916 a
425 1863 528 1914 sancto
545 1855 648 1914 Odone
673 1857 770 1924 gestas
794 1848 965 1922 scripserint
1019 1847 1197 1918 monachus,
1209 1849 1331 1906 loannis
1341 1849 1582 1908 lucubrationem
1591 1851 1623 1907 in
1633 1849 1849 1924 compendium

137 1956 271 2008 auctores
295 1951 367 2014 duo,
394 1948 525 2004 loannes
552 1944 662 2001 scilicet
684 1947 773 2015 atque
800 1937 963 2008 Nalgodus,
1019 1935 1234 2010 melioremque
1262 1939 1400 1996 ordinem
1429 1939 1564 2011 redigere
1593 1956 1754 2012 aggressus
1792 1943 1847 2004 ost,

138 2039 228 2094 ambo
243 2037 385 2094 monachi
406 2035 614 2092 cluniacenses
632 2049 638 2098 ;
656 2029 750 2086 multa
770 2026 965 2084 nihilominus
1020 2023 1189 2096 quoditcm
1215 2028 1353 2100 prestitit
1378 2028 1525 2086 desancti
1548 2028 1729 2086 tlaiolivita.
1744 2027 1850 2098 Nalgo

140 2128 177 2182 ab
191 2127 264 2198 ipsis
279 2123 481 2198 pretermissa
496 2125 576 2190 sunt,
591 2135 659 2193 quae
688 2119 718 2173 in
734 2113 966 2172 commentarios
1021 2111 1095 2166 dum
1124 2114 1235 2170 Odonis
1263 2138 1276 2163 a
1295 2115 1477 2189 discipulum
1506 2141 1520 2168 »
1547 2116 1679 2192 appellat
1696 2119 1797 2172 Petrus
1812 2115 1850 2170 do

139 2215 238 2270 reterri
253 2217 414 2270 merentur.
429 2211 616 2284 Quapropter
628 2223 665 2263 ne
677 2207 733 2264 viri
748 2205 785 2262 de
800 2202 967 2278 republica
1022 2200 1092 2256 Rivo
1105 2200 1135 2256 iu
1151 2203 1292 2259 chronico
1306 2204 1502 2275 Cluniacensi,
1528 2221 1659 2278 eumque
1682 2221 1747 2261 esse
1760 2203 1851 2260 tradit

140 2302 327 2360 benedictina
339 2317 432 2375 quam
448 2299 559 2374 optime
569 2296 666 2354 meriti
681 2296 760 2353 facta
772 2294 902 2364 segniter
915 2309 966 2348 ex·
1021 2287 1073 2362 qui
1100 2311 1113 2338 «ι
1131 2293 1199 2362 post
1224 2290 1381 2348 decessum
1396 2292 1490 2365 ipsius
1510 2294 1604 2349 sancti
1632 2293 1744 2352 Odonis
1757 2293 1850 2348 vitam

137 2392 265 2466 quisisse
279 2391 447 2458 videamur,
473 2387 593 2446 duobus
605 2387 662 2443 illis
686 2383 880 2458 scriptoribus
904 2382 965 2438 elo·
1022 2378 1086 2448 ejus
1103 2377 1291 2436 etmiracula
1304 2377 1469 2436 luculenter
1494 2379 1694 2454 descripsit.»
1722 2379 1852 2436 Godelri-

140 2483 220 2555 glum
234 2483 299 2554 ejus
311 2480 485 2538 historicum
496 2478 675 2553 praemittere
685 2477 781 2548 juvat,
797 2475 827 2532 in
842 2490 903 2548 quo
918 2489 965 2529 res
1022 2466 1079 2522 dus
1104 2467 1309 2524 henschenius
1333 2468 1364 2524 in
1378 2469 1453 2526 Maio
1467 2469 1499 2526 id
1513 2469 1724 2543 interpretatur
1738 2468 1776 2526 de
1791 2469 1852 2525 vita

139 2572 176 2630 ab
201 2572 244 2628 eis
276 2571 403 2634 intactae,
431 2575 483 2627 aut
509 2584 572 2626 non
596 2568 667 2624 satis
695 2565 848 2640 explicate
874 2580 964 2638 expo·
1023 2555 1118 2612 sancti
1133 2557 1242 2624 Maioli‚
1266 2558 1353 2630 cujus
1367 2557 1549 2632 discipulum
1574 2557 1666 2615 fuisse
1682 2557 1850 2629 h'algodum

138 2659 244 2716 nendffi
262 2663 339 2716 sunt,
1022 2645 1172 2718 opinatur.
1188 2649 1296 2704 Verum
1310 2647 1397 2704 anuis
1410 2652 1479 2722 post
1492 2647 1627 2704 odonem
1642 2671 1656 2697 «ι
1669 2647 1729 2704 lere
1742 2648 1853 2704 ducen-

174 2753 206 2806 Et
230 2749 328 2822 primo
347 2747 471 2822 quidem
497 2745 588 2804 ordiri
606 2744 691 2802 decet
705 2745 744 2801 ab
767 2744 830 2800 istis
845 2743 965 2800 duobus
1022 2734 1070 2801 fis.
1089 2757 1102 2784 ι»
1116 2739 1184 2807 {³0³1
1209 2735 1348 2792 Maiolum
1377 2735 1594 2810 paulominus,
1616 2735 1734 2793 vivebat
1748 2735 1853 2806 Nalssth

139 2837 321 2904 auctoribus,
348 2851 478 2910 quorum
504 2833 622 2908 primus
657 2836 787 2890 loannes
814 2833 966 2888 fortunam
1022 2822 1090 2890 dus,
1106 2823 1137 2879 id
1148 2821 1232 2896 quod
1246 2824 1310 2897 ipse
1326 2825 1546 2882 diserteasseril
1557 2827 1698 2891 num.2tl,
1709 2825 1853 2881 nimirum

139 2937 227 2978 suam
255 2921 318 2993 ipse
343 2917 592 2976 commemorarit
617 2917 745 2989 sparsim
761 2917 792 2972 in
817 2916 911 2972 tribus
930 2915 967 2970 de
1024 2911 1144 2969 Urbano
1158 2911 1292 2968 secundo
1304 2913 1454 2984 pontifice,
1466 2919 1605 2970 autcorte
1618 2914 1854 2988 postipsum,ex

140 3006 243 3062 Odone
258 3003 375 3070 libellis,
388 3018 466 3076 quos
479 3002 510 3057 in
523 3002 600 3057 duos
616 2999 764 3056 contrahit
778 2999 874 3055 codex
889 3015 969 3054 com·
985 3011 1007 3064 Β
1024 3015 1107 3054 num.
1120 3000 1164 3054 23.
1176 3001 1310 3056 Auctoris
1320 3000 1405 3056 istius
1417 3002 1608 3073 scriptionem
1624 3001 1718 3058 tribus
1729 3001 1852 3058 loannis

139 3093 321 3167 pendicnsis.
332 3091 392 3148 luat
405 3091 428 3147 is
443 3091 564 3147 natione
577 3089 677 3152 Italus,
694 3088 790 3161 patria
802 3090 967 3158 Romanus,
1023 3087 1129 3142 libellis
1159 3086 1312 3144 minutiori
1327 3089 1498 3145 charactere
1525 3089 1671 3160 subjicere
1694 3090 1853 3146 statuimus

139 3180 325 3255 professione
340 3179 515 3246 canonicae,
544 3194 636 3252 quem
666 3177 729 3235 0do
745 3179 870 3234 Romam
887 3189 968 3230 anno
1023 3179 1146 3248 propter
1159 3175 1320 3233 nonnullas
1334 3176 1372 3232 de
1394 3183 1488 3234 morte
1514 3181 1543 3234 et
1560 3177 1715 3250 sepultura
1742 3177 1854 3235 Odonis

138 3273 191 3327 939
206 3269 365 3343 protectus,
379 3285 482 3325 secum
493 3268 565 3325 inde
579 3267 706 3326 adduxit
714 3265 849 3323 licinum
859 3279 967 3337 usque,
1023 3263 1157 3337 abasque
1172 3264 1421 3330 circumstantias,
1436 3281 1505 3338 qua
1526 3265 1609 3340 apud
1630 3268 1777 3324 loannem
1791 3281 1854 3323 uon

139 3359 240 3433 ibique
258 3359 444 3416 monachum
467 3357 602 3428 instituit,
624 3373 661 3414 ex
674 3356 726 3413 lib.
741 3359 878 3412 inumb
894 3357 922 3409 et
940 3355 966 3410 l.
1022 3351 1172 3424 leguntur.
1182 3352 1294 3411 Odonis
1308 3371 1378 3412 eum
1390 3354 1480 3411 laude
1491 3355 1693 3412 meminerunt
1708 3355 1794 3412 multi
1804 3354 1854 3411 elii

139 3453 213 3507 Tum
240 3463 310 3506 eum
337 3449 368 3504 in
396 3447 644 3522 peregrinationis
664 3446 779 3502 socium
798 3459 967 3510 assumens,
1024 3448 1169 3510 auctores,
1183 3461 1315 3517 quorum
1327 3443 1458 3502 indicem
1473 3446 1593 3502 exbibet
1606 3445 1751 3502 chesnius
1763 3447 1855 3502 inno-

140 3537 208 3593 dein
234 3538 366 3610 priorem
391 3535 549 3599 ordinavit,
578 3539 612 3592 ut
634 3534 740 3604 legitur
754 3549 816 3590 non
832 3531 924 3589 semel
937 3531 968 3588 iu
1025 3533 1060 3588 tis
1071 3533 1111 3589 ad
1132 3533 1346 3591 bibliothecam
1374 3534 1610 3592 Cluniacensem.
1630 3537 1661 3590 ln
1676 3534 1722 3590 his
1737 3535 1853 3592 insede

140 3626 191 3682 lib.
207 3643 236 3695 ιι,
252 3642 361 3699 nempe
375 3641 459 3681 num.
475 3628 502 3694 4,
521 3629 537 3681 7
552 3627 582 3682 et
597 3623 640 3692 lo,
656 3623 797 3686 cluniaci,
814 3638 854 3678 an
868 3625 969 3678 Rome
1025 3627 1130 3680 sancto
1138 3623 1416 3694 OdoneagitPetrus
1426 3625 1580 3698 Equihnus
1588 3625 1619 3680 in
1629 3623 1680 3680 lib.
1698 3643 1724 3692 x,
1741 3641 1808 3698 cap.
1825 3629 1851 3680 8.

140 3715 179 3771 ad
207 3717 235 3773 S.
251 3714 389 3778 Paulum,
404 3729 474 3788 quas
488 3712 636 3771 dubitatio
663 3711 733 3769 oriri
750 3715 849 3786 potest
867 3709 968 3768 conia·
1059 3713 1086 3768 3.
1100 3717 1269 3786 Antequam
1284 3711 1321 3770 do
1345 3711 1449 3770 Odone
1465 3712 1651 3772 Cltmiacensi
1663 3713 1761 3770 dicere
1780 3713 1853 3770 inci-

140 3805 216 3861 renti
231 3819 315 3860 num.
334 3803 367 3860 10
379 3807 408 3860 et
421 3807 467 3860 21.
482 3802 615 3878 Denique
626 3806 756 3859 loannes
769 3817 801 3858 se
815 3798 969 3874 Neapolim
1023 3801 1085 3876 pio,
1100 3818 1162 3859 non
1175 3802 1214 3859 ab
1225 3818 1257 3858 re
1276 3801 1330 3858 erit
1345 3801 1517 3873 observare,
1546 3802 1623 3859 duos
1648 3802 1722 3859 alios
1747 3807 1855 3875 proeter

141 3891 349 3950 «monasterii
371 3891 418 3948 sui
455 3895 581 3964 cogente
604 3891 781 3949 necessitate
813 3889 940 3946 missum
956 3910 969 3938 a
1025 3891 1124 3966 ipsum
1138 3892 1244 3949 eodem
1255 3909 1320 3950 avo
1335 3893 1480 3950 exstitisse
1495 3892 1623 3949 illushes
1648 3893 1784 3964 ejusdem
1799 3907 1854 3949 no·
1920 3963 1922 3968 ,

140 3981 234 4038 fuisse
246 3985 372 4039 testatur
384 3997 470 4036 num.
484 3980 698 4037 2t.Biennium
711 3982 866 4052 computat
876 3979 908 4033 in
917 3976 970 4034 lib.
1025 3982 1115 4038 minis
1151 3982 1286 4052 abbates,
1320 3997 1416 4039 unum
1450 3982 1690 4052 llasciaccnsem,
1728 3981 1854 4038 alterum

141 4085 183 4135 ur,
207 4083 292 4122 num.
309 4074 336 4138 5,
362 4073 460 4122 totum
486 4067 560 4122 illud
588 4067 732 4140 temporis
754 4067 972 4140 spatiumque
1027 4069 1855 4144 sanetiMaxentiiapudPictones.Dellasciaccnsiapud

143 4151 257 4209 Odonis
271 4151 370 4208 socius
384 4151 447 4208 fuit.
460 4153 514 4208 Per
527 4151 608 4208 istud
623 4151 813 4208 intervallum
824 4149 973 4226 quidquid
1027 4156 1173 4226 Biturigas
1188 4155 1327 4214 coenobio
1341 4156 1511 4212 revocanda
1526 4160 1596 4212 sunt
1617 4170 1653 4212 ea
1668 4171 1737 4229 quoe
1750 4156 1782 4211 in
1796 4156 1856 4212 elo-

141 4241 174 4298 in
201 4241 314 4299 Odonis
339 4242 376 4300 de
403 4241 470 4315 ipso
492 4241 579 4298 dictis
602 4240 753 4316 quidquid
768 4240 799 4297 in
814 4240 900 4298 iactis
922 4239 973 4312 (sic
1029 4243 1077 4316 gio
1092 4245 1235 4302 Bernonis
1262 4243 1381 4302 abbatis
1395 4245 1532 4318 superius
1558 4245 1699 4302 diximus.
1726 4245 1855 4302 tsuloco

142 4331 225 4388 enim
240 4331 300 4388 tere
315 4331 468 4406 praefatur)
485 4331 646 4389 observare
661 4331 768 4405 potuit,
784 4333 891 4404 postea
901 4329 974 4386 litte·
1028 4339 1098 4409 post
1111 4337 1276 4392 Bernonem
1289 4333 1431 4390 suffectus
1443 4334 1507 4391 0d0
1521 4333 1735 4401 ctrmiaoensis,
1747 4334 1857 4408 proab-

142 4421 186 4476 ris
210 4421 374 4492 mandavit,
401 4421 467 4478 aliis
494 4421 586 4478 rebus
602 4420 731 4488 omissis,
748 4436 826 4493 quas
856 4423 919 4476 tum
935 4418 974 4475 ab
1029 4423 1135 4504 hatemy
1145 4423 1186 4480 ibi
1200 4423 1352 4482 constitnit
1367 4423 1423 4480 sibi
1438 4424 1660 4494 cognominem,
1676 4424 1729 4498 qui
1743 4444 1759 4478 a
1775 4441 1856 4490 anno

144 4510 271 4567 Amulio
283 4509 427 4582 magistro
441 4526 506 4579 suo,
523 4513 587 4568 tum
603 4511 642 4567 ab
663 4507 976 4575 HucbertoTiburtin0
1030 4517 1081 4572 935
1108 4513 1203 4571 abbas
1236 4513 1422 4570 ordinatus»
1452 4514 1690 4570 memoratoria
1716 4514 1857 4572 cluonico

144 4599 298 4673 episcopo,
310 4603 401 4656 tuma
411 4598 557 4656 Landrico
569 4599 721 4656 monacho
732 4601 761 4654 et
772 4597 975 4654 Hildobranno
1030 4601 1224 4660 Masoiacensi
1236 4601 1318 4675 apud
1334 4600 1489 4658 labbeum
1497 4601 1529 4658 in
1541 4605 1623 4658 tomo
1634 4601 1658 4658 ll
1669 4601 1858 4659 Bibliothecae

145 4688 308 4762 praeposito
335 4704 391 4744 suo
418 4688 457 4744 de
486 4688 589 4745 Odone
615 4687 784 4745 resciverat.
813 4690 923 4760 Nempe
944 4683 976 4740 in
1031 4707 1127 4748 novae.
1156 4691 1196 4748 De
1225 4691 1311 4762 cujus
1343 4689 1466 4746 secundi
1493 4689 1604 4746 Odonis
1628 4689 1712 4746 obitu
1747 4689 1859 4746 ibidem

146 4777 272 4834 suismet
285 4777 432 4834 duntaxat
444 4775 538 4832 oculis
552 4781 643 4851 atque
656 4775 768 4832 Odonis
783 4774 889 4831 relatui
902 4773 976 4829 lide-
1031 4781 1121 4836 etjam
1142 4779 1207 4835 hmo
1234 4777 1374 4848 leguntur
1389 4795 1395 4832 :
1413 4801 1427 4827 «ι
1443 4787 1529 4834 Anno
1539 4781 1602 4846 997,
1618 4794 1667 4834 vm
1690 4777 1758 4833 idus
1782 4775 1860 4834 iunii

145 4867 210 4933 bat,
224 4866 340 4922 utinam
350 4865 451 4922 minus
462 4865 645 4939 suspiciosus
660 4862 697 4920 de
708 4862 768 4920 fide
779 4863 976 4922 alienatione
1031 4867 1079 4924 hio
1095 4867 1168 4924 obiit
1183 4866 1247 4923 Odo
1266 4866 1363 4922 abbas
1376 4865 1465 4922 honre
1481 4865 1645 4926 momoria»,
1661 4869 1689 4922 et
1713 4865 1861 4922 arduicus

146 4955 295 5023 jacturam
318 4959 471 5027 utcunque
493 4953 601 5010 sarcire
628 4951 816 5009 conabimur.
833 4953 978 5010 Caeterum
1032 4956 1200 5014 monachus
1226 4954 1317 5012 Nonis
1344 4954 1536 5029 Septembris.
1552 4977 1566 5006 a
1587 4955 1669 5012 Diem
1685 4959 1862 5028 sequentem

150 5055 227 5112 opus
256 5059 346 5100 auum
369 5045 499 5100 loannes
518 5041 638 5098 dedicat
657 5039 849 5098 Salernitanis
872 5055 977 5098 mona·
1033 5047 1132 5118 signat
1141 5043 1358 5102 'lialondarium
1385 5047 1559 5102 sanctorum
1584 5042 1863 5104 Thuano-Colberti·

149 5129 224 5203 chis,
243 5134 344 5191 nescio
368 5149 408 5192 an
433 5130 563 5190 coenobii
585 5131 679 5188 sancti
707 5131 781 5187 Petri
802 5129 979 5188 Salernitaui
1034 5151 1108 5192 num
1122 5150 1206 5190 num.
1223 5135 1257 5189 99
1272 5133 1318 5190 his
1332 5132 1451 5189 verbis:
1470 5149 1539 5190 «ιιι
1557 5133 1627 5189 ldus
1651 5131 1729 5190 lunii
1752 5128 1864 5188 odonis

151 5243 166 5268 α
183 5223 289 5277 subtus
308 5230 337 5280 et
363 5241 457 5300 prope
486 5223 638 5294 Fistulam,
657 5245 670 5273 »
685 5219 769 5296 quod
784 5237 802 5278 a
816 5225 901 5279 Petro
920 5222 980 5295 epi·
1035 5221 1153 5281 abbatis
1167 5221 1412 5280 haselacensis.»
1427 5221 1507 5278 Alter
1521 5221 1585 5279 Odo
1600 5220 1655 5278 luit
1669 5219 1764 5276 abbas
1781 5217 1864 5290 apud

150 5322 246 5381 scopo
260 5311 329 5363 anto
351 5327 465 5370 annum
492 5313 545 5370 958
559 5310 714 5370 conditum
731 5309 821 5366 luisse
836 5309 979 5380 Ughellus
1035 5317 1172 5368 sanctum
1195 5309 1386 5376 Maxentium,
1414 5325 1523 5382 nempe
1538 5325 1619 5366 anno
1634 5307 1698 5378 963,
1718 5305 1865 5363 99111991-

151 5397 263 5470 probat
275 5396 306 5451 in
316 5401 397 5453 tomo
407 5401 457 5458 Vll
473 5403 562 5460 ltaliae
573 5418 665 5459 sacroe
681 5400 736 5457 col.
749 5399 811 5456 503.
824 5403 856 5456 ln
870 5398 982 5472 digres-
1035 5398 1136 5457 nullus
1150 5398 1246 5464 abbas
1261 5398 1405 5454 successit
1418 5413 1498 5455 anno
1513 5401 1574 5452 998.
1592 5397 1715 5451 testante
1737 5395 1865 5452 chrono-

152 5489 254 5544 siones
282 5485 445 5562 aliquando
474 5493 655 5566 exspatiatur
689 5495 830 5554 loannes,
857 5505 912 5548 neo
941 5507 987 5548 se·
1036 5491 1153 5565 grapho
1166 5488 1352 5546 htalleacensi
1364 5488 1447 5562 apud
1462 5484 1602 5542 eumdem
1620 5483 1783 5542 labbeum.

388 5579 509 5636 Parnoi.
539 5581 660 5640 cxxxiii
1657 5579 1666 5628 1

84 5763 223 6031 aliq
