4120 6154
111 135 156 190 111
368 113 377 122 ’
482 127 1019 190 ’1111111111111111111111.1111111Ι
1044 129 1167 186 mica.
1189 132 1415 200 *ninnive
1758 135 1812 190 coc

109 253 181 310 tione
195 252 378 320 corroboret,
392 255 462 328 quia
473 261 500 312 et
511 255 541 312 iu
558 255 769 328 tranquillitate
783 272 845 312 non
856 259 928 310 tem·
945 257 969 309 A
983 258 1011 308 et
1025 253 1160 308 exaudiri
1177 269 1264 308 voees
1280 252 1459 318 dissimulat,
1474 257 1502 308 et
1512 253 1595 325 quod
1606 254 1813 327 uuusquisque

109 347 195 416 perat,
211 347 239 398 et
254 341 364 400 idcirco
378 345 471 400 nescit
486 345 612 401 adversa
629 345 763 412 tolerare,
776 347 918 420 quianon
983 341 1087 397 tolerat
1100 358 1161 398 non
1177 342 1304 412 ignorat.
1322 344 1413 397 Nemo
1435 357 1507 410 ergo
1527 341 1580 414 qni
1603 341 1716 400 tardius
1730 343 1814 400 audi-

108 431 219 495 stitutus
245 431 277 488 in
299 433 449 506 prosperis
474 433 652 504 cogitatione
681 452 712 492 se
734 451 795 492 non
815 433 927 490 novita
984 435 1039 494 tur,
1056 431 1157 487 credat
1171 431 1253 504 quod
1269 446 1287 488 a
1301 446 1432 502 superna
1446 447 1519 486 cura
1534 431 1703 502 negligitur.
1728 433 1809 506 Saepe

105 520 202 578 volatu
217 519 373 578 volucrum
388 538 533 594 premere,
558 538 613 580 nec
638 524 772 581 carnales
793 529 927 581 motusa
982 521 1063 578 enirn
1089 525 1193 577 nostra
1217 519 1375 590 desideria,
1404 519 1477 592 quia
1500 519 1632 580 celeriter
1650 537 1713 580 non
1726 522 1809 591 fiunt,

103 611 302 682 jumentorum
316 609 446 682 ingluvie
462 609 628 668 sublevare.
645 613 731 680 Quod
744 612 868 686 quidem
881 612 927 668 iu·
983 609 1193 678 exaudiuntur,
1210 615 1239 666 et
1253 609 1336 683 quod
1354 609 1478 682 implere
1495 610 1609 668 concite
1631 612 1762 684 petimus
1777 627 1814 670 ex

105 697 187 768 telligi
202 697 292 756 adam
308 697 391 756 aliter
401 705 519 773 potest:
537 699 595 769 Qui
608 702 693 760 docet
708 719 761 760 nos
775 705 928 772 superju-
982 698 1050 772 ipsa
1064 698 1170 754 melius
1185 697 1322 756 tarditate
1336 700 1542 771 prosperatur.
1558 698 1717 770 Sequitur:

105 793 200 844 11111111
226 794 324 852 terras,
349 797 376 845 et
400 805 492 860 super
511 793 646 848 uolucres
669 793 738 848 111111·
751 791 850 848 erudit
865 806 927 848 nos.
1019 788 1108 844 Vens.
1127 788 1167 844 14.
1184 789 1299 844 Etenim
1315 803 1382 844 eum
1400 787 1525 858 decen,
1547 802 1608 844 non
1630 783 1812 860 considerat,

106 881 172 934 111111
187 876 262 934 sicut
273 878 482 949 jumentorum
496 879 646 940 vocabulo
662 881 930 952 signaturvitaho-
978 877 1122 947 judicare
1137 892 1237 936 corum
1254 878 1319 944 itta,
1333 882 1361 934 et
1377 881 1515 946 respectu
1530 891 1605 934 eum.
1621 907 1657 918 --
1676 879 1813 934 Fortasse

105 969 213 1024 minum
240 968 339 1024 earnis
364 968 464 1026 adhue
490 970 623 1026 motibus
649 970 851 1040 subditorum,
887 970 929 1027 ita
983 965 1074 1032 enim,
1101 965 1174 1022 dum
1190 965 1420 1022 clamoruoster
1442 965 1530 1038 quasi
1549 965 1719 1036 1111111111,
1743 981 1813 1038 spes

104 1055 296 1130 appellatione
310 1056 467 1114 volucrum
481 1057 630 1129 figuratur
655 1058 743 1116 elatio
772 1058 931 1131 spirituum
983 1070 1051 1126 quae
1066 1054 1150 1110 cordi
1165 1056 1261 1111 meret
1272 1053 1451 1122 infirmatur,
1473 1058 1501 1110 et
1513 1070 1645 1127 superna
1663 1053 1815 1126 adjutoria

103 1143 348 1218 superborum,ut
361 1161 416 1220 per
424 1146 563 1216 jumenta
575 1147 700 1220 quidem
715 1147 822 1203 terreni
834 1145 931 1204 homi·
982 1144 1122 1202 defutura
1137 1145 1300 1210 credimus,
1315 1145 1387 1218 quia
1402 1145 1515 1202 tardius
1532 1145 1729 1217 impetramus
1744 1163 1751 1214 3
1777 1161 1813 1202 ac

100 1247 160 1302 nes,
172 1233 452 1306 persolueresvero
463 1235 830 1306 demoniedesignentur.
845 1235 928 1292 Unde
982 1249 1059 1306 pene
1079 1234 1301 1290 inconsiderata
1328 1237 1387 1292 Deo
1410 1249 1477 1290 esse
1490 1234 1728 1306 ingemiscimus,
1744 1249 1813 1306 que

101 1337 164 1381 cum
177 1321 297 1381 semina
311 1323 457 1382 Dominus
466 1325 552 1397 juxta
563 1325 643 1382 viem
654 1324 927 1394 diceretoecidisse‚
981 1322 1077 1380 inulta
1092 1321 1264 1380 toleramus.
1291 1323 1348 1380 Sed
1373 1339 1442 1380 etun
1457 1339 1513 1380 nos
1527 1323 1584 1380 ista
1594 1323 1814 1396 desperationis

101 1410 271 1484 subjunxit:
286 1433 301 1464 1
319 1413 617 1470 Veneruntvolucres
641 1413 717 1479 coeli,
743 1417 772 1468 ot
787 1412 926 1470 comede·
981 1412 1113 1485 procella
1128 1413 1298 1482 conturbat,
1316 1428 1463 1470 concussa
1484 1428 1570 1470 meus
1591 1412 1678 1477 citius
1700 1414 1731 1468 iu
1745 1427 1814 1485 por·

100 1503 163 1553 runt
177 1513 212 1554 ea
226 1497 345 1568 (Metti.
359 1515 420 1566 1111,
435 1501 475 1568 4),
505 1519 519 1550 a
547 1500 690 1556 nimirum
710 1516 764 1572 prr
789 1498 925 1556 volueres
982 1505 1046 1558 tum
1062 1501 1126 1574 spei
1139 1517 1171 1557 se
1185 1501 1322 1570 collocat,
1339 1501 1363 1558 si
1376 1517 1486 1558 causas
1502 1517 1583 1570 suas,
1602 1517 1672 1558 eum
1687 1501 1815 1558 Domino

102 1585 221 1654 signans
235 1601 339 1644 aereas
356 1591 526 1658 potestates.
547 1588 646 1644 Sancti
661 1593 762 1644 autem
775 1587 840 1650 viri,
855 1587 928 1660 quia
947 1609 967 1664 Β
982 1589 1128 1648 subtiliter
1150 1595 1266 1662 pensat,
1288 1590 1313 1646 si
1334 1589 1417 1648 bone
1431 1590 1496 1661 ejus
1516 1590 1555 1646 ad
1570 1590 1749 1649 memoriam
1767 1605 1813 1646 re·-

100 1690 150 1730 nec
164 1675 286 1732 infirma
299 1675 457 1732 hominum
473 1677 609 1750 exempla
623 1681 778 1750 appetunt,
795 1692 851 1732 nec
864 1691 928 1734 rur·
982 1685 1077 1746 vocat,
1105 1680 1129 1734 si
1150 1679 1232 1736 mala
1258 1695 1324 1752 quae
1348 1679 1436 1735 honis
1451 1679 1518 1750 ejus
1533 1678 1663 1736 reddidit
1676 1679 1759 1752 apud
1771 1694 1803 1734 se

100 1779 164 1820 sum
178 1763 365 1822 demoniaca
383 1764 542 1822 subtilitate
556 1765 709 1834 falluntur,
727 1773 755 1822 et
773 1769 926 1836 1111111111-
980 1767 1140 1839 metipsum
1152 1766 1259 1823 callide
1273 1783 1334 1823 non
1361 1771 1493 1834 accusat,
1515 1765 1712 1839 siperpendit
1730 1764 1814 1838 quod

98 1859 195 1908 merita
211 1859 310 1922 terrie,
323 1859 350 1910 et
362 1869 454 1922 super
468 1856 537 1910 creti
557 1856 702 1918 volucres,
727 1855 835 1910 virtute
859 1871 927 1910 eru·
982 1855 1021 1911 ab
1034 1871 1070 1912 eo
1084 1857 1161 1926 juste
1176 1855 1294 1924 meruit,
1306 1861 1333 1912 et
1347 1855 1431 1928 quod
1447 1855 1608 1912 clementer
1627 1853 1745 1927 accipit.
1771 1857 1813 1912 Aa

99 1940 220 1998 ditionis
247 1946 431 1998 excrescunt.
462 1942 570 1998 Paulus
589 1958 680 2012 super
700 1946 842 2012 jumenta
863 1944 927 2010 jam
982 1944 1160 2002 sidiceret:
1186 1946 1261 2000 Cum
1290 1944 1401 2002 idcirco
1426 1947 1505 2002 Deus
1533 1943 1724 2002 considerare
1750 1957 1813 2000 nou

100 2035 189 2086 terrie
205 2029 327 2086 edoctus
342 2029 448 2098 iuerat,
463 2030 566 2086 diceus
581 2047 587 2084 :
606 2053 619 2078 1
634 2029 711 2086 ltulti
726 2029 895 2097 ambulant,
913 2051 927 2080 1
982 2033 1121 2100 creditur,
1136 2034 1208 2106 quia
1223 2034 1306 2089 tarde
1322 2033 1487 2100 miseretur,
1502 2033 1608 2089 intima
1622 2032 1811 2102 cogitationis

99 2123 127 2174 et
142 2117 334 2190 paulopost:
352 2140 365 2168 1
383 2119 516 2183 Quorum
530 2118 600 2174 linis
625 2118 769 2190 interitus,
797 2133 928 2190 quorum
981 2121 1148 2193 ingredere,
1163 2127 1253 2195 atque
1268 2123 1326 2178 illic
1340 2139 1443 2180 coram
1458 2121 1624 2194 ejursoeulia
1640 2138 1739 2180 carrara
1754 2125 1812 2180 ture
1907 2119 1912 2126 '

99 2209 176 2272 lteus
192 2211 293 2264 11111111
307 2212 360 2272 est,
373 2213 402 2263 et
422 2206 517 2276 gloria
538 2208 568 2263 in
595 2208 772 2264 confusione
792 2207 928 2280 ipsorum
978 2209 1128 2280 judicium
1154 2210 1283 2282 suspice,
1309 2214 1337 2266 et
1350 2227 1417 2282 quea
1432 2210 1497 2282 ipse
1512 2209 1637 2268 strenuo
1651 2209 1811 2278 contulisti,

99 2295 149 2366 qui
161 2298 278 2352 terrena
293 2295 431 2368 sapiunt;
452 2301 555 2352 nostra
570 2301 671 2352 autem
691 2297 880 2352 conversatio
895 2297 926 2352 in
981 2297 1026 2354 vel
1054 2314 1122 2370 quse
1146 2297 1354 2354 miserabiliter
1377 2297 1546 2370 percepisti,
1568 2297 1714 2357 discerne.
1738 2301 1812 2354 Nam

99 2383 398 2456 coelbesttPtiit.1n,
417 2389 461 2454 18)
494 2408 508 2436 u
530 2388 562 2440 Et
580 2402 713 2456 rursum,
732 2401 825 2456 super
847 2387 928 2444 uotu-
980 2387 1033 2460 qui
1048 2387 1242 2460 semetipsum
1255 2403 1357 2444 coram
1374 2391 1433 2444 lieo
1447 2402 1507 2444 noo
1523 2385 1726 2457 judicateum
1738 2385 1813 2444 dum

100 2489 159 2530 eres
172 2473 240 2536 eceli
252 2473 403 2530 eruditum
417 2489 449 2530 se
465 2479 596 2542 noverat,
618 2492 686 2532 cum
700 2475 839 2532 dicebat:
858 2479 926 2532 Nes-
980 2475 1131 2546 affligitur,
1149 2491 1211 2532 non
1224 2480 1386 2548 exspectat.
1405 2475 1543 2548 Sequitur
1559 2491 1566 2534 1

102 2562 162 2620 citis
177 2562 322 2635 quoniam
342 2563 467 2634 angelos
477 2563 710 2634 judicabimus?
727 2587 740 2614 u
767 2566 795 2636 (Ι
808 2565 878 2622 Cor.
895 2581 928 2620 vr
1015 2567 1101 2621 Vsus.
1117 2569 1160 2621 15.
1176 2565 1264 2622 Nunc
1278 2567 1357 2622 enim
1371 2580 1432 2622 non
1450 2565 1544 2635 insert
1562 2565 1698 2634 furorem
1712 2579 1810 2632 suum,

102 2656 136 2722 1).
153 2657 192 2710 tto
206 2652 231 2712 si
246 2651 357 2708 diceret
373 2669 380 2707 :
397 2653 535 2710 infirmus
557 2653 803 2724 pusillanimitate
831 2653 925 2713 victus
979 2671 1032 2712 uec
1048 2657 1207 2712 ulciscitur
1221 2656 1319 2712 uulda.
1345 2687 1379 2696 —
1391 2711 1396 2719 ,
1407 2653 1508 2712 Scelus
1531 2654 1646 2728 quippe
1667 2655 1744 2712 Deus
1758 2653 1812 2710 diu

100 2739 228 2798 istanon
243 2741 326 2808 dixit,
341 2747 369 2796 et
383 2741 494 2798 idcirco
508 2757 578 2797 eum
593 2741 781 2798 adversitatis
805 2743 925 2798 1111111110
979 2745 1093 2813 tolerat,
1123 2745 1196 2818 quia
1222 2745 1253 2802 in
1278 2749 1457 2819 perpetuum
1481 2744 1617 2808 damnat.
1634 2747 1663 2800 et
1678 2743 1812 2802 furorem

100 2829 232 2902 perculit,
246 2829 318 2903 quia
334 2829 554 2904 tranquillitatis
580 2837 716 2902 tempora
733 2831 797 2888 heae
817 2823 926 2888 cunc'ta
980 2849 1062 2890 auno
1083 2833 1191 2890 inferre
1215 2833 1394 2896 dissimulat,
1420 2833 1493 2906 quia
1514 2832 1734 2892 effundendum
1748 2831 1812 2890 sine

100 2921 280 2977 transeuntia
305 2919 388 2976 nulla
411 2921 591 2992 perfectione
619 2921 780 2993 superavit.
822 2921 925 2994 Sequi·
946 2921 1040 3014 Ctina
1061 2921 1093 2978 iu
1120 2926 1276 2993 posterum
1300 2925 1406 2978 servet.
1432 2921 1598 2978 Electorum
1618 2935 1753 2992 namque
1768 2923 1813 2976 est

100 3011 169 3066 tur:
980 3010 1154 3068 hiooonteri
1180 3014 1213 3066 ut
1227 3011 1266 3066 ad
1281 3009 1406 3082 praemia
1420 3009 1676 3066 debeantetarnes
1688 3007 1813 3064 heredi·

131 3099 215 3158 Vens.
236 3101 280 3154 12.
306 3097 354 3154 Ibi
368 3097 554 3164 clamabunt,
580 3103 607 3154 et
630 3113 690 3154 nen
706 3098 846 3154 exaudiet
859 3113 928 3168 pre
981 3099 1047 3156 tatis
1062 3098 1171 3156 erudiri
1188 3117 1195 3168 ;
1224 3102 1362 3156 nostrum
1385 3103 1430 3154 est
1453 3097 1501 3154 hic
1514 3096 1634 3166 flagella
1648 3095 1811 3168 percipere,

97 3193 161 3255 pter
174 3187 350 3258 supertiam
364 3188 525 3244 mutorum.
540 3218 573 3228 -
590 3186 642 3256 tbi,
666 3186 804 3244 videlicet
824 3187 854 3242 iu
879 3187 928 3244 tri·
980 3185 1621 3261 111111111111111111111111111111111111111111111.
1641 3184 1716 3243 ltine
1730 3183 1812 3240 enim

98 3273 260 3346 bulatione,
286 3281 318 3332 ut
343 3281 465 3332 econtra
490 3275 528 3332 de
556 3276 666 3346 gaudio
692 3275 836 3348 scriptum
860 3279 925 3334 est:
980 3278 1124 3351 seriptum
1150 3281 1195 3334 est
1222 3295 1228 3334 :
1257 3299 1271 3328 «
1299 3275 1440 3346 Flagellat
1457 3291 1581 3332 omnem
1604 3273 1700 3332 fllium
1719 3287 1811 3346 quem

99 3385 111 3412 «
124 3364 181 3422 Filii
196 3380 355 3422 servorum
371 3369 490 3420 tuorum
505 3363 719 3420 inhabitabunt
729 3363 770 3420 ibi
785 3365 879 3436 (Psct.
890 3380 925 3435 or,
979 3366 1084 3440 recipit
1097 3367 1198 3438 (Helu.
1212 3383 1262 3434 xn,
1277 3369 1316 3434 6),
1343 3388 1358 3415 »
1384 3364 1456 3422 ltine
1468 3365 1508 3422 ad
1521 3367 1668 3422 ioannem
1682 3361 1808 3420 dieitur:

98 3456 150 3525 19).
167 3473 182 3508 ›
203 3453 263 3514 Sed
276 3453 430 3526 ridebunt,
446 3454 603 3524 incertum,
631 3459 730 3510 utrum
753 3454 843 3526 dicat,
859 3471 926 3527 pro·
981 3479 995 3506 «
1011 3459 1072 3527 Ego
1086 3472 1163 3530 quos
1177 3472 1247 3514 amo
1261 3471 1355 3528 arguo
1370 3462 1399 3511 et
1414 3454 1529 3525 castigo
1553 3454 1658 3525 (spor.
1670 3469 1710 3521 ur,
1725 3455 1779 3520 19).
1794 3473 1809 3502 e

97 3547 158 3614 pter
183 3543 360 3618 superbiam
382 3559 533 3600 marorum
555 3560 616 3600 uon
636 3544 785 3616 exaudiet,
801 3559 840 3600 an
855 3561 925 3618 pro·
979 3543 1150 3602 Notandum
1186 3561 1258 3602 vero
1295 3549 1355 3616 est,
1392 3545 1475 3619 quod
1512 3541 1671 3600 subintulit
1711 3541 1809 3611 uelde,

98 3637 159 3704 pter
171 3632 348 3706 superbiam
362 3632 513 3689 1111111111
529 3633 714 3690 clamabunt.
732 3632 856 3704 intelligi
871 3650 925 3690 au·
978 3634 1091 3707 quiaet
1105 3633 1129 3690 si
1144 3649 1212 3706 que
1226 3633 1437 3704 longanimiter
1460 3633 1575 3702 tolerat,
1600 3630 1743 3704 quedam
1765 3633 1809 3686 ta·

98 3723 154 3777 tem
168 3722 396 3796 meliuspotest,
408 3721 432 3777 si
446 3737 507 3778 uon
524 3721 658 3778 exaudiri
678 3722 787 3795 potius,
801 3729 927 3794 propter
979 3739 1049 3782 men
1074 3721 1105 3778 iu
1127 3723 1185 3778 hac
1208 3722 1298 3779 etiam
1322 3723 1382 3780 vita
1401 3721 1542 3792 flagellat,
1562 3725 1592 3778 et
1606 3719 1653 3778 bic
1667 3733 1809 3776 nonnun-

97 3811 246 3866 mctorum
272 3810 453 3880 superbiam,
481 3825 575 3883 quam
600 3811 730 3868 clamare
749 3810 925 3868 referantur.
977 3827 1060 3884 quau
1087 3809 1173 3868 ferire
1190 3811 1309 3868 inchoat
1323 3809 1406 3882 quod
1428 3815 1539 3866 reterns
1559 3807 1716 3866 damnatio
1737 3823 1810 3864 con-

97 3901 169 3960 111111
182 3899 267 3974 quod
283 3902 405 3972 propter
417 3898 568 3956 malorum
590 3899 764 3972 supertiam
784 3899 830 3956 cla
844 3906 925 3968 aaut,
981 3903 1123 3956 summat.
1148 3902 1224 3970 Ergo
1247 3903 1277 3956 et
1296 3897 1442 3954 nonnulla
1465 3897 1603 3971 percutit,
1622 3901 1652 3952 et
1664 3895 1811 3952 nonnulle

96 4005 189 4064 supra
202 3989 268 4060 jam
283 3989 395 4044 dictum
409 3993 462 4044 est.
475 3991 550 4057 Ergo
563 3988 650 4044 uobis
662 3989 819 4044 hocvenu
833 3989 928 4045 11111111-
980 3988 1075 4046 inulta
1098 3987 1286 4058 derelinquit,
1314 3986 1387 4058 quia
1408 3987 1432 4041 si
1457 3984 1542 4042 nulla
1563 3987 1721 4052 resecaret,
1740 3983 1810 4054 quis

95 4082 152 4148 tur,
169 4077 254 4152 quod
270 4077 361 4152 paulo
388 4077 526 4132 subtilius
551 4077 731 4147 attendatur,
756 4077 828 4149 quia
848 4093 928 4150 sepe
979 4076 1075 4134 lieum
1089 4092 1135 4132 res
1149 4077 1301 4132 humanas
1312 4089 1417 4130 curare
1432 4072 1627 4130 credidisset?
1642 4073 1676 4126 lit
1688 4085 1811 4128 rursum
1893 4091 1894 4095 ¹

96 4167 236 4242 oppressi
251 4167 384 4242 quidem,
399 4166 470 4222 dum
488 4165 691 4232 clamaverint,
708 4181 745 4222 ex
760 4165 928 4238 sequidem
983 4165 1007 4220 si
1021 4164 1069 4220 hio
1082 4168 1188 4219 cuncte
1204 4165 1380 4236 percuteret,
1394 4165 1561 4218 exuamum
1570 4158 1718 4232 judicium
1730 4158 1812 4214 unde

97 4261 251 4314 merentur
265 4255 371 4328 audiri,
396 4254 449 4311 sed
465 4261 565 4312 tamen
580 4271 685 4312 eorum
700 4254 849 4312 desideria
861 4271 928 4328 pro
984 4253 1129 4310 restaret?
1143 4251 1281 4325 Sequitur
1298 4267 1304 4307 :

97 4351 159 4418 pter
173 4345 412 4420 opprimentium
427 4343 600 4418 superbiam
613 4343 802 4400 differuntur.
828 4347 928 4402 iustus
1019 4346 1102 4400 Vens.
1122 4347 1164 4399 16.
1192 4343 1274 4412 Erpa
1288 4342 1344 4400 ch
1356 4342 1477 4412 frustra
1490 4341 1609 4411 1111111111
1621 4355 1653 4397 os
1666 4354 1763 4406 suum,
1783 4343 1812 4395 et

98 4436 209 4510 quippe
235 4435 389 4502 Dominus,
415 4439 444 4490 et
467 4451 539 4491 suos
564 4433 706 4508 permittit
729 4435 929 4508 temporaliter
983 4435 1093 4506 ubsque
1110 4433 1234 4490 scientie
1249 4433 1340 4490 verbu
1359 4433 1554 4502 multiplicet.
1575 4463 1611 4476 -·
1640 4427 1812 4487 1111ουί1111-

98 4525 237 4600 opprimi,
251 4530 279 4582 et
290 4524 488 4580 violentorum
504 4523 649 4580 malitiam
659 4539 678 4578 n
691 4523 801 4596 quitur
814 4524 927 4594 augeri,
981 4539 1049 4580 rum
1064 4521 1203 4588 inferens,
1220 4521 1401 4591 beatustob‚
1412 4525 1441 4577 et
1453 4520 1529 4578 nihil
1539 4521 1632 4578 scisse
1645 4519 1759 4588 asserit,
1783 4522 1813 4575 et

100 4613 213 4670 utdum
228 4613 338 4670 horum
351 4612 410 4669 rita
423 4613 454 4668 in
468 4611 647 4686 purgatione
670 4611 782 4682 teritur,
807 4610 928 4668 illorum
982 4612 1077 4670 multa
1092 4611 1219 4680 dixisse;
1247 4615 1276 4667 et
1294 4626 1365 4668 cam
1384 4609 1449 4683 ipse
1463 4625 1532 4682 qua
1546 4609 1635 4666 sentit
1646 4607 1813 4680 loquaciter

100 4701 230 4774 nequitia
245 4704 482 4757 consummetur.
508 4703 547 4755 nc
560 4699 582 4753 si
600 4698 709 4756 diceret
725 4716 731 4754 :
747 4701 854 4756 Beatus
877 4695 940 4773 op'
982 4702 1097 4768 inierat,
1111 4701 1192 4757 hune
1208 4699 1245 4756 de
1256 4700 1327 4756 vitio
1339 4697 1530 4772 loquacitatis
1541 4701 1672 4758 eecusat.
1683 4695 1741 4756 Sed
1753 4695 1811 4752 hoc

100 4789 291 4858 primentium
307 4789 411 4846 audire
433 4805 522 4845 voces
540 4787 680 4862 prohibet
702 4803 928 4861 oppressorum,
982 4805 1104 4864 quoque
1133 4803 1198 4844 essa
1225 4787 1382 4860 proprium
1404 4785 1610 4856 arrogandum
1628 4783 1713 4856 solet,
1735 4787 1768 4840 ut
1782 4788 1812 4841 et

101 4891 153 4934 nec
168 4879 337 4954 eripiuntur
352 4875 502 4934 visibiliter
521 4877 603 4948 iusti,
619 4877 691 4950 quia
705 4876 814 4932 salvari
828 4875 929 4933 invisi·
982 4893 1082 4951 pauca
1094 4877 1217 4932 credant
1230 4889 1299 4948 quar
1313 4874 1371 4948 ipsi
1384 4873 1479 4930 multa
1500 4872 1637 4942 dixerint,
1665 4877 1695 4930 st
1716 4872 1812 4931 mralta

101 4964 194 5024 biliter
215 4983 280 5027 non
304 4970 456 5024 merentur
482 4965 597 5038 injusti.
627 4965 709 5022 ttnde
734 4981 855 5022 rursum
875 4979 929 5038 per
982 4967 1115 5035 credant,
1128 4981 1195 5038 que
1208 4965 1280 5038 ipsis
1292 4979 1392 5038 pauca
1404 4963 1555 5022 dicuutur.
1571 4963 1730 5038 Sequitur:

103 5056 281 5130 prophetam
291 5053 399 5114 dicitur
425 5071 432 5112 :
460 5075 475 5106 «
496 5054 571 5110 cum
583 5053 690 5110 viderit
704 5053 852 5127 sapientes
865 5068 929 5110 mo

102 5141 217 5208 tientes,
247 5141 338 5200 simul
363 5142 506 5212 iusipiens
530 5147 560 5199 et
582 5142 662 5198 stulti
676 5141 817 5216 peribunt
831 5143 925 5213 (Paul.
1268 5107 1380 5162 CAPUT
1408 5105 1526 5161 XXXVI·

104 5246 199 5304 ravin,
217 5232 451 5308 13).»81111111111
468 5250 474 5288 :
1018 5234 1102 5289 Vens.
1120 5231 1144 5302 l,
1159 5233 1186 5286 2.
1203 5231 1326 5288 Addens
1349 5245 1465 5302 quoque
1488 5229 1673 5295 1111111111,
1691 5225 1809 5280 111111)-

139 5322 222 5378 Vrns.
245 5325 288 5378 13.
312 5321 415 5392 Neque
438 5321 516 5376 enim
535 5321 655 5389 frustra
680 5319 782 5376 audiet
795 5319 886 5390 Deus,
902 5323 930 5376 et
983 5325 1069 5378 sutus
1082 5325 1123 5378 est
1137 5335 1148 5376 .·
1163 5320 1284 5378 Sustine
1303 5334 1349 5376 me
1359 5319 1534 5388 paulutum,
1550 5323 1577 5371 et
1591 5311 1730 5370 indicabo
1745 5311 1808 5368 titii.

108 5407 295 5480 Omnipotens
308 5407 497 5479 strrputcrum
510 5423 617 5464 causas
633 5409 808 5466 intuebitur.
823 5438 857 5446 —
876 5410 930 5462 Ne
984 5442 1018 5451 -
1030 5408 1118 5466 ltulta
1130 5409 1195 5480 jam
1207 5409 1331 5474 dixerat,
1345 5412 1373 5463 et
1388 5404 1524 5462 sustiueri
1538 5403 1638 5458 adhue
1651 5400 1810 5472 paululum

108 5498 230 5556 tandum
244 5497 328 5572 quod
352 5495 414 5552 duo
436 5497 494 5552 sint
511 5494 600 5562 diota,
625 5496 698 5570 quia
710 5501 737 5554 et
750 5495 930 5552 clamentem
984 5498 1175 5572 sperat,quia
1186 5497 1504 5564 videlicetarrcgantes
1517 5505 1649 5559 graveac
1661 5489 1810 5548 damnum

108 5601 167 5644 uon
180 5585 289 5648 trustra
305 5585 398 5664 audit,
423 5587 451 5642 et
465 5588 566 5642 1111111111
579 5585 663 5660 quod
678 5585 787 5658 patitur
799 5583 929 5658 respicit,
984 5585 1099 5659 perpeti
1111 5585 1258 5656 iudicant,
1272 5585 1297 5641 si
1312 5580 1466 5640 scientiam
1480 5591 1567 5638 eruam
1580 5576 1726 5652 loquendi
1744 5579 1810 5636 bre·
