4160 6162
124 191 168 244 tn
417 150 419 154 ⁷
540 179 1421 244 srrrousuonsuauscnsc.raros..-1.rn.xv.
1778 195 1831 248 ars

126 311 266 366 habuerat
281 310 415 374 tolloret;
432 310 483 366 sed
496 311 566 382 quia
578 309 681 366 arania
694 307 945 366 ambieastimerc
966 307 989 359 Α
1005 304 1042 360 de
1058 307 1253 366 οιειιιιειιοιιε
1270 313 1456 381 cogitationis
1475 331 1537 370 sace
1561 331 1614 388 per
1642 314 1829 388 iniquitatem

124 399 370 472 judicemnolnit,
387 416 423 454 es
440 399 760 468 tracritasubtractus,
778 397 879 454 nudas
908 396 946 452 ad
1003 395 1090 450 midae
1116 401 1297 470 operationis
1325 402 1467 472 aperitur,
1496 404 1662 460 ostenditur
1689 404 1828 477 inopere

123 490 252 560 judicem
267 489 359 545 vadit.
374 489 509 560 Sequitur
525 508 531 544 :
1002 483 1099 553 qualis
1114 485 1198 542 latuit
1212 487 1241 542 iu
1252 489 1442 558 cogitatione.
1460 481 1665 548 litnotand'um
1677 492 1760 565 quod
1767 493 1827 562 ait:

160 582 241 634 Vsus.
256 583 299 634 ιι.
317 610 350 620 -
366 580 439 634 Cam
455 581 582 636 satiatas
592 581 699 651 suerit,
719 577 900 635 arctabitur.
912 603 946 613 -
1001 572 1134 628 Eclectus
1148 582 1173 631 ct
1189 579 1341 647 egrediens
1357 579 1393 634 de
1407 580 1597 648 vaninassu.
1617 581 1757 652 Eductus,
1776 583 1829 640 sci-

125 669 205 726 Prins
227 671 339 742 quippe
366 669 486 726 anhelat
512 685 565 742 per
591 670 757 736 avaritiam,
788 664 947 737 concupita
1002 662 1066 718 licet
1082 680 1134 735 per
1148 666 1346 738 seductorem,
1362 668 1518 736 egrediens
1529 673 1829 744 vernperpropriam

123 745 310 826 congregare,
326 761 363 826 et,
379 773 449 814 cum
464 759 550 831 quasi
566 759 596 814 in
611 758 746 830 quodam
761 761 864 814 venue
877 769 947 810 ava·
1002 751 1196 810 volantatem.
1213 755 1323 826 Fulgur
1335 756 1458 829 quippe,
1474 773 1544 813 cum
1563 762 1684 830 repente
1699 760 1829 833 desuper

122 847 190 904 rttie
205 846 297 902 mute
313 847 508 918 congesserit,
525 848 660 914 satiatur,
691 851 844 908 arctatur:
874 841 947 915 qnia
1001 842 1090 912 venit,
1107 858 1177 900 cum
1193 845 1485 904 terroreanteoculos
1496 846 1827 914 clarescit301aritatem

122 934 342 992 dumenxiatur
369 935 497 1008 qualiter
521 936 667 1010 acquisita
692 934 851 1000 custodiat,
879 932 947 1004 ipsa
1001 933 1138 998 ostendit,
1155 937 1183 990 et
1197 936 1365 1007 anteposita
1388 936 1522 1009 pereutit.
1552 935 1597 994 Sic
1615 935 1752 992 videlicet
1774 937 1828 992 iai-

123 1040 173 1080 saa
187 1040 256 1080 enm
269 1025 388 1081 satietas
404 1031 556 1094 angustat.
573 1027 729 1098 Sequitur:
744 1023 903 1079 AEstaobit
918 1026 944 1075 et
1000 1035 1089 1090 qaus,
1106 1037 1175 1078 cum
1191 1024 1316 1088 gloriam
1342 1025 1408 1082 vitre
1436 1025 1590 1097 presentis
1618 1027 1825 1098 assumpserit,

121 1115 210 1170 mais
226 1114 418 1170 ‹interirract
429 1130 521 1184 super
536 1129 612 1170 crim.
640 1146 674 1154 -
701 1113 784 1170 Prius
812 1125 945 1181 namquo
1001 1111 1080 1164 uude
1096 1112 1125 1168 iu
1139 1112 1197 1168 hoo
1212 1115 1325 1170 mundo
1341 1131 1394 1186 per
1409 1116 1572 1188 potentiam
1585 1115 1683 1172 claras
1695 1114 1826 1172 ostendi-

120 1201 250 1256 dolorem
266 1201 373 1258 babuit
387 1201 417 1256 in
432 1201 498 1273 ipsa
509 1200 827 1274 sureconcupisccntiee
843 1197 946 1266 tatiga-
1001 1200 1129 1257 turinde
1145 1203 1242 1271 agitur
1252 1209 1283 1258 nt
1297 1204 1382 1258 multi
1398 1203 1550 1260 feriantur.
1564 1206 1659 1268 Quare
1675 1203 1824 1275 fulgurare

121 1290 204 1356 tione,
217 1288 348 1361 qualiter
375 1290 536 1362 concupita
556 1295 682 1362 raperet,
712 1287 867 1361 quomodo
888 1285 946 1340 alie
1000 1288 1154 1360 iniqnicst.
1165 1293 1194 1346 ιιι
1205 1294 1293 1364 hujus
1305 1294 1371 1348 vitre
1382 1295 1496 1350 honora
1505 1293 1676 1350 clarescere.
1691 1293 1746 1350 Sed
1754 1293 1827 1366 quia

120 1377 410 1444 blandimentis,alia
420 1379 580 1434 terroribus
591 1379 773 1436 catenant
783 1381 944 1448 postquam
1000 1376 1141 1447 splendor
1153 1381 1254 1448 gloria²
1270 1383 1346 1438 illias
1362 1383 1479 1440 rrtnrnis
1505 1384 1649 1452 gehenne
1674 1382 1827 1455 suppliciis

119 1467 269 1539 acquisitis
281 1467 764 1540 rebuspervenitaddcsiderium,
779 1465 944 1522 aliushane
998 1468 1196 1540 mancipatur,
1214 1475 1290 1526 recte
1305 1487 1386 1528 nunc
1400 1473 1507 1528 dicitur
1519 1474 1685 1542 [nigricans
1700 1474 1730 1528 in
1748 1487 1829 1528 ama·

118 1557 200 1612 dolor
216 1557 329 1628 fatigat,
347 1563 379 1612 ut
402 1574 471 1618 cnm
496 1557 621 1613 sollicita
651 1557 754 1612 timore
783 1553 942 1618 custodiat,
999 1556 1131 1612 titudine
1142 1573 1208 1614 saa.
1225 1560 1299 1623 Ostia
1314 1561 1393 1616 enim
1410 1560 1501 1616 modo
1514 1560 1601 1632 quasi
1613 1577 1649 1616 ex
1678 1545 1788 1616 terrore
1800 1565 1828 1618 et

118 1648 280 1718 quodcum
296 1646 495 1716 gravilahore
512 1648 647 1704 meminit
659 1646 850 1718 acquisitum.
875 1645 945 1698 Post
965 1660 984 1712 g
999 1642 1129 1700 claritate
1146 1645 1254 1704 seriens
1270 1648 1411 1716 gaudent,
1438 1649 1507 1704 inde
1534 1653 1602 1720 post
1624 1648 1773 1720 supplicia
1797 1649 1826 1704 in

118 1735 179 1790 brec
189 1746 310 1807 quoque
325 1736 364 1792 ad
379 1736 548 1804 gehennam
561 1736 689 1804 ducitur,
702 1734 820 1790 aeternis
832 1731 944 1788 crucia·
998 1739 1176 1805 perpetuum
1192 1738 1325 1793 sustinet.
1343 1739 1501 1810 Sequitur:
1522 1739 1634 1794 Varteat
1654 1744 1682 1793 et
1710 1739 1826 1794 orabat

118 1825 194 1880 tibus
208 1825 408 1897 mancipatur.
420 1825 525 1880 Omnis
540 1840 612 1896 ergo
627 1823 713 1880 clolor
730 1838 820 1894 super
830 1836 899 1876 eura
909 1819 943 1874 ir·
997 1839 1087 1892 super·
1101 1840 1167 1882 erim
1178 1827 1346 1884 horribiles.
1360 1859 1394 1868 ·—
1405 1827 1481 1892 Quid
1497 1828 1554 1884 hac
1575 1827 1641 1882 loco
1668 1826 1825 1883 horribiles

117 1918 191 1984 ruet,
202 1915 584 1987 quemcthiopriaspoeau
597 1912 946 1984 concupiscenhae,post·
997 1911 1054 1966 nisi
1071 1913 1192 1978 maligni
1208 1916 1328 1987 spiritns
1345 1915 1553 1988 appellantur!
1583 1915 1671 1972 bonis
1689 1915 1827 1972 videlicet

117 2003 244 2058 modum
256 2017 328 2060 vcro
340 2001 672 2070 caranustodirr,etiltic
684 2000 870 2072 quandoque
885 2014 946 2069 poe-
1000 1999 1150 2056 mentibus
1164 2004 1294 2074 pavendi
1304 2008 1394 2076 atque
1409 2004 1542 2074 fugiendi
1558 2007 1569 2058 t
1599 2007 1631 2060 Et
1649 2004 1721 2076 qaia
1736 2004 1826 2060 iidem

117 2107 158 2148 na
172 2092 293 2146 ultionis
308 2092 463 2148 cremabit.
481 2091 620 2162 Sequitur
636 2108 642 2144 :
1000 2088 1124 2156 maligni
1138 2091 1258 2160 spiritns
1272 2093 1358 2148 certis
1373 2093 1547 2165 quibusque
1563 2093 1640 2149 vitiis
1654 2093 1763 2164 singuli
1778 2094 1828 2150 ab

154 2183 296 2236 Venari.
315 2182 434 2238 Utinam
446 2181 610 2249 impleatur
626 2181 815 2248 venterejas,
845 2182 871 2232 et
894 2177 947 2232 im-
1001 2177 1085 2248 sequi
1100 2183 1169 2236 sunt
1182 2179 1332 2248 credendi,
1348 2199 1417 2238 cum
1432 2197 1587 2252 perversus
1600 2183 1654 2238 iste
1678 2183 1736 2238 alia
1762 2182 1827 2254 qul·

116 2269 218 2324 mittat
230 2271 261 2324 in
272 2285 338 2325 cam
353 2271 430 2324 tram
440 2270 556 2338 fauoris
569 2269 626 2336 sai,
643 2274 669 2324 et
687 2268 776 2336 piarat
801 2280 892 2333 sape·
913 2263 948 2318 it·
1000 2265 1070 2320 dem
1083 2265 1153 2322 vitia
1167 2267 1206 2323 ed
1219 2274 1406 2328 momentum
1421 2271 1556 2328 deserere
1567 2271 1692 2338 videtur,
1707 2271 1759 2327 sed
1769 2271 1828 2328 elia

117 2360 178 2414 inm
194 2359 305 2415 betium
319 2375 416 2414 suam.
431 2391 465 2400 —
479 2359 574 2430 Super¹
586 2359 665 2413 hunc
681 2356 873 2428 hypocritam
890 2356 947 2408 Do·
1000 2371 1088 2425 agere
1103 2356 1215 2429 incipit,
1232 2359 1364 2430 proiecto
1380 2376 1471 2432 super
1490 2361 1571 2416 hune
1595 2360 1752 2416 horribiles
1779 2375 1829 2416 va·

116 2447 216 2504 minus
227 2446 340 2504 bellurn
353 2461 441 2503 suum
453 2447 613 2519 pluit,oum
627 2447 808 2516 judiciorum
821 2458 945 2499 suorum
999 2445 1074 2502 dunt
1087 2451 1115 2502 et
1128 2447 1259 2516 veniunt,
1269 2450 1341 2521 quie
1353 2450 1484 2522 perversi
1495 2449 1756 2506 mentemetsielie
1766 2465 1827 2506 ma·

117 2535 222 2605 gladiis
235 2537 300 2608 ejus
313 2551 404 2610 opera
427 2537 561 2608 percutit.
589 2535 699 2590 Bellum
722 2548 855 2605 namque
884 2535 943 2588 ileo
999 2533 1026 2589 la
1042 2534 1191 2602 deserunt,
1208 2536 1441 2610 aliaoccupnnt.
1459 2539 1619 2611 Sequitur:

115 2626 216 2697 pluere
232 2625 388 2697 est‚iniqui
399 2625 490 2680 vitam
500 2625 642 2680 districtis
653 2622 804 2680 sententiis
816 2621 947 2694 desuper
1036 2626 1118 2680 Vsns.
1135 2629 1178 2690 lit,
1195 2631 1238 2682 at.
1258 2628 1364 2684 Omnes
1376 2628 1503 2684 tenebra·
1514 2629 1695 2685 abscondite
1709 2633 1780 2684 rant
1794 2629 1826 2684 ia

115 2715 152 2770 ad
165 2715 320 2771 interitum
333 2729 447 2784 urgere.
466 2713 623 2786 Sequitur:
998 2715 1123 2770 occurris
1138 2717 1211 2784 ejrrs.
1278 2717 1420 2781 Quamvis
1435 2717 1591 2791 hypocrita
1617 2717 1749 2774 actiones
1771 2717 1826 2774 bn-

147 2808 234 2860 Vens.
250 2809 294 2860 ιι.
310 2805 416 2875 Faciet
429 2819 514 2860 arma
527 2803 677 2873 serrensi
690 2805 785 2858 irruet
797 2803 828 2856 ia
840 2817 945 2856 arcam
999 2801 1095 2857 nasia
1109 2802 1266 2874 superficie
1280 2807 1417 2872 ostendit,
1441 2807 1583 2878 quiedam
1607 2807 1762 2863 tamenin
1791 2823 1827 2864 eo

114 2910 235 2950 aream.
252 2926 275 2934 --
300 2894 460 2950 Sciendum
473 2889 872 2965 quodavaritiaaliquando
892 2905 946 2962 per
1000 2890 1148 2946 maloram
1165 2894 1432 2964 operumtenehrae
1461 2899 1617 2966 apparent,
1647 2895 1701 2950 sed
1725 2899 1826 2952 tamen

112 2983 275 3038 elationem
291 2981 435 3052 subrepit,
452 2980 616 3052 aliquando
629 2996 700 3035 vero
716 2995 768 3051 per
795 2979 942 3034 timorem.
965 3005 986 3058 G
1001 2979 1102 3034 tainus
1116 2981 1216 3051 prodit
1229 2981 1258 3036 in
1270 2997 1371 3053 apere,
1383 2997 1478 3053 qnam
1492 2984 1523 3038 in
1534 2984 1599 3053 ejus
1624 2983 1694 3040 latet
1717 2983 1827 3053 cagita-

111 3073 180 3128 Suat
191 3084 332 3143 namque
345 3069 493 3133 nonnulli,
509 3069 582 3124 dum
599 3069 731 3141 potiores
742 3066 836 3122 videri
850 3081 943 3138 appe·
1003 3068 1090 3123 tione.
1107 3072 1181 3124 h'am
1196 3070 1248 3140 qui
1263 3073 1371 3125 cuncta
1384 3070 1473 3125 simul
1486 3071 1516 3125 in
1532 3071 1638 3126 ellectu
1648 3071 1826 3142 nonexplet,

111 3165 183 3231 tant,
193 3162 231 3218 ia
246 3159 412 3214 alienarum
425 3157 684 3214 rerumambitum
710 3155 944 3212 succenduntur.
1001 3161 1109 3212 cuncta
1122 3171 1190 3228 qum
1203 3162 1332 3214 noceant
1345 3159 1376 3214 in
1391 3163 1490 3215 mente
1505 3159 1611 3214 tacitus
1627 3163 1715 3214 tenet.
1729 3157 1829 3230 Sequi-

114 3251 145 3304 at
156 3256 225 3306 sunt
241 3247 380 3304 nonnulli
394 3246 458 3320 qai,
481 3247 555 3302 dum
578 3246 635 3302 sibi
663 3244 869 3302 subsidiorum
897 3259 946 3298 ne·
1002 3251 1065 3300 tur:
1080 3247 1240 3302 Decor-obit
1255 3263 1320 3304 eum
1336 3250 1425 3318 ignis,
1439 3249 1493 3320 qai
1502 3263 1563 3304 aaa
1573 3249 1776 3304 succenditur.
1793 3277 1828 3288 -·

117 3341 247 3396 cessaria
263 3339 369 3395 deesse
383 3337 497 3408 timent,
511 3341 644 3392 meatem
659 3336 699 3392 ad
723 3333 880 3392 avaritiam
903 3348 947 3388 re-
1001 3333 1070 3390 hiiro
1084 3335 1171 3390 valde
1187 3336 1279 3392 modo
1293 3337 1399 3409 paucis
1412 3337 1509 3393 serbis
1522 3352 1681 3410 expressus
1708 3341 1752 3393 est
1779 3351 1829 3408 ge·

114 3425 215 3484 laxant
229 3425 528 3492 etalieneembiunt,
543 3439 613 3480 cum
636 3425 692 3480 sihi
725 3439 780 3479 sae
810 3421 946 3478 sufficere
999 3424 1107 3480 hennae
1126 3425 1212 3496 ignis.
1242 3427 1321 3496 ignis
1348 3443 1481 3500 namque
1506 3443 1681 3501 corporeas,
1706 3431 1739 3484 ut
1762 3441 1828 3483 esse

114 3533 172 3574 non
209 3533 304 3591 posse
337 3515 535 3588 suspicentur.
576 3515 679 3572 Omnis
709 3527 781 3582 ergo
817 3511 945 3570 necessi·
999 3512 1077 3584 ignis
1092 3514 1200 3584 valeat,
1217 3515 1368 3589 corporcis
1383 3515 1497 3586 indiget
1513 3515 1663 3586 fomentis,
1677 3515 1729 3589 qui
1757 3528 1826 3571 cum

114 3611 156 3662 tas
183 3623 247 3664 non
274 3606 438 3676 incoagrue
463 3605 575 3662 terrum
597 3609 731 3670 vocatur,
762 3602 834 3675 quia
853 3602 944 3658 vitam
999 3618 1119 3659 necesse
1133 3608 1220 3661 estut
1235 3611 1374 3672 servetur,
1392 3621 1446 3679 per
1460 3610 1602 3676 congesta
1616 3606 1699 3676 ligna
1722 3603 1827 3678 procul

112 3695 211 3768 inopis
222 3694 360 3751 moeroris
379 3693 499 3750 vulnere
510 3694 632 3759 cruciat,
650 3692 726 3748 sieut
753 3707 878 3763 quoque
906 3689 944 3746 de
999 3692 1093 3748 dubio
1107 3694 1244 3762 nutritur,
1261 3711 1316 3750 nec
1335 3695 1412 3752 valet
1422 3695 1479 3752 nisi
1508 3711 1670 3752 succensus
1697 3709 1773 3764 esse,
1798 3697 1827 3749 et

113 3785 176 3854 eJ'us
191 3783 421 3840 necessitatibus
431 3783 576 3855 scriptam
601 3787 656 3852 est,
679 3780 732 3853 qui
758 3795 776 3836 a
803 3779 945 3836 iratribus
998 3780 1176 3836 nisireiotus
1192 3783 1365 3839 subsistere.
1381 3789 1415 3838 ht
1436 3789 1540 3840 contra
1567 3785 1711 3856 gehennas
1736 3783 1824 3853 ignis,

113 3873 264 3940 venditus,
280 3869 422 3926 afflictam
436 3872 530 3926 vitam
545 3869 685 3926 ducebat.
712 3889 725 3918 ιι
741 3870 863 3924 Ferrum
877 3881 944 3938 per·
1000 3884 1069 3924 oum
1080 3870 1117 3924 sit
1131 3885 1292 3942 corporeus
1306 3877 1335 3926 et
1348 3871 1378 3926 in
1390 3873 1551 3944 semetipso
1563 3872 1709 3944 reprobos
1723 3885 1828 3944 carpo·

112 3961 394 4017 transivitanimam
408 3960 473 4030 ejus
489 3961 584 4028 (Psoi.
601 3973 659 4024 arr,
675 3959 727 4024 ts).
745 3980 759 4006 ι»
788 3956 864 4018 Quid
873 3969 945 4025 ergo
999 3957 1099 4013 naliter
1109 3963 1223 4028 exuret,
1238 3975 1294 4015 neo
1307 3960 1552 4015 studiohumano
1564 3959 1826 4030 succenditur,nec

110 4055 182 4106 sunt
195 4064 282 4104 arma
297 4047 403 4110 terrea,
419 4047 474 4103 nisi
491 4048 682 4103 necessitates
697 4046 764 4100 vite
777 4043 944 4115 praesentis,
999 4045 1089 4114 lignis
1100 4047 1238 4118 nutritur,
1255 4047 1308 4102 sed
1335 4051 1452 4102 creatus
1479 4047 1571 4102 semel
1594 4046 1828 4115 inextinguibilis

109 4155 181 4212 qum
194 4137 272 4194 dure
287 4139 438 4210 premunt,
452 4141 480 4192 et
494 4136 588 4190 vitam
603 4134 701 4205 inopis
721 4133 946 4204 insequuntur?
1000 4133 1100 4204 durat,
1111 4137 1141 4189 et
1152 4135 1347 4190 succensione
1360 4149 1422 4190 non
1438 4135 1560 4206 indiget,
1577 4138 1606 4189 et
1631 4134 1737 4190 ardore
1765 4148 1826 4189 non

111 4230 239 4284 Ferrum
254 4228 367 4300 quippe
380 4239 482 4294 aerugo
497 4224 656 4288 consumit,
673 4226 823 4278 resautem
836 4235 944 4276 consu·
1000 4226 1091 4292 caret,
1106 4221 1178 4295 qaia
1193 4222 1409 4295 omnipotentis
1421 4222 1545 4292 justitia,
1556 4222 1725 4278 futurorum
1737 4237 1828 4296 pres-

112 4333 193 4373 mere
206 4315 358 4372 difficilius
369 4315 453 4372 solet.
471 4318 558 4370 Ferro
584 4327 657 4382 ergo
681 4311 842 4368 necessitas
870 4325 944 4383 prae-
962 4356 985 4410 D
1001 4311 1056 4378 cia,
1074 4312 1113 4368 ab
1127 4313 1193 4385 ipsa
1205 4311 1311 4368 mandi
1326 4311 1439 4382 origine
1452 4312 1597 4383 gehenna
1618 4312 1720 4382 ignem
1747 4327 1827 4369 crea·

113 4421 191 4476 sens,
217 4419 287 4477 qum
316 4404 486 4460 transitoria
507 4408 559 4468 est,
594 4417 651 4456 rere
675 4403 776 4458 autem
799 4399 943 4456 sententia
1000 4400 1051 4465 vit,
1066 4401 1117 4473 qui
1132 4401 1473 4474 inpoenareprobnrum
1487 4417 1552 4458 esse
1562 4401 1654 4460 semel
1673 4401 1826 4475 inciperet,

113 4493 394 4563 aeternaliguratur.
413 4491 686 4564 thaiajudieiam
714 4504 879 4562 supernum
905 4487 944 4544 ab
1001 4491 1306 4548 sedardoremsnam
1322 4491 1412 4548 etiam
1428 4491 1765 4566 sinelignisnunquam
1792 4491 1827 4548 tl·

114 4583 208 4656 iniqui
223 4587 323 4638 mente
336 4597 397 4638 aon
414 4581 586 4646 attenditur,
598 4581 677 4650 iuste
693 4579 773 4636 arcui
788 4593 945 4650 compera-
1000 4580 1084 4636 ahet.
1100 4581 1238 4654 Sequitur
1258 4597 1264 4636 ι
1280 4581 1442 4652 affligitur
1453 4581 1576 4637 reticius
1604 4583 1635 4636 ia
1651 4581 1827 4637 taberaactc

115 4676 168 4740 tur,
182 4672 341 4746 quomado
352 4672 430 4728 velat
445 4687 482 4726 ea
498 4670 615 4726 insidiis
627 4670 764 4742 percutit,
778 4669 850 4724 dum
871 4667 945 4724 illud
1001 4670 1028 4724 ta
1043 4685 1105 4726 sae.
1122 4701 1156 4708 —
1171 4669 1355 4742 iniquienim
1369 4669 1598 4726 tabernaculum
1609 4673 1741 4737 caroest,
1754 4667 1827 4739 quia

114 4761 201 4833 isqui
214 4761 380 4834 percutitur
395 4775 457 4816 non
473 4759 607 4816 attendit.
631 4759 739 4829 Faciet
764 4771 835 4826 ergo
858 4772 945 4814 arnna
999 4757 1084 4814 laetus
1099 4757 1197 4830 ipsam
1210 4757 1368 4822 inhabitat,
1385 4763 1423 4828 et,
1438 4758 1463 4812 si
1477 4757 1515 4813 sit
1528 4756 1680 4830 possibile,
1691 4759 1776 4828 optat
1795 4759 1827 4812 ut

114 4853 213 4918 ferrea
227 4857 255 4907 et
271 4852 367 4906 irritet
383 4851 534 4906 tauream
550 4865 671 4908 aream.
685 4847 757 4920 quia
769 4847 844 4902 dum
871 4861 946 4918 prcc-
999 4863 1068 4904 cam
1082 4863 1241 4919 nunquam
1254 4845 1404 4918 relinquat
1427 4848 1524 4912 Quam
1538 4845 1673 4902 videlicet
1693 4859 1825 4918 carnem,

116 4947 211 4996 sentes
227 4939 421 4996 necessitates
434 4942 571 4994 metuens
595 4937 689 4994 multa
707 4952 760 5008 per
787 4934 943 4992 avaritiam
999 4953 1069 4992 cum
1089 4937 1119 4992 in
1136 4936 1350 4992 resurreetione
1372 4935 1543 5009 susceperit,
1564 4951 1633 4992 oum
1654 4951 1690 4994 ea
1717 4937 1827 5006 gehen-

115 5029 200 5101 rapit,
215 5027 455 5098 extremijudiqii
482 5026 619 5084 districtis
641 5042 672 5082 se
701 5024 945 5097 percussionibus
999 5042 1046 5082 nae
1072 5025 1202 5097 ignibus,
1217 5026 1342 5082 traditus
1358 5025 1482 5082 ardebit.
1511 5027 1591 5082 Tunc
1612 5026 1652 5083 ab
1674 5041 1710 5084 ea
1739 5027 1826 5085 educi

116 5123 280 5191 anteponit.
296 5117 457 5189 Sequitur:
999 5117 1121 5189 appetit,
1148 5121 1219 5172 tune
1245 5117 1311 5187 ejus
1339 5119 1496 5184 tormenta,
1522 5115 1546 5172 si
1572 5115 1671 5176 valeat
1689 5117 1824 5182 eradere,

149 5210 233 5266 Vens.
251 5212 295 5264 25.
359 5209 495 5264 Eduntur
508 5213 535 5264 et
548 5207 702 5277 egrediens
715 5206 944 5276 deoapinasaa,
998 5207 1113 5279 quierit.
1129 5208 1210 5262 Tunc
1225 5205 1327 5278 incipit
1344 5205 1417 5262 velle
1430 5207 1520 5263 tatere
1543 5207 1626 5280 quad
1637 5205 1760 5272 amavit,
1773 5202 1826 5256 sed

116 5303 141 5350 et
153 5297 322 5367 fulgurans
334 5298 365 5352 ia
380 5297 585 5352 amaritudine
597 5311 662 5352 saa.
691 5325 724 5334 --
754 5295 878 5366 iniquus
889 5294 945 5350 iste
998 5295 1050 5368 qai
1062 5309 1260 5352 eamearnem
1275 5297 1334 5352 lieo
1347 5295 1679 5369 prreposuit,jadicante
1694 5295 1752 5344 tteo
1767 5289 1827 5360 agi-

116 5385 276 5442 insidiatur
291 5383 566 5458 depredationibus
576 5385 795 5456 proximorum,
806 5383 860 5438 sed
871 5383 945 5438 dam
998 5391 1055 5454 tur,
1073 5389 1105 5440 ut
1115 5401 1151 5441 ex
1161 5385 1336 5459 eaemplius
1351 5386 1382 5442 in
1397 5387 1466 5457 igne
1480 5385 1635 5441 crucietur.
1660 5378 1709 5433 llio
1726 5378 1826 5454 itaque

118 5489 210 5545 prava
224 5473 444 5544 incogitatione
461 5473 659 5537 machinatur,
673 5473 760 5546 quasi
773 5472 873 5528 adhuc
885 5473 945 5540 gie·
977 5487 1066 5532 ‘eem
1090 5476 1258 5548 relinquere
1286 5491 1346 5533 non
1373 5477 1443 5542 ruit,
1462 5479 1490 5528 nt
1516 5477 1616 5526 temen
1643 5467 1682 5526 ab
1708 5485 1744 5527 ea
1758 5471 1826 5529 abs·

117 5561 184 5618 dius
198 5563 229 5619 in
246 5564 356 5634 vagae
372 5567 425 5618 est.
444 5564 601 5616 Damvero
617 5562 731 5619 malum
741 5562 824 5635 quod
837 5561 946 5632 cogita·
1000 5564 1158 5620 trahitur:
1187 5563 1247 5620 illic
1270 5581 1337 5622 eam
1379 5563 1547 5631 relinquere
1580 5557 1702 5630 appetit,
1730 5563 1759 5616 et
1783 5565 1826 5616 te·

118 5653 166 5724 rit,
179 5653 283 5726 inique
295 5652 420 5727 perlicit,
436 5651 474 5708 de
489 5650 600 5720 vemas
615 5667 671 5710 sun
694 5653 853 5723 egreditur.
871 5651 946 5719 Quia
1004 5667 1073 5709 men
1089 5651 1120 5708 ia
1145 5667 1181 5708 eo
1207 5657 1330 5726 propter
1356 5645 1504 5722 supplicia
1517 5649 1660 5706 servetur.
1689 5648 1736 5703 Ad
1755 5661 1827 5740 aug:
