4110 6138
211 229 266 283 rer
567 220 595 277 s.
622 182 914 278 annuissemus
934 219 1000 275 sau
1020 215 1188 274 strumus
1207 217 1336 276 cuorus
1355 219 1522 276 uouscur.
1872 215 1928 270 ras

213 350 267 406 tim
282 317 441 422 protertur,
461 346 579 417 partem
592 345 722 402 masicat
741 345 956 401 nominemusr
974 357 1042 415 que
1058 343 1082 398 t
1097 341 1196 398 omnis
1208 339 1331 399 intentio
1344 341 1384 398 illi
1395 341 1504 398 servire
1517 339 1663 398 videatur.
1678 338 1836 412 Euphonia
1846 339 1930 394 enirn

214 455 285 514 pars
299 437 330 494 in
344 433 475 508 syllabas
491 449 588 491 unum
601 435 650 494 vel
663 435 876 492 duosauttres
896 433 1042 490 habentes
1098 433 1205 489 Grrece.
1237 431 1338 489 latine
1367 432 1443 489 tone
1471 431 1618 488 sonoritas
1646 429 1866 504 interpretatur,
1898 427 1931 484 ld

214 530 315 586 motus
330 523 507 582 resolvatur.
1098 525 1142 578 est
1167 521 1375 590 consonantia,
1390 527 1418 579 et
1432 521 1531 579 omnis
1546 520 1662 578 musica
1675 519 1714 576 de
1728 518 1933 576 consonantia

250 613 382 682 Qualiter
396 616 498 670 autem
512 607 571 687 ipsi
582 615 683 670 motus
697 612 911 688 disperdantur
925 612 955 668 ln
981 609 1042 684 syl·
1098 613 1212 669 tractat.

212 705 312 778 lebas,
325 706 486 763 cantorum
512 701 627 776 iudicio
649 705 679 760 et
702 703 770 760 usui
793 701 995 776 pretermitto,
1011 703 1044 758 ut
1133 699 1206 756 ‘loni
1220 703 1331 765 autem,
1347 703 1380 758 ιιι
1392 699 1534 772 diximus,
1546 697 1715 773 protensior
1728 699 1818 774 atque
1832 695 1932 772 perse

216 811 286 852 oum
315 790 493 866 hujusmodi
514 806 585 866 pars
606 790 705 864 fuerit,
728 792 759 848 in
782 791 894 865 quibus
916 795 1043 864 utraque
1099 789 1172 847 otior
1197 787 1320 846 elevatio
1335 793 1365 848 et
1387 789 1535 862 depositio
1563 792 1619 860 est,
1634 792 1664 845 et
1688 790 1721 844 ut
1746 787 1788 846 ita
1813 786 1930 856 dicam,

216 883 331 943 chorda
345 883 447 951 eonet;
462 893 501 937 ne
511 893 581 938 cnm
594 879 652 938 hoe
665 895 744 955 srepe
755 880 798 954 fit,
814 881 968 938 fastidium
993 896 1043 951 ge·
1099 878 1274 936 semitonius
1287 883 1331 936 est
1342 878 1545 953 imperfectus,
1556 881 1645 935 tonus
1658 892 1731 933 vero
1745 875 1930 952 superfluus.

215 975 309 1032 neret.
336 969 507 1045 Aliquando
534 969 666 1044 primum
700 973 817 1028 motum
844 986 900 1045 pro
924 969 1045 1044 syllaba
1100 971 1159 1030 Sed
1173 969 1247 1027 dum
1273 971 1362 1028 unius
1381 969 1566 1044 imperiectio
1592 969 1711 1027 alterius
1736 967 1932 1042 superfluita-

217 1078 289 1131 une,
305 1063 335 1120 et
348 1061 506 1134 sequentes
521 1063 580 1117 tres
593 1075 649 1134 pro
663 1059 741 1128 alia3
757 1060 921 1135 aliquando
944 1064 1045 1118 autem
1099 1063 1172 1128 tem,
1185 1060 1247 1118 siva
1266 1060 1386 1117 alterius
1411 1059 1601 1134 superfluitas
1628 1057 1750 1115 alterius
1770 1057 1933 1132 imperiec-

217 1153 295 1210 duos
314 1150 346 1207 in
360 1165 431 1219 una,
450 1152 479 1206 et
500 1148 578 1205 duos
601 1148 632 1204 in
648 1149 741 1207 altera
763 1153 864 1206 motus
880 1150 1043 1223 ponimus:
1101 1148 1213 1204 donem
1225 1148 1409 1214 moderatur,
1422 1148 1553 1222 perlecta
1566 1147 1734 1204 modulatio
1749 1163 1786 1204 ex
1800 1151 1934 1220 uhoque

218 1238 382 1314 aliquando
395 1253 468 1294 vero
480 1236 596 1310 priores
609 1240 669 1294 tres
683 1241 785 1295 motus
794 1253 855 1319 pro
870 1254 942 1308 una,
958 1241 987 1295 et
999 1254 1046 1294 so-
1099 1237 1191 1294 latore
1205 1237 1374 1312 perfieitur;
1390 1242 1419 1294 et
1434 1253 1528 1294 unum
1543 1235 1666 1312 quidem
1681 1235 1727 1293 vel
1740 1235 1816 1293 duos
1841 1239 1934 1293 tonos

216 1328 281 1385 lum
294 1331 437 1402 quartum
456 1341 511 1401 pro
527 1325 586 1384 alia
608 1325 728 1400 syllaba
752 1327 930 1401 accipimus.
950 1329 1046 1400 Atque
1101 1326 1216 1401 absque
1227 1327 1395 1399 semitonio,
1411 1343 1506 1402 quam
1519 1325 1710 1384 semitonium
1723 1325 1839 1402 absque
1858 1329 1935 1382 tono

217 1415 360 1475 adhunc
383 1415 511 1473 modum
525 1415 563 1472 de
577 1415 699 1489 reliquis
721 1415 858 1489 partibus
878 1414 1045 1488 judicabit:
1101 1417 1133 1472 in
1155 1416 1352 1474 consonantia
1373 1415 1456 1490 poni,
1472 1415 1569 1487 magis
1584 1414 1740 1472 sonoritati
1751 1417 1780 1471 et
1800 1413 1935 1471 auotori-

217 1509 301 1564 tanta
315 1505 396 1562 enim
412 1504 624 1561 dissimilitudo
635 1504 695 1560 hoc
719 1508 897 1574 argumento
911 1503 975 1560 fleri
990 1519 1046 1578 po·
1101 1505 1154 1563 tati
1168 1505 1274 1579 placet.
1291 1505 1468 1580 Exemplum
1485 1510 1585 1563 autem
1599 1505 1662 1563 toni
1675 1507 1721 1562 est
1734 1505 1766 1561 in
1777 1503 1836 1561 hac
1855 1503 1935 1561 anti-

215 1597 329 1665 testei
343 1595 485 1652 eumdem
507 1595 630 1651 cantum
650 1607 728 1668 pene
743 1593 836 1650 elium
858 1593 983 1650 reddere
1004 1593 1046 1650 yi-
1102 1595 1206 1670 phone
1240 1595 1339 1668 prima
1377 1595 1575 1652 consonantia
1600 1611 1606 1652 :
1635 1595 1771 1668 inpetus
1799 1595 1935 1652 Domini.

217 1685 324 1742 deutur
336 1687 364 1742 et
379 1681 507 1740 difficilis
523 1681 561 1739 sit
575 1685 681 1739 cantus
706 1687 735 1739 at
759 1681 860 1738 minus
883 1681 1044 1739 delectans.
1059 1699 1082 1756 Β
1104 1685 1307 1758 Quaecunque
1320 1688 1420 1740 autem
1447 1685 1556 1741 modos
1571 1683 1758 1759 syllabarum
1772 1683 1936 1740 semitonio

219 1773 248 1832 Si
262 1774 328 1844 ejus
349 1769 483 1845 syllabas
502 1774 531 1828 et
543 1773 644 1844 partes
663 1787 698 1828 ae
716 1769 921 1828 distinctiones
935 1771 1047 1830 similes
1103 1773 1167 1830 fieri
1181 1773 1323 1841 diximus,
1338 1773 1492 1831 decentius
1501 1789 1536 1832 aa
1549 1773 1735 1850 frequentius
1750 1772 1815 1829 lieri
1826 1772 1939 1829 confir-

217 1861 335 1933 ieeeris,
351 1861 418 1933 ejus
433 1859 638 1918 difficultatem
663 1859 726 1917 tolli
740 1863 769 1917 et
791 1859 981 1918 dulcedinem
996 1877 1047 1919 au·
1103 1878 1224 1919 mamus
1238 1881 1245 1932 ;
1259 1861 1341 1919 unde
1356 1863 1380 1918 si
1396 1861 1552 1936 superiora
1566 1862 1604 1920 de
1617 1861 1775 1920 semitonio
1789 1861 1935 1929 retineas,

219 1951 282 2024 geri
303 1949 444 2008 ridebis:
471 1949 556 2024 quod
576 1949 708 2008 maxime
731 1951 832 2024 pueris
856 1951 1002 2008 convenit.
1018 1951 1048 2010 si
1103 1951 1308 2013 necessarium
1323 1951 1361 2010 de
1375 1957 1446 2008 tono
1462 1951 1592 2028 amplius
1605 1967 1668 2010 non
1694 1951 1840 2028 requiras.
1856 1950 1937 2007 Illud

217 2055 289 2098 vero
299 2038 389 2097 nimis
402 2037 548 2096 delicatus
559 2037 646 2097 fuerit
658 2041 687 2096 et
699 2039 803 2109 facilis,
817 2039 955 2098 iaciendo
968 2040 1048 2098 simi·
1102 2039 1194 2097 modo
1210 2037 1278 2097 licet
1300 2041 1434 2097 maxima
1454 2055 1526 2097 cura
1550 2040 1731 2116 perpendas,
1745 2045 1778 2098 ut
1796 2039 1820 2096 si
1836 2055 1937 2096 unum

217 2130 375 2189 titudinem
391 2130 423 2187 in
438 2127 563 2204 syllabis
581 2129 728 2204 partibus,
746 2135 776 2188 et
796 2131 971 2202 penalem
997 2147 1048 2206 ap·
1100 2129 1165 2202 jam
1193 2127 1385 2186 semitonium
1407 2129 1453 2185 vel
1476 2133 1581 2186 tonum
1597 2129 1764 2200 cognoscis,
1777 2145 1814 2188 ex
1836 2127 1937 2202 ipsius

216 2234 324 2293 pones,
344 2223 373 2276 et
397 2217 595 2276 difficiliorem
620 2218 739 2289 reddes,
764 2223 792 2276 et
816 2219 898 2292 quod
918 2218 1048 2293 plurima
1104 2217 1298 2274 similitudine
1313 2218 1388 2274 alios
1405 2217 1546 2287 colligam
1563 2219 1678 2276 eaedem
1693 2219 1806 2293 quippe
1819 2233 1937 2274 vocum

216 2305 392 2382 repetitione
406 2307 508 2380 fiebat,
526 2306 679 2364 fastidium
695 2307 821 2364 auteres.
843 2308 901 2366 Sed
915 2323 953 2366 ne
979 2307 1047 2382 quis
1103 2307 1227 2378 syllabae
1236 2307 1475 2364 etecusonanlire
1489 2307 1564 2364 sicut
1575 2307 1685 2378 inrrno,
1697 2307 1776 2365 itain
1790 2307 1938 2363 omnibus

216 2398 338 2456 invidus
356 2401 460 2455 nostra
472 2397 531 2454 hoe
543 2395 707 2454 intentione
721 2401 941 2472 presumptum
952 2401 1046 2473 putet,
1103 2395 1303 2465 inveniuntur,
1315 2396 1346 2453 in
1361 2396 1444 2454 nullo
1457 2397 1673 2472 discrepantes,
1682 2397 1740 2454 nisi
1753 2397 1838 2472 quod
1854 2413 1937 2453 unus

216 2486 468 2562 antiphonarium
481 2485 649 2544 beatissimi
673 2487 805 2557 Gregorii
821 2490 849 2544 et
863 2492 964 2544 noster
976 2487 1049 2544 ami·
1103 2489 1193 2542 tonus
1217 2485 1276 2542 alio
1291 2488 1362 2542 tono
1378 2486 1499 2557 gravior
1519 2487 1565 2543 vcl
1580 2485 1695 2544 acutior
1719 2486 1835 2544 existat.
1851 2485 1938 2543 Unde

217 2593 271 2633 cus
281 2575 469 2650 opponat‚in
482 2589 553 2650 quo,
564 2575 1048 2649 quecumquedtcimus,probare
1103 2579 1137 2632 ut
1151 2573 1210 2632 alia
1224 2590 1259 2631 ex
1276 2574 1341 2631 aliis
1354 2575 1497 2647 colligens
1514 2573 1629 2633 facilius
1643 2576 1705 2633 vim
1719 2576 1938 2633 cohaerentium

216 2663 606 2738 multipliciterpossumus.
619 2663 873 2722 omnimodishoc
888 2663 1049 2722 observan-
1104 2669 1194 2739 atque
1209 2665 1311 2740 aliqua
1339 2665 1531 2723 similitudine
1547 2665 1789 2724 convenientium
1805 2683 1937 2738 cognos-

215 2751 292 2810 dum
303 2756 357 2822 est,
373 2752 466 2810 uthis
488 2751 599 2824 regulis
622 2751 664 2810 ita
681 2756 813 2826 utamur,
830 2758 980 2828 quatenus
995 2770 1046 2811 en·
1105 2771 1168 2821 cas,
1183 2754 1231 2811 bis
1246 2754 1367 2812 duabus
1382 2754 1487 2826 liguris
1497 2759 1584 2813 tonos
1595 2759 1623 2814 et
1637 2755 1812 2814 semitonios
1824 2756 1936 2832 depin-
2044 2767 2045 2782 ¹

215 2841 362 2918 phoniam
376 2841 549 2900 nnllatmus
564 2841 765 2913 offendamus,
779 2833 849 2902 curn
870 2843 962 2916 hujus
977 2842 1048 2901 artis
1105 2843 1214 2914 gimus.

275 3047 1421 3124 TonillilCDllllilFGttSemit.tBClEFlab

275 3148 1074 3224 TonilGAlcdldeligtlSemit.l
1118 3148 1450 3238 tetartitr-

277 3248 1074 3392 claterculum-l
1198 3248 1204 3390 l
1327 3247 1333 3392 l

256 3499 331 3554 crem
345 3495 427 3554 enim
439 3495 516 3554 sieut
527 3496 558 3554 in
574 3512 646 3566 uno,
663 3496 705 3556 ite
716 3497 748 3556 in
760 3498 836 3571 aliis,
851 3497 920 3556 lieet
932 3501 1050 3556 mutata
1064 3498 1084 3555 C
1103 3496 1271 3570 semitonio,
1286 3499 1339 3554 aut
1356 3512 1393 3555 ea
1407 3513 1476 3570 quse
1490 3495 1523 3554 fit
1537 3495 1658 3554 duobus
1682 3495 1771 3562 tonis,
1787 3499 1840 3554 aut
1862 3501 1936 3556 tono
2044 3543 2045 3552 ,

220 3601 293 3645 voce
321 3589 468 3656 cantetur,
483 3587 571 3644 valde
596 3586 650 3646 tibi
664 3587 797 3664 proderit
810 3588 919 3646 tahbus
945 3587 1050 3658 figuris
1102 3591 1131 3644 et
1145 3586 1312 3656 semitonio,
1327 3586 1445 3644 videtur
1458 3587 1630 3661 expansior,
1647 3591 1765 3644 tantum
1789 3585 1937 3661 multipli-

220 3674 355 3734 studium
382 3674 537 3748 adhibere,
552 3680 585 3734 ut
605 3677 631 3734 si
661 3691 767 3734 omnes
791 3681 878 3736 tonos
892 3681 920 3735 el
933 3677 1051 3734 samito
1066 3717 1067 3723 ι
1102 3677 1219 3732 catione
1234 3691 1270 3732 ae
1283 3675 1475 3750 replicatione
1487 3676 1592 3734 rariori
1607 3679 1748 3734 contenta
1758 3681 1813 3734 est.
1830 3677 1939 3750 liujus·

220 3765 287 3822 nios
302 3762 441 3821 semotim
455 3763 569 3824 discere
582 3765 719 3824 laborem
734 3769 833 3838 putas,
849 3765 951 3838 agnita
971 3765 1050 3824 simi-
1101 3763 1187 3822 modi
1201 3763 1281 3822 enirn
1295 3763 1444 3838 syllabam
1459 3765 1569 3840 saepius
1583 3768 1716 3840 repetere
1730 3763 1847 3838 absque
1863 3765 1936 3824 alte-

220 3851 345 3912 litudine
359 3851 442 3910 velut
453 3869 548 3912 unum
558 3854 685 3924 habeas,
696 3861 845 3930 quatenus
856 3855 896 3913 ad
907 3855 1050 3914 cantandi
1101 3853 1164 3912 rius
1189 3853 1414 3930 interpositione
1428 3853 1553 3912 minime
1567 3853 1726 3912 debemus.
1744 3853 1839 3911 Distat
1851 3855 1935 3914 enim

219 3941 359 4018 peritiam
372 3941 463 4000 flante
477 3943 529 4000 Dei
541 3943 652 4018 Spiritu
666 3943 795 4016 graviter
808 3945 971 4018 pertingas.

256 4032 403 4092 Praeterea
415 4047 486 4090 cum
497 4031 601 4106 aliqua
617 4049 676 4092 vox
688 4033 730 4092 ad
742 4034 860 4092 tertiam
875 4050 894 4090 a
907 4050 940 4092 se
948 4033 1051 4107 jungi·

220 4124 279 4192 tur,
294 4121 416 4180 duobus
442 4121 502 4180 hnc
515 4121 615 4180 modis
629 4122 693 4182 lieri
719 4122 908 4198 perhibetur;
921 4123 953 4180 in
974 4123 1051 4196 ejus·

220 4207 306 4266 modi
333 4207 414 4266 enim
442 4209 647 4268 consonantiis
671 4209 791 4282 gravior
816 4215 907 4284 atque
925 4211 1048 4280 acutior,

222 4299 274 4353 aut
287 4299 360 4354 tono
379 4300 408 4354 et
422 4297 590 4366 semitonio,
607 4301 660 4355 aut
673 4297 795 4355 duobus
809 4299 886 4355 tonis
899 4315 918 4356 a
932 4315 963 4356 se
977 4298 1051 4356 inri-

221 4399 288 4442 eem
314 4384 498 4442 dividuntur.
525 4388 559 4443 lit
585 4401 623 4454 ea¹
658 4385 792 4460 quidem,
819 4403 888 4462 quas
924 4391 995 4444 tono
1022 4391 1051 4446 et

221 4471 380 4530 semitonio
391 4471 427 4530 fit
446 4473 624 4532 contractior
638 4477 683 4532 eet
707 4473 765 4532 hoe
788 4475 881 4532 modo
895 4493 902 4532 :
916 4477 1049 4534 ioannes

220 4566 320 4620 nutem
335 4562 558 4620 cumpetisset.
583 4563 655 4630 Qua
669 4578 740 4622 vcro
755 4563 875 4622 duobus
888 4563 966 4621 tonis
980 4581 1049 4638 pro-

1102 3943 1134 4000 in
1148 3941 1323 4016 hujusmodi
1338 3941 1455 4016 syllaba
1469 3959 1529 4000 vox
1544 3941 1583 4000 ab
1599 3942 1693 4000 altera
1718 3941 1839 4002 duobus
1856 3943 1935 4002 tonis

1103 4036 1132 4090 et
1145 4031 1314 4106 semitonio,
1330 4031 1388 4090 hoe
1400 4035 1455 4100 est,
1470 4032 1659 4092 diatessaron
1686 4033 1888 4108 symphonia:
1904 4039 1937 4092 ιιι

1103 4123 1148 4178 est
1161 4119 1337 4193 hujusmodi
1351 4119 1500 4194 depositio
1516 4139 1523 4177 :
1538 4120 1670 4192 Spiritus
1683 4127 1816 4178 emerius.
1838 4121 1875 4180 Ut
1885 4135 1937 4178 au

1104 4212 1165 4266 tem
1181 4207 1276 4268 tribus
1289 4208 1368 4266 tonis
1378 4208 1456 4268 inter
1471 4225 1504 4266 se
1516 4209 1666 4282 differant,
1678 4224 1735 4268 nee
1750 4208 1936 4280 sonoritatis,

1104 4311 1159 4356 uec
1171 4297 1346 4358 auctoritate
1361 4298 1472 4370 regmae
1484 4299 1618 4368 fulcitum
1636 4298 1668 4355 id
1682 4301 1735 4364 est,
1751 4314 1824 4358 eum
1840 4297 1936 4356 tribus

1104 4388 1183 4446 tonis
1195 4392 1224 4445 et
1245 4387 1404 4446 semitonio
1416 4389 1456 4448 ab
1471 4387 1523 4446 illa
1538 4393 1706 4464 separatur.
1720 4391 1796 4446 Nam
1810 4392 1843 4446 ut
1858 4388 1936 4446 duo-
2044 4427 2045 4432 κ

1101 4475 1161 4534 bus
1183 4477 1260 4536 tonis
1275 4481 1304 4534 et
1331 4477 1453 4536 duobus
1468 4477 1632 4536 semitoniis
1647 4477 1678 4534 id
1702 4477 1764 4546 liat,
1780 4477 1936 4536 rarissime

1103 4563 1270 4636 invenitur;
1284 4565 1406 4640 ponitur
1420 4566 1502 4624 enim
1525 4564 1700 4638 hujusmodi
1726 4565 1846 4642 syllaba
1865 4567 1936 4624 sim·
2044 4575 2045 4652 ζ

219 4650 341 4724 tensior,
366 4655 399 4708 ut
422 4649 454 4708 in
482 4651 540 4710 hae
563 4651 730 4728 antiphona
754 4652 854 4728 prima
878 4653 1047 4728 depositio:
1103 4652 1170 4728 pler
1184 4654 1337 4730 duplicata
1360 4659 1462 4712 autem
1488 4671 1567 4726 raro,
1583 4653 1641 4712 hoo
1663 4653 1755 4712 modo
1771 4671 1779 4710 r
1794 4655 1934 4714 Primum

221 4739 357 4816 Quinque
364 4741 543 4814 prudentes.
558 4740 709 4816 Quidquid
731 4745 832 4802 autem
859 4742 996 4818 superius
1011 4741 1049 4800 de
1104 4743 1237 4816 querite.
1255 4742 1299 4800 Fit
1316 4745 1418 4800 autem
1432 4741 1550 4818 syllaba
1568 4746 1597 4801 et
1620 4741 1715 4800 tribus
1730 4741 1868 4810 vocibus,
1882 4742 1935 4802 sed

219 4831 292 4888 tono
323 4833 352 4886 et
377 4830 537 4890 semitonio
560 4829 675 4890 dietum
699 4833 753 4903 est,
779 4831 817 4888 de
844 4831 902 4890 hoe
926 4847 1049 4906 quoque
1061 4861 1084 4916 D
1103 4827 1135 4886 in
1158 4829 1292 4900 singulos
1308 4834 1425 4890 mutum
1450 4837 1550 4890 motus
1564 4830 1756 4898 habentibus,
1773 4835 1838 4888 tum
1864 4848 1936 4890 con·

217 4916 312 4974 modo
327 4915 452 4988 dieitur;
466 4918 622 4993 nisiquod
642 4921 801 4995 prresentis
815 4920 900 4980 modi
924 4919 1049 4994 syllaba
1103 4919 1188 4978 tinua
1213 4922 1277 4976 tum
1305 4918 1480 4994 interrupta.
1505 4923 1538 4978 Et
1561 4921 1704 4978 continua
1726 4919 1852 4994 quidem
1878 4927 1934 4992 est,

218 5020 282 5064 non
293 5004 382 5075 adeo,
399 5009 432 5064 ut
445 5007 625 5082 superiores,
637 5009 830 5086 multiplicari
844 5010 1046 5068 inveniuntur.
1102 5007 1247 5081 quoniam
1260 5007 1333 5081 ipsae
1345 5014 1402 5066 tres
1414 5025 1504 5067 voces
1518 5013 1551 5066 ut
1565 5009 1595 5066 in
1608 5009 1815 5068 monochordo
1826 5011 1933 5086 posita

219 5093 278 5156 Sed
289 5099 440 5172 quantum
453 5095 502 5156 hie
516 5097 627 5156 modus
639 5097 692 5156 illo
711 5103 756 5158 est
779 5099 958 5174 protensior,
984 5103 1048 5158 tan·
1103 5101 1184 5168 sunt,
1199 5097 1241 5156 ita
1254 5098 1286 5156 in
1301 5115 1362 5158 una
1385 5099 1504 5174 syllaba
1516 5095 1680 5174 ponuntur,'
1692 5099 1777 5162 nulla
1786 5099 1820 5158 in
1832 5101 1934 5159 medio

216 5187 283 5246 turn
302 5185 335 5248 in
349 5185 575 5264 replicationem
589 5191 619 5248 et
630 5188 911 5266 multiplicationem
933 5187 1049 5248 eveniet
1102 5190 1294 5247 remanente:
1306 5185 1390 5262 quod
1403 5186 1664 5262 incasylleba,in
1678 5191 1809 5266 quatuor
1823 5189 1865 5246 ad
1880 5193 1934 5247 ter

214 5276 323 5338 rarior.
1102 5275 1174 5334 tiam
1186 5275 1333 5350 iungitur,
1348 5280 1479 5348 notatur,
1495 5277 1520 5337 si
1535 5277 1670 5336 secunda
1691 5293 1761 5352 que
1786 5279 1933 5336 remansit

252 5367 327 5426 Cum
342 5369 443 5426 autem
455 5381 515 5426 vox
542 5365 582 5424 ad
594 5369 737 5442 quartam
750 5383 769 5426 a
780 5383 814 5426 se
843 5365 1045 5440 coniungitur,
1100 5364 1203 5426 media
1214 5369 1396 5424 assumatur.
1413 5366 1496 5424 Unde
1509 5366 1553 5438 fit,
1569 5371 1602 5424 ut
1617 5367 1694 5426 sicut
1706 5367 1737 5424 in
1747 5365 1799 5426 ille
1814 5367 1934 5442 syllaba

215 5457 338 5528 prepter
351 5453 539 5522 diamasaron
561 5455 737 5530 dignitatem
757 5455 899 5514 omnibus
915 5455 1047 5530 superio
1102 5459 1154 5512 aut
1180 5453 1241 5512 duo
1268 5454 1329 5512 toni
1355 5459 1407 5512 aut
1434 5457 1522 5512 tonus
1545 5459 1574 5512 et
1598 5456 1776 5514 semitonius
1794 5455 1934 5516 dllreren-
2044 5517 2045 5520 ,

214 5541 482 5615 rumsyllabarum
495 5543 628 5604 modulis
644 5544 811 5602 decoratur.
835 5544 894 5602 sed
919 5543 1046 5602 mauide
1100 5543 1173 5604 tiam
1196 5543 1337 5616 haerent,
1350 5541 1391 5600 ita
1405 5547 1434 5602 et
1447 5543 1479 5602 in
1501 5545 1559 5604 hae
1585 5561 1707 5620 quoque
1733 5545 1848 5616 eaedem
1862 5546 1931 5604 due

214 5645 251 5687 ca
265 5644 333 5703 quae
343 5634 388 5687 est
398 5631 436 5688 ad
448 5632 576 5702 tertiam,
587 5631 730 5702 dixinms,
744 5632 785 5691 ita
796 5647 920 5708 quoque
934 5630 972 5689 de
986 5631 1045 5690 hac
1100 5632 1215 5708 species
1244 5633 1443 5702 inveniantur,
1471 5637 1531 5692 tres
1549 5633 1631 5696 enim
1656 5635 1807 5694 marnae
1841 5651 1932 5694 voees

214 5716 418 5794 perhibemus.
435 5720 533 5796 Quare
545 5723 696 5796 quantum
709 5733 756 5799 ea,
772 5735 840 5796 ques
853 5720 888 5782 fit
903 5723 975 5782 tono
997 5720 1045 5784 vel
1099 5725 1151 5782 aut
1162 5721 1240 5781 duos
1254 5723 1352 5794 tonos,
1367 5725 1418 5782 aut
1433 5725 1538 5783 buum
1552 5726 1582 5784 et
1593 5723 1786 5784 semiwnium
1807 5723 1931 5784 duobus
