4104 6162
233 127 285 182 scr
754 121 782 180 s.
804 95 933 178 ononis
951 117 1096 174 sensns
1115 118 1366 178 cluniacensis
1386 124 1418 176 u.
1863 133 1900 189 a,

234 253 274 307 lle
287 248 410 306 vestitus
425 251 526 304 antem
540 245 683 319 qualitate
705 244 752 302 vel
770 242 978 301 immutatione
1003 240 1060 314 ipsi
1079 243 1103 298 Α
1116 240 1248 316 loquitur
1261 244 1302 302 ita
1316 244 1514 318 proterantur.
1530 244 1575 301 Ad
1594 260 1649 302 vcs
1660 245 1729 302 mibi
1751 261 1834 306 sermo
1844 267 1899 310 con-

234 336 393 395 soecnlares
404 339 508 392 contra
518 332 895 402 monachosindignantur,
905 329 976 404 quia
986 345 1062 386 sem·
1116 331 1246 388 vertitm.
1263 332 1340 399 Quid
1353 347 1425 404 crgo
1440 332 1565 390 dicetis?
1576 337 1700 406 putasne
1725 335 1867 408 patiemini,
1878 347 1902 398 ut

233 443 288 502 per
297 425 348 481 illa
358 424 500 499 superbia
512 422 715 482 detestabilior
725 428 778 493 est,
791 438 859 496 qnae
869 421 910 478 ibi
925 437 957 478 se
966 425 1063 478 osten·
1115 435 1177 476 non
1193 420 1359 478 secundnm
1374 437 1550 496 personam,
1563 421 1615 479 sed
1628 422 1762 480 veraciter
1775 439 1852 495 agam
1864 444 1902 486 ro

233 516 286 583 dit,
295 513 452 586 ubimajor
460 511 902 583 humilitasregnarsdebuerat.
911 509 1060 580 Eisigitur,
1115 508 1258 565 bissum?
1271 515 1317 566 An
1338 511 1464 568 libenter
1486 510 1636 584 accipietis
1657 511 1737 586 quod
1757 512 1801 570 lex
1821 514 1904 572 Christi

232 602 285 677 qni
308 602 340 658 in
354 601 530 659 humilitatis
544 601 651 658 habitu
663 599 840 672 jactantiam
861 597 969 656 coloris
983 613 1064 670 qua·
1117 598 1294 656 sacerdotali
1308 616 1361 656 ros
1375 599 1495 672 subjicit
1508 600 1669 673 potestati?
1683 600 1762 658 Dedit
1786 603 1855 660 enim
1866 620 1906 662 nc

232 695 314 764 runt,
327 691 399 748 illud
417 690 628 764 propheticum
644 689 783 760 congruit
798 707 804 746 :
818 689 915 744 Frons
929 687 1063 744 metieris
1116 687 1163 744 bis
1182 691 1362 761 potestatem
1385 687 1480 746 madtc
1508 687 1712 762 perfectiorem
1740 689 1907 748 tribunalibus

234 781 400 840 meretricis
413 781 500 852 secta
522 786 565 838 est
580 780 634 837 tibi
647 779 719 851 (Jer.
737 794 779 846 111,
796 778 834 850 3).
852 776 967 843 onibus
979 774 1064 833 nimi·
1117 777 1232 834 vestris.
1261 781 1318 834 aut
1345 777 1486 851 nunquid
1510 779 1626 850 justum
1650 782 1702 848 est,
1729 784 1759 837 ni
1781 785 1907 838 aenean

233 869 408 928 rnmsatius
421 868 571 936 sacratui
585 867 774 925 voluntatem
788 865 838 924 Dei
858 865 955 935 magis
969 879 1064 938 quam
1118 864 1249 923 coelestia
1263 867 1465 941 superentur?
1478 881 1550 940 ergo
1568 866 1712 939 patienter
1733 883 1836 942 queso,
1849 875 1908 926 acci-

236 975 325 1018 snam
341 957 573 1024 tacisntcauliae
588 961 617 1014 ct
631 956 753 1014 ioannis
765 955 952 1013 imitarentur
965 969 1064 1011 exem·
1118 955 1188 1028 pite,
1210 954 1377 1013 libertatem
1406 961 1550 1013 nostram.
1574 955 1651 1014 Scito
1678 961 1714 1024 te,
1735 956 1856 1030 quisquis
1876 973 1908 1024 es,

235 1048 332 1122 plum,
348 1047 449 1121 potins
464 1062 558 1120 φιιιιιι
572 1045 680 1117 divitis,
694 1045 747 1118 qui
757 1059 892 1118 purpura
900 1042 1023 1100 indutus
1037 1044 1066 1098 et
1118 1061 1205 1102 ovem
1219 1045 1316 1116 gregis
1340 1061 1405 1102 esse
1420 1047 1480 1101 mei
1494 1061 1513 1102 a
1528 1044 1643 1103 Christo
1658 1045 1730 1102 mihi
1755 1061 1861 1103 summo
1872 1063 1911 1120 pa·

235 1138 331 1210 bysso
346 1136 491 1194 aChristo
501 1134 699 1204 redarguitur,
709 1139 738 1190 ct
749 1133 871 1190 llarodis
881 1131 933 1205 qui
942 1132 972 1188 in
983 1133 1065 1187 veste
1120 1138 1197 1190 stare
1212 1139 1454 1200 annumeratam,
1470 1140 1499 1191 et
1512 1149 1531 1191 a
1546 1139 1649 1191 sancto
1661 1134 1764 1208 Spiritu
1778 1135 1910 1206 consigna·

236 1224 361 1297 fulgenti
373 1224 412 1281 ab
429 1224 537 1295 angelo
552 1223 659 1295 legitur
673 1237 836 1296 percussus
849 1219 1003 1278 interiisse.
1119 1227 1192 1280 tam.
1218 1222 1296 1281 Scito
1312 1227 1339 1280 te
1358 1222 1434 1280 inter
1453 1238 1539 1280 secra
1554 1222 1660 1280 altaria
1673 1238 1740 1279 cum
1751 1223 1912 1280 veneratione

158 1371 164 1380 ,
273 1319 361 1372 xliiii.
381 1315 543 1373 Occasione
570 1313 649 1370 illius
670 1312 765 1382 verbi,
780 1313 930 1385 quoDeus
944 1310 985 1367 ad
998 1325 1066 1383 pro·
1120 1312 1227 1384 subjici
1250 1312 1392 1369 manibus
1416 1311 1589 1370 sacerdotis.
1606 1312 1683 1370 Scito
1705 1312 1794 1370 beate
1807 1312 1913 1370 trinitati

237 1403 361 1476 phetam
387 1402 515 1475 loquens
540 1401 618 1458 filios
643 1401 717 1457 lrael
743 1397 938 1473 apostatrices
964 1401 1066 1467 gentes
1120 1401 1233 1458 cultum
1248 1401 1401 1476 iidemque
1414 1401 1534 1459 debere.
1547 1401 1691 1459 Nolumus
1704 1401 1913 1476 inequalesqui·

236 1495 332 1559 vocat,
358 1490 548 1547 occasionem
575 1488 774 1560 sumpsimus,
799 1502 860 1558 qua
879 1489 982 1542 contra
1009 1501 1067 1541 nos
1120 1489 1190 1546 dem
1218 1490 1321 1554 videri,
1344 1495 1377 1548 ut
1402 1490 1536 1563 abjectos
1559 1489 1694 1548 videlicet
1717 1490 1874 1561 doceamus,
1893 1495 1914 1547 et

238 1579 377 1646 miseros,
402 1593 464 1634 non
488 1577 655 1632 monachos
678 1579 711 1631 ut
724 1574 800 1632 falso
815 1573 997 1640 nominetur,
1014 1572 1066 1629 sed
1087 1584 1225 1648 grestrae
1239 1579 1379 1653 potentiae
1393 1579 1564 1647 credamus,
1581 1585 1634 1638 aut
1656 1595 1727 1651 erga
1749 1578 1809 1636 illos
1827 1582 1852 1635 at
1867 1593 1914 1636 non

238 1668 406 1725 sarabaitas
422 1669 488 1740 (71),
510 1667 530 1723 il
544 1671 588 1724 est
602 1667 745 1736 renuitas,
760 1665 813 1738 qui
823 1666 933 1737 jugum
947 1663 1066 1735 regula·
1121 1685 1193 1738 erga
1205 1685 1259 1726 vos
1272 1673 1393 1727 utamur
1407 1669 1552 1738 libertate,
1563 1685 1657 1744 quam
1668 1669 1755 1728 nabis
1769 1668 1914 1728 Christusin

238 1757 279 1813 ris
298 1755 464 1828 discipline
487 1755 643 1813 renuimus
658 1754 714 1812 ista
728 1753 905 1811 diceremus.
922 1752 979 1810 Sed
994 1751 1068 1826 quid
1122 1757 1252 1814 Ecclesia
1264 1757 1346 1814 dedit
1363 1755 1518 1831 :alioquin
1529 1757 1586 1814 illis
1600 1758 1700 1832 podas
1715 1756 1862 1826 consulere,
1874 1770 1914 1811 vos

238 1843 290 1902 fiet
315 1861 384 1901 cum
407 1845 472 1916 jam
499 1859 555 1900 nec
580 1843 818 1916 patriarcharum
845 1841 994 1914 exempla,
1012 1857 1068 1898 nec
1122 1863 1192 1903 vcro
1208 1847 1361 1920 descipere
1388 1863 1423 1904 ac
1447 1847 1597 1919 negligere
1617 1847 1794 1904 videremur.
1808 1847 1914 1911 Quorum

167 1969 170 1974 -
238 1934 456 2006 prophetarum
480 1933 633 2004 mysteria,
649 1949 704 1990 nec
727 1931 934 2004 apostolorum
953 1930 1069 2004 spicula
1122 1937 1223 2010 itaque
1237 1938 1384 2007 maiorem
1398 1953 1503 1994 curam
1518 1937 1629 1994 babere
1640 1936 1764 2007 dignum
1773 1934 1830 1992 esti
1843 1937 1914 2002 tanto,

239 2037 295 2080 nac
320 2021 525 2095 quorumlibet
547 2026 721 2078 sanctorum
736 2023 857 2076 Petrum
878 2019 980 2086 verba,
994 2018 1067 2091 quin
1122 2025 1258 2098 inquam,
1279 2025 1438 2096 majorem,
1453 2029 1569 2099 quanto
1593 2025 1634 2083 ad
1661 2025 1817 2082 multorum
1838 2021 1914 2096 perai-

239 2111 329 2168 etinm
349 2125 404 2168 nec
420 2110 514 2168 sancti
537 2109 686 2180 Evangelii
710 2110 840 2166 tonitrua
863 2106 1069 2164 cordisncstri
1123 2115 1198 2172 ciem
1220 2116 1355 2188 pertinet,
1373 2115 1487 2189 siquid
1511 2133 1529 2172 a
1551 2115 1638 2173 vobis
1665 2119 1785 2184 erratur,
1799 2118 1916 2170 etrursus

239 2199 378 2256 duritiem
407 2197 540 2255 emollire
565 2199 686 2254 Valeant
700 2200 714 2254 ἶ)
727 2201 769 2254 lta
797 2197 881 2254 omni
910 2195 1014 2266 religio
1037 2195 1069 2252 in
1123 2205 1287 2261 multorum
1311 2205 1398 2262 saluti
1425 2204 1602 2272 consulitur,
1622 2204 1656 2262 in
1676 2203 1783 2278 quihus
1800 2199 1916 2275 justifiam

239 2291 401 2360 contempti
434 2291 487 2354 est,
526 2287 566 2344 ita
599 2287 708 2360 cuique
744 2285 845 2342 libitus
885 2284 1068 2352 dominatur,
1124 2293 1275 2350 tenueritis
1295 2298 1324 2350 et
1343 2293 1542 2352 clementiam.
1567 2297 1620 2365 iu,
1641 2310 1661 2351 o
1685 2294 1784 2360 bomo,
1798 2290 1853 2364 qni,
1867 2288 1918 2344 licet

241 2381 272 2434 nt
303 2375 378 2434 illuri
410 2377 562 2449 poeticum
596 2375 683 2432 nobis
717 2374 878 2432 convenire
904 2373 1067 2430 videatur:
1124 2382 1189 2440 attis
1208 2381 1349 2456 praelntus
1373 2383 1425 2452 sis,
1446 2382 1571 2458 aequalis
1594 2387 1699 2440 tamen
1712 2387 1814 2440 natura
1832 2377 1875 2438 tibi
1886 2380 1918 2433 est

318 2484 413 2534 enters
425 2491 488 2534 sunt
501 2495 578 2540 eure,
595 2481 662 2532 ltsus
678 2491 716 2532 ess
731 2479 828 2531 oblivio
843 2481 921 2530 sotus.
1124 2489 1194 2529 cum
1212 2471 1289 2542 iilis,
1306 2477 1458 2530 memento
1479 2473 1570 2544 igitur
1590 2478 1740 2547 quantum
1761 2474 1815 2528 lieo
1827 2467 1918 2525 debitor

167 2637 173 2658 ⁸
241 2583 300 2636 lloc
317 2585 417 2636 tamen
433 2577 517 2652 quod
536 2577 683 2652 propheta
704 2577 857 2650 postillud
881 2575 1006 2632 verbnm
1021 2591 1070 2632 sn·
1124 2562 1173 2627 Sis·
1204 2561 1257 2634 qni
1281 2561 1334 2618 *ibi
1357 2575 1447 2636 super
1476 2560 1607 2636 &quales
1636 2561 1739 2620 iiibUii
1761 2561 1917 2634 P⁰i³⁸ii¹ffi

240 2667 342 2742 perins
357 2667 471 2724 dictum
497 2669 575 2722 Dens
600 2665 765 2738 subjunxit,
781 2665 807 2721 si
822 2665 895 2722 loric
920 2668 949 2722 et
961 2663 1069 2722 deinde
1124 2650 1188 2708 NOii
1210 2650 1362 2707 eiiessdffl'e
1376 2649 1451 2724 (inid
1465 2655 1552 2724 P⁰i⁰⁸
1565 2665 1666 2721 agere,
1683 2649 1735 2707 sed
1759 2643 1917 2722 qniddihffi·

240 2755 288 2813 vel
300 2755 357 2830 ipsi
371 2755 505 2826 audiant,
519 2769 704 2829 magnopere
715 2753 905 2828 pensandum
917 2758 961 2811 esi
975 2768 1071 2827 quan-
1125 2739 1219 2812 ipsius
1240 2738 1321 2796 essim
1342 2737 1536 2812 di⁵P⁰Siii⁰¹1⁶
1561 2737 1699 2810 eludium
1718 2741 1822 2812 portas,
1836 2747 1886 2834 {10¹¹
1895 2735 1919 2785 ¹¹¹

242 2849 303 2902 tem
316 2844 378 2901 vim
392 2844 513 2901 habent.
530 2844 559 2900 si
573 2843 647 2900 icrte
666 2843 775 2900 etenim
799 2841 998 2899 dubitativum
1020 2841 1070 2898 ad·
1124 2827 1222 2896 ferias·
1238 2826 1292 2884 Sed
1316 2831 1349 2884 Ui
1372 2829 1587 2896 00fflm1111⁰ii⁵s
1600 2843 1696 2902 (luem
1718 2826 1825 2884 nmen
1836 2817 1919 2920 mlii·

240 2931 379 2989 verhium
392 2937 446 3000 cst,
463 2932 546 3005 quoa
561 2931 591 2988 iu
604 2929 741 2988 vicelicet
753 2931 879 2988 vernum
895 2929 945 2986 ou
958 2929 1070 2986 idcireo
1089 2916 1221 2995 elutum
1231 2915 1370 2973 restituas
1386 2915 1624 2974 commendatori
1638 2917 1763 2985 canen,
1774 2913 1822 2989 qui
1833 2911 1918 2969 ii⁰¹i⁰⁰

242 3020 372 3078 sermoni
397 3035 452 3076 suo
479 3020 634 3088 interserit,
658 3023 691 3077 ut
712 3035 827 3094 pancos
843 3034 909 3075 esse
924 3017 1071 3089 significet
1124 3010 1301 3078 '1³0iessiflissm
1327 3005 1469 3063 diiissiius
1495 3005 1607 3075 ilibuiis
1623 3010 1659 3064 Ui
1672 3020 1748 3081 qu⁰⁵
1770 3005 1866 3060 ffliffl
1881 3000 1919 3053 Εὐ·
1993 3045 1994 3048 “

240 3109 294 3183 qni
309 3109 528 3183 correptionem
541 3110 607 3182 ejus
621 3108 769 3182 recepturi
783 3097 862 3164 suni.
879 3105 936 3166 Sed
956 3111 984 3164 et
995 3122 1071 3180 proe-
1124 3093 1221 3150 Giessiffl
1248 3093 1410 3151 8U0i⁰lii⁸⁵
1434 3097 1557 3167 P1'0P201'
1577 3093 1735 3168 PPOPi'iflffl
1752 3092 1874 3188 mnam
1890 3081 1919 3141 “b

243 3197 391 3254 dicatores
406 3213 478 3254 suos
493 3195 677 3262 consolatur,
694 3199 723 3253 et
737 3196 929 3264 exhortatum
946 3199 977 3252 ut
1000 3209 1070 3251 cum
1124 3184 1320 3257 OPPPeSSiOUe
1341 3197 1512 3256 pauperum
1536 3182 1655 3240 benere
1679 3198 1740 3240 11011
1760 3177 1864 3246 suffieii
1881 3187 1919 3248 Pil

242 3284 435 3341 meminerint
448 3285 532 3358 quod
546 3285 609 3357 ipse
626 3287 703 3340 neus
717 3284 748 3341 in
762 3285 823 3340 suis
834 3283 1025 3341 sermonibus
1039 3297 1071 3340 se
1124 3273 1249 3329 istorum
1262 3271 1490 3346 opitsnsnonem
1516 3271 1715 3331 comminuet·
1736 3270 1804 3329 nnc
1817 3258 1919 3324 pensat

242 3373 498 3430 contemnendum
513 3373 653 3444 insinuet,
669 3378 698 3430 et
712 3377 813 3430 tamen
826 3373 866 3430 ad
884 3377 1071 3446 contempto·
1124 3359 1198 3417 ³0b²
1215 3361 1360 3433 quuid
1381 3361 1460 3419 viiie!
1480 3361 1655 3419 ritin⁰⁶⁰r⁰³
1678 3361 1787 3420 emti?
1810 3355 1863 3420 iiii
1880 3355 1919 3408 Μ

242 3477 291 3518 res
304 3477 376 3518 snos
386 3461 470 3534 loqui
480 3477 542 3518 non
556 3465 662 3530 cessat,
675 3477 736 3518 non
750 3461 968 3529 contristentur,
980 3459 1071 3517 iidem
1125 3450 1294 3522 confringet
1307 3451 1408 3522 dieii&
1423 3451 1550 3508 vallium
1564 3455 1632 3522 imit
1647 3455 1694 3509 ie?
1716 3449 1781 3522 (¹1⁰⁶
1793 3458 1880 3514 mus
1891 3437 1919 3508 ii

233 3549 339 3636 ¹suncti
362 3548 574 3622 predicatores
592 3549 664 3605 dum
690 3552 934 3617 contemnuntur,
949 3547 1002 3605 ssd
1015 3562 1072 3605 nec
1125 3537 1278 3594 subaudi:
1299 3537 1376 3595 sicut
1395 3543 1463 3612 post
1484 3553 1544 3606 me.
1560 3539 1633 3612 quie
1659 3554 1722 3596 non
1741 3525 1920 3629 nominasse

243 3638 368 3695 omnino
390 3654 409 3696 a
433 3637 629 3712 correptionis
653 3637 752 3695 officio
777 3637 928 3695 ullatenus
943 3641 1069 3694 cessent.
1126 3628 1176 3685 Dei
1191 3627 1285 3684 natus
1296 3631 1350 3696 esi,
1367 3633 1397 3685 ui
1410 3631 1517 3701 poiens
1531 3627 1658 3701 quilth
1671 3627 1711 3686 ad
1726 3623 1843 3684 coelestis
1855 3619 1920 3676 disei-

242 3731 317 3786 Nam
333 3732 362 3785 et
376 3728 435 3784 boc
449 3727 532 3801 qnod
543 3725 626 3784 addit
639 3726 687 3784 vel
701 3727 775 3800 ipse,
791 3741 938 3802 magnum
950 3725 1072 3800 pondus
1124 3716 1214 3791 plinae
1228 3720 1404 3790 provectum
1414 3716 1553 3790 potentiae
1566 3733 1629 3774 sum
1640 3717 1759 3774 culmen
1770 3707 1921 3774 humilietet

242 3815 343 3884 babet,
358 3816 461 3890 eisquc
482 3815 625 3872 nimirum
649 3814 787 3887 congruit
807 3814 859 3888 qni
874 3814 1073 3888 praedeaesso-
1125 3809 1270 3875 ueremi,
1286 3819 1540 3879 OPPP0⁸⁵⁰P⁰³<1U0
1552 3805 1715 3864 humilium
1737 3801 1820 3878 qimi
1841 3795 1921 3894 iiiiii

241 3921 290 3962 res
305 3921 376 3963 suos
392 3905 527 3962 recolunt
540 3905 661 3978 punitos
679 3923 685 3973 ;
700 3905 754 3978 qui
770 3909 871 3960 tamen
886 3919 938 3960 eos
963 3901 1072 3960 imitari
1125 3895 1263 3952 wirenet.
1279 3893 1336 3952 Sed
1350 3894 1424 3968 quid
1448 3894 1525 3952 fieti
1548 3897 1623 3952 Nam
1635 3896 1723 3968 juxta
1737 3891 1845 3957 isaiam,
1858 3897 1921 3960 qna

242 4009 303 4052 non
325 3993 477 4060 desinunt,
492 3999 520 4051 et
534 3993 677 4065 evestigio
692 3993 899 4050 tribulationes
925 3993 1001 4050 sicut
1015 3992 1072 4065 ipsi
1126 3984 1207 4041 melo
1222 3983 1334 4041 recedit
1356 3983 1467 4058 praedoe
1480 3987 1572 4058 petet.
1597 3986 1747 4060 Principes
1761 3979 1828 4040 seeii
1843 3977 1921 4034 filim

241 4084 407 4158 patiuntur,
421 4083 469 4141 vel
483 4084 550 4159 ipsi,
567 4083 672 4157 inquit,
688 4082 781 4140 idest
798 4082 852 4156 qni
866 4083 1071 4156 praedecesso·
1127 4073 1255 4144 diligunt
1274 4088 1412 4144 munera,
1436 4073 1551 4147 pupillo
1577 4077 1606 4131 et
1617 4074 1718 4132 nduoe
1732 4087 1791 4130 non
1803 4064 1920 4160 judicant

242 4189 311 4230 rum
326 4189 450 4229 suornm
470 4172 644 4245 exemplum
659 4173 690 4228 in
713 4169 896 4243 adjutorium
910 4169 1071 4244 correptio·
1126 4163 1239 4236 quibus
1252 4179 1306 4237 per
1321 4162 1504 4236 Sapientiam
1518 4163 1627 4222 dieitur
1642 4182 1649 4221 τ
1667 4165 1754 4224 0⁰⁰⁸
1763 4157 1923 4246 evilim

241 4259 289 4316 nis
304 4259 416 4316 habere
439 4265 587 4332 poterant,
603 4259 655 4332 qui
679 4265 708 4315 et
731 4258 843 4328 afflicti,
858 4258 987 4327 obsessi,
1001 4273 1072 4314 con·
1090 4286 1113 4342 D
1128 4253 1208 4310 vebis
1222 4253 1254 4309 iti
1269 4251 1374 4320 iuriis,
1391 4251 1464 4311 dele
1479 4259 1521 4310 etl
1533 4254 1614 4311 veiis
1628 4259 1759 4325 potestne
1782 4250 1871 4312 eDetb
1885 4253 1922 4313 qur

243 4348 328 4416 elusi,
347 4349 450 4406 omnia
465 4365 535 4422 quse
550 4348 581 4404 in
595 4347 653 4404 boc
667 4347 783 4404 mundo
807 4347 1073 4406 babueruntbcna
1127 4341 1325 4413 interrogabit
1347 4357 1438 4412 ορινα
1462 4348 1489 4400 et
1511 4343 1705 4415 cogitationes
1733 4345 1848 4404 vestrae,
1868 4343 1921 4403 quo

242 4435 447 4510 perdiderunt,
463 4437 552 4494 urbes
568 4441 678 4504 erutas,
694 4452 797 4494 eversa
814 4436 1072 4510 castra,dep0pu-
1127 4430 1209 4488 niem
1224 4445 1291 4487 eum
1314 4432 1412 4488 eeeelie
1436 4433 1570 4489 ministri
1583 4432 1672 4504 renni
1693 4421 1923 4497 irremunerati

241 4523 319 4582 letos
342 4539 442 4597 agros,
456 4523 602 4582 sniiossas
625 4523 766 4582 ecelesias
787 4523 888 4582 vident
903 4543 910 4581 ι
924 4529 953 4581 et
970 4531 1072 4582 tamen
1120 4519 1294 4591 judicastis,
1317 4533 1412 4592 neque
1431 4521 1594 4578 secundum
1618 4521 1800 4578 ncwntntem
1820 4511 1922 4570 Mam·

242 4614 365 4672 eosdem
393 4613 630 4688 predecessores
659 4629 730 4671 snos
756 4613 795 4670 ad
823 4613 996 4688 iniquitates
1030 4629 1073 4671 se-
1127 4608 1262 4666 delestis.
1271 4607 1429 4666 Horrenda
1441 4614 1469 4667 et
1479 4611 1537 4666 cito
1547 4609 1705 4681 apparebit
1719 4607 1797 4667 uobis
1809 4597 1922 4677 warum

242 4708 389 4776 qunntur,
413 4719 468 4761 neo
495 4703 535 4761 ab
561 4719 666 4760 eornm
690 4701 817 4761 elatione
841 4707 1007 4772 mutantur,
1020 4707 1074 4760 aut
1121 4697 1273 4768 judicium
1288 4697 1482 4755 durissimum
1497 4699 1529 4756 in
1541 4697 1587 4756 liis
1599 4699 1794 4771 qniproesuat
1805 4687 1922 4762 estser-

242 4792 396 4857 recedunt‚
421 4797 546 4867 propter
574 4807 667 4866 qnam
693 4808 746 4850 eos
780 4792 865 4850 toties
889 4790 979 4864 plecti
1002 4805 1072 4848 con·
1125 4803 1166 4859 vr,
1180 4786 1249 4858 3-6).
1267 4785 1473 4857 Exigncenim
1497 4787 1670 4846 conceditur
1693 4771 1924 4844 misericordiae

243 4886 416 4955 sperarunt.
1125 4873 1299 4930 tortioribus
1313 4873 1415 4930 tortior
1428 4873 1518 4933 instat
1533 4875 1692 4933 cruciatus.

279 4971 368 5026 xxiv.
387 4970 569 5026 Potentiorss
591 4969 715 5043 quidem
740 4975 824 5028 mato
854 4971 971 5028 cantius
1000 4970 1072 5028 allo-
1161 4971 1236 5026 xxv.
1256 4972 1296 5026 Ne
1310 4968 1612 5045 igitur,oprincipes,
1625 4967 1863 5030 comminationes
1875 4958 1922 5015 iste

242 5057 356 5132 qnendi
370 5061 450 5127 sunt,
461 5062 577 5132 quanto
589 5063 619 5116 et
630 5057 774 5116 laxiorem
785 5059 879 5117 vitam
888 5059 998 5117 ducere
1007 5075 1071 5134 per·
1125 5049 1924 5132 vosmaneant,sipotaatasestishumiliaminisubpeten-

242 5147 410 5216 mittuntur,
424 5149 453 5204 et
465 5145 524 5220 ipsi
540 5161 595 5204 sua
610 5147 744 5220 potanda
765 5146 857 5205 veluti
870 5147 1005 5222 quadam
1022 5164 1072 5204 su·
1126 5147 1250 5204 timann
1262 5147 1322 5216 liei3
1334 5152 1514 5206 mementote
1523 5140 1923 5222 qualiavinsvicininspotei·

243 5235 400 5308 perbiendi
412 5235 537 5294 materia
551 5251 588 5293 ne
614 5251 646 5292 se
659 5235 817 5294 humilient
839 5236 1007 5294 incitentur.
1024 5237 1072 5294 liis
1126 5236 1198 5296 tiam
1213 5237 1400 5294 comitentur.
1414 5237 1515 5296 Solent
1532 5239 1613 5296 enim
1635 5241 1769 5314 potantm
1784 5224 1921 5306 superbire.

244 5337 316 5393 ergo
339 5327 434 5384 verba
456 5324 590 5396 Gregorii
616 5325 801 5393 Nazianzeni,
818 5340 886 5399 quer
900 5326 1073 5384 interemta
1125 5323 1164 5382 de
1174 5325 1390 5398 temporalibus
1400 5325 1579 5399 gaudere,ct
1589 5333 1621 5384 nt
1629 5325 1753 5401 sitquod
1761 5313 1923 5381 manumet

280 5429 337 5501 (71)
355 5431 424 5487 Non
447 5433 618 5499 monachae,
632 5432 684 5490 sed
705 5433 886 5500 sarabaitas,
907 5432 939 5487 id
958 5437 1001 5488 est
1026 5447 1072 5488 re·
1126 5432 1263 5489 nedictus
1277 5449 1343 5516 cap.
1359 5440 1369 5489 t
1388 5432 1518 5506 Regula,
1533 5434 1586 5492 ubi
1600 5439 1630 5492 et
1642 5434 1767 5510 quinam
1791 5417 1922 5484 manuue

200 5503 206 5514 ’
243 5499 356 5556 auitos.
372 5502 585 5560 Monacbornm
599 5507 730 5577 quatuor
751 5517 883 5574 genera:
904 5501 1071 5570 coenobitae,
1126 5503 1222 5562 iurent
1236 5503 1372 5578 explieat.

245 5569 446 5640 anachoreta,
455 5573 622 5644 sarabaitas,
634 5573 791 5646 gyrovagi,
801 5572 877 5630 sicut
885 5575 971 5631 notat
983 5573 1011 5630 S.
1024 5575 1074 5631 Be-
