4104 6162
165 131 178 156 ,
280 81 334 138 647
808 73 836 130 S.
857 67 1154 140 docuissentne
1173 70 1423 128 chuniacensis
1442 72 1466 126 il
1590 68 1602 86 ⁰
1893 85 1931 138 ggg

281 217 353 259 mox
375 197 488 258 eisdem
516 197 653 254 hostibus
680 195 874 254 intolerabilis
900 199 988 252 esset.
1020 194 1106 261 Quod
1164 193 1283 267 pietatis
1297 193 1413 270 prendo
1428 193 1600 267 confugere,
1620 194 1886 260 etilliusccmmenta
1895 220 1934 277 par

281 289 372 348 etiam
387 287 448 343 suis
462 285 548 342 valde
562 283 723 342 videbatur
736 285 872 359 ineptum
883 284 915 342 ni
924 282 1109 357 experimen·
1165 281 1269 338 Christi
1282 283 1410 354 gratiam
1423 283 1561 340 refutare.
1578 283 1671 340 llostis
1691 288 1784 342 autem
1793 285 1935 362 hexplehii·

281 381 311 434 to
325 375 514 450 probassent,
525 374 608 448 quod
624 359 779 445 Geraidus,
792 375 990 448 quempietas
1000 372 1109 446 inipso
1164 371 1208 425 ter
1219 369 1351 442 nudus,
1366 386 1436 428 curn
1449 370 1652 444 experimento
1670 371 1821 446 probasset,
1840 378 1935 449 quodie

280 463 438 539 praeliandi
453 463 578 522 meula
589 463 730 521 vincebat
743 463 925 520 invincibilis
935 477 1054 536 semper
1063 477 1108 518 es·
1163 472 1199 514 eo
1225 473 1279 532 per
1302 458 1532 518 delectationem
1551 461 1647 518 carnis
1660 476 1778 533 regnare
1788 464 1935 538 nmuvaset

281 557 335 612 eet.
351 557 426 612 Cum
441 568 513 625 ergo
527 553 663 612 viderent
676 552 760 627 quod
779 567 860 610 novo
882 550 1040 626 preliandi
1058 566 1110 622 gc·
1162 545 1321 616 bellorum.
1348 552 1383 606 ui
1406 565 1500 624 supra
1522 549 1662 620 diximus,
1685 550 1936 626 turbincseiperim-

280 659 351 702 nere
366 643 455 701 miste
466 643 575 716 pietate
593 641 800 716 triumpharet,
827 640 994 698 irrisionem
1015 644 1110 697 verte-
1164 636 1276 710 probos
1303 637 1482 708 concitabat,
1504 641 1537 696 ut
1564 655 1663 696 arcem
1684 640 1791 714 pietatis
1802 642 1936 715 parilosh

279 731 355 790 bant
368 731 399 788 iri
414 731 655 790 admirationem.
671 731 766 788 liliam
778 729 907 787 victoriae
927 728 1033 798 securi,
1047 744 1108 786 scr·
1164 726 1334 799 cordesius
1349 733 1550 802 oppugnaret,
1565 727 1606 786 ad
1619 743 1709 802 quam
1723 744 1772 802 per
1792 730 1898 804 seipsum
1913 733 1937 788 ir
1993 781 1994 804 ,

280 820 395 878 vehant
408 819 522 877 macres
537 818 765 894 quodJ'ubebat.
791 821 854 876 Non
869 819 950 875 enim
973 817 1111 874 auditura
1163 831 1304 890 rumpere
1325 832 1522 891 nequaquam
1545 816 1671 875 valebat.
1695 820 1794 877 Conha
1813 819 1937 878 pusiniam

279 913 326 966 est
337 907 502 982 aliqnando
516 907 600 982 quod
614 906 661 964 vel
675 922 755 976 eum,
771 905 818 962 vel
832 905 942 963 milites
957 906 1034 978 ejus,
1058 905 1111 980 qui
1163 921 1246 972 vero,
1261 908 1295 962 ut
1309 905 1349 962 ad
1363 906 1428 978 ejus
1437 906 1597 979 juveniora
1605 907 1768 974 redeamus,
1781 923 1861 980 quam
1869 909 1937 966 hieu

282 995 341 1054 sub
353 996 433 1054 illius
448 995 590 1052 iidelitate
601 998 822 1069 pugnaverunt,
836 997 958 1051 eventus
978 993 1111 1050 victorie
1165 993 1358 1065 virgunculus
1373 995 1510 1053 eertahm
1524 995 1674 1068 diligebat,
1698 995 1892 1054 versutissimus
1904 997 1939 1054 hc

282 1083 445 1142 refellisset.
462 1083 519 1142 Sed
542 1087 571 1140 ct
590 1084 648 1140 hoc
671 1087 785 1141 certum
803 1085 933 1149 constat,
954 1081 1038 1156 quod
1056 1097 1112 1140 nec
1165 1081 1217 1139 sh‘s
1241 1083 1386 1140 acerrime
1408 1083 1654 1142 succendebatur.
1677 1087 1785 1142 llovrrm
1801 1100 1907 1158 namque
1921 1091 1939 1141 st

281 1173 347 1248 ipse
361 1173 526 1248 quemlihet
540 1188 677 1246 unquam
689 1171 895 1240 vulneraverit,
917 1186 973 1228 uec
986 1186 1112 1245 prorsus
1166 1171 1342 1229 inusitatum
1356 1173 1398 1230 illi
1412 1177 1486 1243 erat,
1505 1173 1590 1248 quod
1603 1174 1709 1248 aliquis
1719 1173 1877 1247 juvenculus
1887 1189 1939 1230 nau-

281 1261 321 1319 ab
331 1261 433 1336 eiquo
444 1261 620 1318 vulneratus
637 1265 690 1318 est.
705 1261 836 1319 Christus
847 1263 1063 1334 nemqueerat,
1080 1261 1114 1314 ut
1166 1257 1297 1330 fragium
1309 1261 1435 1334 pudoris
1451 1265 1532 1319 tutus
1544 1262 1694 1320 evasisset.
1710 1261 1857 1320 Libidinem
1869 1262 1939 1333 igitur,

281 1349 492 1423 scriptumest,
510 1349 542 1406 in
555 1349 646 1406 latere
660 1350 735 1422 ejus,
751 1348 804 1422 qui
828 1349 926 1406 cordis
950 1349 1016 1421 cJus
1040 1363 1113 1404 ocu·
1167 1363 1235 1421 quae
1251 1349 1291 1406 ad
1303 1349 1515 1423 decipiendum
1529 1367 1624 1424 genus
1638 1352 1798 1420 hominum,
1819 1351 1858 1408 vel
1876 1351 1940 1408 mari·

280 1437 343 1496 lum
357 1438 530 1514 inspiciens,
544 1437 719 1510 pervidebat
737 1436 821 1510 qnod
844 1452 899 1510 pro
921 1437 986 1509 ejus
1009 1451 1114 1493 amore
1128 1473 1150 1526 B
1168 1453 1229 1506 ma,
1244 1438 1290 1496 vel
1304 1438 1402 1512 prima
1416 1443 1461 1496 est
1474 1439 1540 1511 ejus
1554 1439 1657 1511 virtus,
1671 1438 1806 1498 instanter
1817 1437 1853 1495 illi
1864 1453 1940 1510 sugge-

280 1529 343 1586 tam
357 1526 522 1584 beneficius
536 1529 610 1598 erat,
625 1530 658 1582 ut
671 1540 734 1582 non
745 1525 846 1583 hostes
861 1525 946 1598 ipsos
959 1524 1047 1582 vellet
1062 1539 1116 1598 ap.
1168 1526 1263 1584 rebat.
1277 1529 1375 1594 Quam
1388 1543 1458 1584 cum
1472 1527 1520 1586 ille
1531 1529 1651 1604 penitus
1662 1529 1803 1599 refutaret,
1823 1527 1940 1600 bruneis

281 1621 391 1689 petere,
411 1614 466 1673 sed
477 1614 574 1672 solam
587 1614 619 1671 in
632 1615 675 1672 eis
687 1614 846 1672 audaciam
857 1614 1038 1671 dementare.
1055 1617 1112 1670 Ne·
1169 1619 1217 1671 tur
1229 1615 1342 1684 hostis3
1357 1616 1440 1690 quod
1453 1632 1509 1674 nce
1520 1616 1561 1675 ad
1573 1617 1652 1676 iores
1665 1617 1783 1691 quidem
1795 1615 1877 1673 cordis
1888 1615 1939 1671 illius

191 1777 197 1784 -
281 1718 333 1760 mo
345 1717 417 1759 sane
432 1705 600 1770 moveatur,
613 1700 697 1775 quod
710 1703 802 1758 homo
812 1701 912 1773 J'ustus
926 1717 1018 1758 usum
1032 1717 1112 1774 prae·
1167 1702 1246 1760 hanc
1256 1703 1450 1762 intromittere
1462 1694 1573 1778 posset.
1592 1707 1781 1762 Vetcmosam
1802 1703 1837 1761 ob
1854 1703 1899 1758 hcc
1913 1717 1940 1757 rc

281 1790 386 1861 bandi,
400 1790 454 1864 qui
465 1791 651 1862 incongruus
665 1789 936 1863 religionividetur,
947 1789 1113 1864 aliquando
1166 1791 1240 1865 petit
1262 1791 1410 1861 fraudem,
1440 1797 1469 1850 el
1490 1793 1531 1850 ad
1549 1794 1777 1852 instrumentum
1793 1790 1939 1865 deceptionis,

281 1878 430 1935 habuerit.
446 1878 586 1951 Quisquis
600 1877 648 1934 iile
662 1881 716 1948 est,
737 1878 761 1934 si
781 1879 863 1950 justa
886 1879 972 1936 lance
986 1893 1111 1935 causam
1165 1895 1228 1955 quo
1242 1879 1288 1936 vel
1300 1881 1408 1948 Adam,
1421 1881 1468 1939 vel
1482 1882 1596 1956 posteri
1611 1883 1677 1956 ejus
1693 1882 1815 1940 mamma
1825 1879 1940 1953 decipiso

153 1975 160 1992 ·
281 1965 461 2037 discreverit,
477 1965 559 2022 nein
572 1966 630 2022 hac
648 1964 772 2039 quidem
796 1969 883 2039 parte
904 1965 1031 2036 gloriam
1056 1967 1112 2022 Ge·
1164 1968 1236 2038 lent,
1250 1971 1290 2028 ad
1304 1970 1462 2029 mulierem
1476 1971 1555 2038 dico,
1570 1972 1704 2030 recurrit.
1728 1968 1939 2040 Ouamdamcnin

281 2052 358 2112 raldi
382 2052 524 2127 probabit
551 2051 783 2110 obfuscandam.
811 2052 951 2134 Nonnulli
976 2068 1110 2127 namque
1162 2057 1358 2128 juvenculam
1386 2059 1452 2131 ejus
1479 2059 1582 2124 oculis,
1609 2064 1643 2118 ut
1663 2060 1762 2128 ierim,
1782 2058 1892 2130 ingessit
1907 2056 1941 2121 oui

281 2144 401 2198 Petrum
416 2157 486 2198 cum
498 2146 528 2198 et
542 2141 723 2198 sanctissimi
738 2145 766 2198 et
780 2142 988 2215 patientissimi
1002 2141 1113 2199 fuerint
1164 2145 1282 2202 dumio
1296 2147 1474 2205 eacolorem
1488 2148 1623 2206 nitidulae
1638 2149 1712 2207 cutis
1733 2149 1857 2206 incautus
1874 2149 1939 2202 atter

278 2229 399 2302 justitia
414 2233 516 2288 tamen
531 2245 624 2287 causa
637 2229 773 2300 exigente
784 2229 904 2287 viriliter
918 2231 950 2287 in
965 2230 1108 2287 adversa·
1164 2234 1234 2292 dere
1247 2251 1318 2306 mox
1332 2237 1363 2293 in
1378 2237 1573 2295 delectatione
1596 2239 1676 2297 illius
1697 2237 1854 2296 mollescere
1872 2233 1940 2306 capit

281 2317 332 2376 riis
358 2332 445 2376 arma
463 2317 662 2392 corripiebant
692 2335 698 2374 :
728 2323 762 2374 ut
786 2318 949 2390 Abraham,
974 2318 1028 2392 qui
1055 2333 1110 2392 pro
1165 2325 1227 2382 osi
1241 2326 1377 2398 protinus
1392 2327 1542 2385 intellectu
1556 2328 1758 2404 conspexisset
1766 2325 1833 2402 quid
1845 2323 1889 2380 sub
1899 2327 1941 2379 cua

281 2407 414 2466 eruendo
434 2411 541 2482 nepote
559 2407 710 2479 ingentem
733 2407 867 2464 hostium
889 2406 1112 2464 multitudinem
1163 2412 1293 2471 latebat!
1309 2415 1381 2488 quia
1395 2416 1539 2474 nimirum
1551 2417 1628 2476 nihii
1650 2417 1746 2475 carnis
1761 2413 1941 2490 pulchrumest

282 2497 367 2555 iuriit.
384 2500 417 2554 lit
431 2513 482 2554 rex
506 2496 612 2570 David,
624 2497 677 2570 qui
691 2497 781 2554 ctiam
794 2500 899 2554 contra
911 2495 1007 2553 lilium
1018 2495 1112 2567 legio·
1164 2501 1221 2558 nisi
1236 2501 1323 2560 fucus
1333 2504 1546 2576 pelliahvertii
1559 2506 1609 2564 ille
1621 2506 1733 2576 ocrrlos,
1748 2505 1798 2563 sed
1808 2501 1942 2578 speciesper

281 2603 336 2644 nes
350 2587 465 2645 ciircxit.
483 2586 627 2644 (teraldus
640 2601 703 2644 non
715 2585 813 2644 diana
831 2585 1036 2660 pervadendo,
1058 2586 1112 2644 sed
1163 2589 1245 2664 ipsos
1256 2590 1338 2648 cordi
1351 2592 1499 2666 impressa
1513 2594 1669 2652 remansit.
1692 2599 1789 2668 ltaque
1809 2589 1942 2662 angcbtltt

282 2691 348 2746 sua,
363 2674 438 2751 quin
451 2674 552 2748 potius
565 2689 694 2744 suorum
704 2675 775 2747 jura
789 2675 901 2732 tuendo
920 2674 1109 2746 confligebat.
1163 2677 1349 2749 illiciebatur,
1363 2684 1393 2737 et
1406 2697 1487 2738 caeco
1500 2681 1563 2753 igni
1579 2681 1770 2740 adurebatur.
1793 2676 1901 2738 lendan
1917 2671 1943 2728 vi·

283 2767 347 2822 Nou
360 2764 497 2822 nesciens
508 2763 737 2835 rhinocerotem,
751 2764 850 2837 idest,
873 2763 1038 2837 quemlibet
1058 2779 1111 2838 po·
1164 2773 1229 2824 ctus
1244 2767 1332 2825 mittit
1343 2768 1383 2825 ad
1393 2773 1521 2826 matrem
1535 2770 1656 2843 puellae,
1669 2771 1722 2845 qui
1732 2786 1762 2828 se
1775 2767 1875 2826 nuntiat
1884 2767 1942 2819 noca

282 2847 403 2923 tentem,
419 2852 483 2912 loro
498 2852 666 2926 religatum,
681 2857 714 2910 ut
727 2851 830 2925 glebas
842 2851 976 2921 vallium,
1000 2853 1031 2910 id
1056 2856 1110 2921 est,
1125 2865 1145 2920 c
1163 2861 1331 2914 venturum.
1349 2859 1472 2916 Secutus
1487 2858 1535 2916 ille
1550 2861 1706 2931 nuntium,
1728 2858 1855 2916 violenta
1871 2851 1902 2910 ad
1914 2850 1942 2905 ir·

281 2940 441 3000 humilium
465 2957 659 3016 oppressores
682 2941 859 3012 conhingat.
884 2942 996 3016 Neque,
1014 2946 1048 2998 ut
1070 2941 1112 2998 ait
1164 2945 1282 3004 teritum
1296 2946 1589 3006 animreiestinabat.
1612 2949 1732 3008 interim
1749 2962 1824 3011 vero,
1841 2943 1899 3002 sieut
1913 2952 1945 2992 sc

281 3031 453 3106 spostolus,
464 3032 563 3103 judea
576 3032 639 3089 siae
652 3045 744 3089 causa
759 3031 895 3104 gladium
905 3036 1029 3102 portat3
1045 3032 1110 3088 cin·
1162 3035 1224 3092 lent
1245 3035 1356 3108 captivi
1373 3035 1449 3094 inter
1477 3036 1609 3106 vincula,
1635 3037 1766 3113 pristina
1787 3028 1944 3094 barchae

281 3121 341 3178 dra
355 3123 433 3178 caim
448 3120 504 3177 Det
516 3126 558 3178 est
573 3121 669 3192 (Rom.
683 3135 748 3190 xru,
763 3119 802 3192 4).
827 3118 921 3176 Licuit
932 3119 1022 3190 igitur
1033 3119 1110 3176 laico
1164 3127 1279 3181 mentm
1293 3126 1466 3194 memorari,
1475 3125 1607 3199 suspirat
1620 3119 1944 3193 Geraldus,etccnsuctan

281 3208 397 3266 bomini
410 3208 442 3265 iu
456 3208 562 3265 ordine
573 3212 776 3282 pugnatorum
790 3207 889 3281 posito
899 3208 1034 3280 gladium
1043 3222 1111 3281 por-
1163 3211 1273 3270 diune
1287 3212 1452 3271 dilectionis
1475 3213 1668 3274 dulcedinem
1690 3214 1838 3274 recolebat.
1860 3209 1885 3264 tr
1900 3203 1944 3260 licei

281 3301 355 3368 tare,
383 3300 416 3354 ut
439 3295 554 3354 inerme
577 3295 686 3368 vulgus
708 3296 789 3354 velut
806 3297 971 3354 muccuum
985 3312 1111 3372 perusa
1163 3314 1244 3371 aegro
1271 3299 1389 3372 effectu,
1418 3300 1546 3374 rogabat
1567 3305 1675 3367 licum.
1697 3317 1735 3360 ne
1754 3317 1785 3359 se
1803 3298 1847 3356 ilia
1858 3287 1943 3352 hnuto

281 3385 372 3458 lupis,
387 3388 420 3442 ut
434 3383 578 3458 scriptum
602 3389 656 3455 est,
683 3385 859 3458 vespertinis
881 3385 1058 3444 defensaret.
1077 3389 1111 3444 Et
1162 3389 1282 3463 penitus
1296 3389 1478 3449 absorberet.
1504 3392 1626 3450 Venitur
1648 3393 1688 3451 ed
1711 3390 1873 3453 condictum,
1883 3379 1943 3438 iuuat

281 3489 360 3546 quos
377 3471 578 3530 ecclesiastice
601 3487 729 3530 censura
754 3472 892 3544 subigere
918 3474 1031 3546 nequit,
1058 3475 1111 3530 aut
1161 3477 1326 3552 hospitium
1340 3479 1450 3553 puella,
1465 3480 1538 3554 qrria
1551 3480 1648 3554 frigus
1671 3486 1744 3552 erat,
1767 3477 1837 3538 steht
1855 3475 1880 3532 iu
1895 3465 1943 3527 tara

281 3561 389 3619 bellico
411 3561 489 3634 jure,
519 3565 571 3620 aut
592 3561 623 3618 vi
640 3559 800 3634 judiciaria
819 3565 1031 3635 compesceret.
1045 3565 1110 3620 Non
1158 3565 1382 3638 juxtaloeum:
1404 3567 1565 3626 Geraldum
1587 3585 1662 3628 vcro
1686 3571 1750 3644 jam
1771 3566 1863 3626 duna
1880 3554 1945 3630 grata

280 3651 371 3724 igitur
385 3649 530 3709 obscurat
544 3651 610 3724 ejus
625 3650 764 3723 gloriam,
781 3651 866 3725 quod
885 3667 941 3725 pro
952 3667 1045 3710 causa
1059 3652 1109 3710 ilci
1161 3657 1343 3728 respexerat.
1359 3655 1413 3713 Cui
1430 3659 1493 3714 tarn
1505 3657 1652 3716 deformis
1675 3659 1780 3717 eadem
1800 3650 1886 3730 puella
1898 3655 1945 3703 1⁰⁰¹
1993 3669 1994 3676 ¹

280 3739 437 3815 pugnavit,
449 3755 506 3815 pro
519 3755 582 3814 quo
594 3742 709 3814 pugnat
735 3739 817 3796 orbis
840 3742 988 3797 terrarum
1006 3743 1111 3798 contra
1161 3742 1227 3801 visa
1240 3747 1294 3816 est,
1310 3748 1343 3801 ut
1356 3727 1646 3805 noncr'edereteam
1665 3763 1732 3806 esse
1754 3760 1840 3822 mam
1855 3733 1943 3798 videret

280 3829 465 3899 ἱῡθθῐὶθᾶῐῡῡὶ
493 3827 567 3904 quin
581 3828 682 3902 polius
697 3827 738 3886 ad
751 3827 873 3886 laudam
894 3829 960 3902 ejus
981 3828 1107 3902 proiicit,
1161 3831 1258 3890 donec
1271 3836 1357 3907 paler
1376 3835 1441 3908 ejus
1455 3835 1553 3910 ipsam
1566 3851 1633 3894 esse
1643 3839 1797 3896 assereret.
1817 3835 1849 3892 at
1864 3827 1901 3886 illc
1917 3821 1944 3878 'ffl-

280 3918 571 3994 quodsempersiue
584 3917 747 3977 iraudevel
756 3917 1110 3976 insidiaruminterveutu
1160 3921 1297 3993 telligens
1312 3922 1344 3980 id
1357 3938 1420 3981 non
1435 3923 1500 3982 sine
1513 3923 1617 3983 divino
1636 3931 1716 3986 nutu
1739 3924 1817 4008 fieri,
1832 3913 1899 3993 quod
1914 3922 1944 3964 ἃ·
1993 3935 1994 3938 ’

279 4007 382 4083 palam
405 4007 518 4082 vicerit,
537 4011 565 4066 et
585 4009 686 4065 tamen
699 4006 741 4064 ita
752 4009 904 4080 protectus
929 4021 948 4066 a
973 4009 1034 4065 lteo
1060 4007 1108 4080 sit,
1161 4009 1482 4082 demjuvenculanon
1504 4013 1645 4072 eamdem
1669 4016 1848 4074 venustatem
1861 4005 1888 4066 in
1902 3998 1944 4070 ⁰1⁰⁵

280 4101 314 4154 ut
326 4096 460 4168 gladium
475 4112 574 4168 suum,
591 4097 668 4154 sicut
688 4111 781 4169 supra
794 4096 937 4164 diximus,
950 4111 1108 4170 nunquam
1161 4097 1257 4156 oculis
1270 4098 1404 4171 haberet,
1418 4116 1489 4158 mox
1512 4100 1553 4158 ad
1574 4101 1683 4160 Christi
1702 4094 1910 4161 misericordiam
1924 4095 1944 4136 ⁵⁰

279 4185 416 4242 humano
428 4185 575 4256 sangiune
585 4185 791 4242 cruentaverit.
807 4187 900 4242 Porro
918 4188 1031 4258 autem,
1054 4185 1143 4268 quin
1160 4189 1322 4262 recollegit,
1338 4193 1367 4246 et
1380 4189 1530 4264 profunde
1543 4192 1701 4266 suspirans
1724 4191 1849 4251 concitus
1865 4185 1944 4254 equum

280 4271 418 4346 exemplo
433 4273 499 4344 eius
512 4272 657 4330 adversus
670 4272 809 4328 inimicos
827 4288 913 4332 arma
935 4274 1107 4347 sumpserit,
1161 4278 1307 4349 ascendit,
1323 4281 1352 4336 et
1365 4277 1407 4335 nil
1422 4283 1588 4352 cunctatus,
1603 4282 1716 4352 gratias
1734 4294 1823 4352 agens
1845 4277 1901 4340 ⁰002
1915 4277 1945 4320 fl·

280 4362 346 4434 ejus
361 4376 483 4435 quoque
496 4361 635 4435 exemplo
648 4376 710 4419 non
728 4361 883 4436 propriam
908 4362 1106 4421 commodita·
1160 4365 1236 4439 ptim
1250 4365 1333 4423 abire
1346 4368 1526 4441 properavit.
1542 4368 1658 4426 Nimius
1673 4371 1757 4442 algor
1776 4361 1879 4439 trigoris
1896 4359 1945 4448 tuit

280 4453 351 4522 tem,
364 4451 418 4509 sed
430 4466 624 4509 communem
638 4453 763 4526 qrreerat.
774 4449 881 4509 Videas
890 4467 1023 4525 namque
1032 4466 1108 4510 nou·
1160 4453 1236 4512 lorte
1248 4455 1468 4528 ingruerat,cui
1482 4472 1513 4514 se
1526 4459 1589 4516 tote
1611 4463 1701 4517 nocte
1721 4455 1819 4517 torreri
1837 4439 1945 4538 permisi,

279 4539 444 4616 nullosqui
457 4555 513 4615 pro
529 4538 742 4598 amorelaudis
757 4539 1106 4614 autlucri,sesopericu·
1160 4545 1194 4602 ut
1219 4543 1329 4602 scilicet
1352 4561 1454 4618 parvas
1475 4545 1681 4605 delectationis
1704 4553 1833 4622 teporem
1848 4527 1945 4610 gustatu

279 4628 315 4688 lia
329 4629 475 4688 audenter
494 4628 649 4703 objiciunt,
679 4627 761 4686 mela
784 4627 893 4685 muudi
909 4643 966 4702 pro
989 4629 1106 4688 mundo
1159 4631 1307 4705 asperitas
1318 4632 1447 4706 puniret.
1459 4633 1547 4692 lubet
1560 4638 1662 4693 autem
1685 4635 1818 4710 protinus
1838 4621 1907 4702 patri,
1925 4615 1947 4670 ”¹

279 4715 405 4775 libenter
423 4717 570 4774 sushncnt
593 4733 600 4773 :
624 4715 711 4789 cnjus
731 4713 806 4772 dum
819 4715 1034 4773 amaritudines
1054 4733 1106 4775 oc·
1159 4718 1238 4776 hanc
1252 4721 1361 4794 nuptui
1372 4721 1510 4780 hadcret.
1526 4725 1624 4791 Quam
1636 4728 1666 4782 et
1675 4723 1807 4782 libertate
1815 4703 1946 4776 donatittt

280 4807 404 4862 ommni
430 4805 495 4878 eius
521 4804 643 4878 gaudia,
665 4807 699 4862 ut
718 4803 759 4861 ita
781 4802 918 4874 dixerim,
938 4809 1106 4878 quarentes
1159 4807 1316 4882 quoddam
1329 4791 1945 4884 prediorumjurctsstamentanoeoncusit

279 4891 418 4967 perdunt.
429 4893 486 4950 Sed
500 4893 627 4950 istorum
641 4891 701 4950 alia
711 4907 759 4949 res
779 4895 833 4949 est.
855 4893 937 4966 Opus
959 4907 1029 4950 vero
1053 4895 1105 4952 Ge·
1159 4896 1305 4954 Fortassis
1320 4901 1422 4956 autem
1432 4899 1622 4970 fragilitatem
1637 4917 1726 4958 suam
1740 4897 1889 4972 suspectus,
1901 4881 1946 4952 ‘iffi

278 4979 357 5040 raldi
369 4980 503 5040 lucidum
517 4984 573 5051 est,
587 4980 734 5056 quoniam
748 4979 786 5038 de
801 4979 988 5055 simplicitate
1007 4981 1106 5040 cordis
1159 4984 1318 5042 accelerari
1330 4985 1452 5060 nuptias
1475 4986 1554 5046 iecit.
1581 4991 1768 5064 Quapropter
1787 4979 1945 5046 ammorii!

279 5070 408 5130 metitur.
1158 5087 1262 5146 causa,
1276 5076 1306 5132 et
1317 5073 1386 5132 dote
1399 5074 1542 5135 libertatis
1556 5077 1687 5146 donavit,
1697 5093 1735 5135 ne
1744 5075 1819 5133 illius
1829 5063 1945 5128 mantne

314 5163 359 5220 il.
378 5159 589 5234 lixploraverat
602 5159 744 5234 anhquus
760 5158 902 5236 deceptor
915 5175 1016 5218 mores
1031 5159 1105 5218 adc-
1158 5161 1243 5220 nium
1252 5162 1430 5220 tardaretur.
1442 5167 1549 5222 verum
1560 5167 1593 5224 tu
1605 5166 1712 5224 cedrus
1724 5158 1850 5223 Paradisi
1860 5155 1945 5212 tullii

278 5249 428 5320 lescentis,
442 5253 472 5308 et
484 5249 585 5306 nescio
597 5247 672 5324 quid
685 5247 821 5306 divinum
835 5249 866 5306 in
890 5264 926 5306 eo
950 5263 1105 5306 commen·
1157 5249 1313 5324 quomodo
1335 5250 1378 5308 sic
1401 5252 1506 5323 agitari
1530 5253 1677 5326 potuisti?
1698 5255 1779 5312 Certe
1797 5252 1827 5305 ut
1847 5241 1944 5300 distem

279 5341 367 5408 tatus,
380 5339 412 5396 in
425 5339 570 5396 invidiam
583 5337 807 5404 exardescebat,
832 5341 862 5394 et
885 5337 925 5394 ob
939 5338 971 5394 id
984 5337 1106 5412 quanm
1156 5337 1256 5413 qualis
1269 5355 1306 5397 ex
1320 5339 1414 5413 teipso
1429 5355 1520 5398 esses.
1543 5345 1618 5402 Nam
1638 5347 1667 5401 at
1684 5342 1732 5400 ille
1745 5345 1811 5398 tuus
1822 5333 1944 5414 pauculi·

279 5428 395 5499 poterat
406 5428 604 5486 hunnorum
616 5425 772 5484 fraudibus
786 5424 867 5480 hunc
886 5424 1012 5482 obrucre
1025 5430 1104 5482 sata·
1157 5427 1363 5501 epostolorum
1376 5427 1513 5487 videlicet
1526 5429 1675 5505 princeps,
1691 5429 1740 5488 cui
1754 5430 1851 5502 postea
1870 5418 1893 5472 ti
1911 5407 1944 5464 ἴθ’·

279 5512 378 5586 gebat.
395 5515 453 5574 Sed
467 5515 515 5574 ille
525 5517 592 5588 jam
605 5515 749 5574 didicerat
768 5512 809 5572 ad
830 5512 980 5586 gremium
994 5512 1104 5574 divine
1156 5525 1258 5590 psum,
1266 5520 1295 5575 et
1303 5516 1406 5575 emnia
1415 5521 1468 5578 tua
1481 5519 1666 5590 commisisti,
1677 5533 1739 5577 non
1749 5532 1779 5575 se
1789 5511 1854 5572 satis
1863 5507 1945 5572 cogar
