4160 6162
134 107 187 162 ros
393 76 396 81 ’
545 101 692 158 serrone
711 95 896 156 ιιοιιιιιιιιι
916 93 944 148 ι.
961 89 1067 183 ιιιιι.
1089 93 1123 148 ιιι
1143 91 1217 150 rou.
1239 121 1273 134 --
1294 91 1360 149 crs.
1383 97 1427 150 ιιι.
1571 79 1575 88 ’
1793 97 1846 156 ιιι

134 231 238 283 nostre
251 239 320 300 quoe
331 227 465 297 tempore
478 221 627 294 incipitur,
641 224 670 277 ct
684 223 818 292 tempore
844 216 955 272 linitur.
980 221 1002 276 Α
1019 213 1204 284 coagulatur,
1232 213 1304 287 quia
1329 214 1360 270 in
1386 216 1603 290 consdpetione
1624 215 1846 291 pinguescentis

135 318 195 372 ileo
207 313 321 388 quippe
335 329 390 371 nec
405 313 553 369 bansacta
565 312 756 383 praetereunt,
781 321 837 364 nec
860 305 960 362 adbuc
1016 299 1205 373 cogitationis
1221 303 1403 374 astringitur,
1418 308 1450 362 ut
1476 320 1674 380 nequaquem
1698 307 1765 380 jum
1791 319 1845 383 per

134 405 263 460 ventura
277 402 362 476 qussi
378 417 445 475 qure
460 415 521 457 non
537 402 712 472 appareant,
740 396 858 452 desunt,
886 392 962 460 orris
1016 389 1166 448 desideria
1179 391 1301 458 delluat,
1317 389 1415 448 sedin
1426 405 1488 448 uno
1502 408 1605 452 emere
1632 409 1665 452 se
1691 395 1845 469 colligens,

133 491 227 564 isqui
242 505 361 563 semper
374 503 440 546 esse
456 489 557 555 babet,
574 491 683 542 cuncta
712 485 768 541 sibi
800 481 962 556 praesentia
1017 480 1057 537 ad
1072 480 1201 538 solidam
1215 480 1460 538 reformationem
1471 487 1584 552 surget.
1599 483 1676 541 Pelle
1690 485 1805 560 quippe
1816 487 1847 544 et

135 579 290 654 conspicit,
304 593 372 634 cum
383 576 557 650 aspiciendo
573 581 641 649 post
654 579 761 630 etanta
773 587 835 629 non
866 569 961 628 tendi-
1017 569 1287 627 carnibusinterior
1302 571 1394 628 bomo
1414 570 1545 640 vmtitur,
1562 571 1635 644 quia
1657 589 1728 634 eum
1742 575 1783 632 erl
1799 591 1847 633 su·

135 674 194 725 tur.
223 667 360 740 sequitur
388 683 394 721 :
424 666 549 722 comsit
579 679 662 720 nuno
678 665 730 736 qui
753 663 791 719 rte
804 675 897 718 mena
911 664 964 716 ree
1017 673 1111 732 perna
1125 659 1255 730 erigitur,
1271 657 1438 716 carnalium
1451 663 1589 716 motuum
1603 659 1761 720 obsidione
1785 664 1847 722 vel·

134 759 227 829 possit
241 757 361 814 mucre?
371 787 407 796 -
423 760 462 811 sc
473 755 497 812 si
512 757 613 830 aperte
628 752 709 809 dicat
733 769 739 808 ι
766 747 907 818 Quidtibi
921 761 964 803 re·
1017 747 1106 806 latur.
1122 747 1268 806 Carnibus
1283 753 1311 804 et
1324 745 1400 814 palte
1415 747 1570 816 vestimur,
1591 747 1645 804 sed
1671 751 1791 808 ossibus
1818 758 1848 810 et

134 847 200 912 stat,
217 844 276 900 nisi
291 857 424 916 parcere,
441 843 488 914 cuj
494 859 528 898 us
541 841 641 900 virtuti
653 840 754 896 nrrllus
766 839 846 896 valet
861 835 965 894 obvia·
1016 837 1117 894 nervis
1128 835 1360 910 compingimur,
1376 838 1448 910 quia
1462 832 1516 895 etsi
1528 837 1599 894 ioris
1611 837 1741 894 bruenio
1753 842 1846 898 tenta·

134 936 188 991 ret
215 936 280 1002 Quo
301 933 382 989 enim
412 949 502 989 nemo
531 937 584 997 est,
603 931 655 1004 qni
670 929 964 987 animadversionem
1018 926 1097 982 tione
1114 925 1313 994 concutimur,
1328 925 1409 982 intus
1422 931 1521 984 temen
1533 941 1590 984 nos
1599 925 1766 984 conditoris
1780 943 1846 986 ms·

134 1031 218 1082 tuem
232 1037 268 1080 ex
282 1023 387 1080 merito
400 1037 462 1078 sure
477 1021 591 1078 virtutis
603 1019 739 1080 retineat,
755 1035 795 1074 eo
811 1021 867 1076 ate
896 1016 966 1073 laci·
1019 1029 1076 1070 nus
1088 1014 1211 1071 roborat
1225 1019 1330 1071 contra
1344 1015 1536 1072 tentamenta.
1554 1015 1709 1090 Sequitur:

133 1112 191 1170 lius
205 1117 256 1170 tua
271 1106 366 1185 pietas
380 1111 480 1181 exigit,
495 1113 528 1166 ut
542 1123 659 1182 parcas.
678 1109 816 1182 Sequitur
831 1125 838 1162 :
1056 1107 1137 1161 Vens.
1156 1109 1199 1160 tt.
1219 1105 1316 1162 Vitem
1329 1110 1356 1162 et
1370 1105 1605 1163 misecordiam
1620 1104 1845 1164 tribur'stimiti.

170 1203 256 1258 vens.
273 1204 298 1257 8.
313 1201 490 1257 nonestus·
498 1201 688 1270 seccmntmc
697 1207 724 1254 et
736 1199 965 1268 plasmaverunt
1019 1225 1053 1234 -
1066 1193 1213 1263 Angustia
1228 1193 1341 1267 quippe
1357 1193 1407 1250 tlei
1421 1193 1488 1250 laus
1503 1197 1581 1250 esset
1594 1193 1747 1252 dismetae
1756 1195 1846 1254 mesti

132 1309 180 1349 me
190 1295 283 1349 totum
294 1291 325 1346 in
341 1290 480 1350 circuitu,
497 1293 525 1345 et
535 1289 578 1344 sir
590 1287 892 1357 repenteprsrripitos
901 1285 965 1340 me?
1019 1282 1162 1354 eorporis,
1179 1281 1235 1338 nisi
1249 1281 1339 1338 etiam
1354 1287 1514 1355 sequenter
1536 1281 1751 1354 exprimeretur
1772 1283 1848 1342 mbu

134 1413 168 1421 -
183 1381 225 1434 Ac
239 1378 262 1434 si
278 1376 428 1434 humiliter
443 1376 531 1433 dicat.
549 1377 624 1442 Quia
639 1374 696 1430 sub
719 1375 801 1445 justo
826 1372 965 1430 examine
1020 1370 1163 1444 aspiratio
1177 1369 1395 1428 vivificationis.
1412 1373 1588 1429 mersuras.
1603 1372 1667 1430 Vita
1681 1371 1794 1446 quippe
1801 1371 1849 1430 tri-

134 1469 261 1540 dignum
276 1481 337 1524 non
353 1469 399 1522 est
411 1469 469 1522 turs
482 1464 643 1539 placationi
663 1464 745 1536 quod
774 1463 839 1533 leci,
867 1475 966 1534 pensa
1019 1460 1129 1530 buitur,
1140 1473 1211 1516 cum
1223 1459 1364 1530 malignis
1378 1460 1530 1517 mentibus
1541 1461 1712 1532 benignitas
1734 1462 1849 1536 aspira·

134 1555 365 1614 misericorditer
375 1558 531 1628 caperest,
545 1553 629 1626 quod
638 1551 740 1608 iecisti.
749 1551 864 1618 Quibus
874 1549 964 1606 etiam
983 1567 1006 1624 p
1020 1554 1077 1607 tur.
1094 1549 1151 1606 Sed
1163 1549 1222 1605 vite
1236 1549 1301 1606 sine
1315 1547 1521 1606 misericordie
1530 1547 1626 1622 accipi
1653 1563 1850 1624 naquaquam

133 1645 233 1703 verbis
247 1657 424 1718 perversum
439 1642 590 1700 llanicbaei
604 1641 717 1712 dogma
728 1639 901 1710 destruimr‚
912 1638 964 1712 qui
1018 1637 1107 1705 valet,
1122 1635 1245 1712 qulaed
1258 1635 1424 1694 obtinenda
1449 1636 1568 1709 justiti·
1594 1635 1676 1694 boas
1702 1637 1850 1696 Dominus

134 1735 197 1791 duo
210 1733 358 1808 principie
371 1748 438 1788 esse
452 1731 638 1798 mentiens,a
653 1734 713 1786 ileo
724 1729 873 1802 spiritum,
885 1745 903 1786 a
915 1729 965 1786 Sa·
1018 1739 1079 1784 non
1092 1727 1225 1798 adjurat,
1241 1725 1265 1782 sl
1278 1724 1361 1799 prius
1376 1724 1607 1782 misericorditer
1624 1729 1693 1782 ante
1699 1729 1783 1784 setes
1798 1742 1850 1784 ne-

134 1827 290 1882 tenerare
302 1837 427 1878 carnem
441 1819 595 1877 conditam
609 1833 743 1876 asserere
763 1821 889 1874 conatur
903 1816 966 1890 pta-
1018 1815 1128 1890 quitias
1141 1829 1204 1872 non
1217 1816 1341 1874 relaxat.
1354 1813 1404 1872 Vel
1418 1819 1495 1872 earte
1510 1814 1603 1872 ritum
1626 1819 1656 1872 et
1684 1814 1851 1873 misericor⁴

135 1917 268 1970 smetum
283 1925 355 1968 rero
364 1925 396 1966 se
411 1913 534 1982 propter
548 1907 711 1976 imaginem
725 1906 833 1975 retulit,
853 1907 967 1962 lactum
1019 1905 1101 1962 diam
1115 1905 1203 1962 nobis
1217 1903 1328 1968 tribuit,
1344 1905 1417 1978 quie
1429 1919 1498 1962 eam
1512 1921 1575 1978 que
1599 1919 1656 1962 nos
1684 1904 1851 1964 misericor

133 2017 207 2058 vero
222 2015 256 2056 se
271 2003 367 2055 totum
378 1997 410 2052 in
420 1996 555 2058 circuitu,
573 1996 605 2050 in
630 2009 666 2050 eo
690 1994 774 2067 quod
803 2009 840 2049 ex
868 1993 967 2050 carnis
1020 1993 1071 2050 dia
1085 1993 1124 2049 ab
1134 1991 1381 2050 benevivendum
1393 1993 1548 2067 provenit,
1560 1993 1650 2051 etiem
1663 1993 1851 2068 subsequen·

136 2093 255 2146 constat
265 2087 442 2144 indumento
451 2083 638 2142 memorarit.
651 2083 821 2140 Notandum
831 2097 903 2138 vero
913 2085 966 2150 est,
1023 2087 1066 2140 ter
1080 2082 1218 2138 custodit.
1243 2081 1303 2138 Nisi
1331 2081 1412 2138 enlm
1434 2081 1670 2140 misericordiam
1697 2083 1851 2155 subroget,

134 2178 209 2251 quia
223 2191 277 2250 per
291 2176 349 2232 hcc
362 2175 545 2248 plasmatum
560 2173 607 2229 Dei
625 2172 767 2228 manibus
781 2171 895 2242 asserit,
912 2171 967 2228 mi·
1023 2170 1136 2228 servari
1149 2183 1212 2226 non
1225 2169 1304 2226 valet
1318 2169 1377 2227 vite
1388 2185 1481 2243 quam
1496 2171 1619 2244 probet.
1634 2171 1774 2246 Sequitur
1790 2189 1796 2228 :
1812 2173 1852 2229 lit

136 2263 307 2322 sericordice
321 2265 434 2320 iudicis
450 2263 625 2334 dignitatem
639 2277 700 2318 suae
710 2259 889 2318 conditionis
899 2275 968 2333 sup
1021 2257 1152 2316 visitatio
1168 2264 1220 2316 teo
1230 2260 1390 2316 custodiuit
1404 2261 1544 2330 spiritron
1558 2275 1666 2316 meum.
1693 2289 1727 2300 -
1752 2263 1852 2317 inees-

111 2423 116 2432 .
135 2353 230 2430 ponit.
246 2357 287 2410 sc
299 2353 323 2409 si
339 2356 440 2426 aperte
455 2352 534 2408 dicut
550 2367 555 2406 :
569 2354 626 2408 Gur
639 2355 721 2408 tanta
733 2349 843 2406 vilitate
870 2348 968 2422 despi·
1021 2347 1178 2404 smnanlm
1188 2348 1276 2405 nobis
1293 2347 1434 2406 Conditor
1448 2348 1530 2406 bona
1537 2348 1651 2419 tribuit,
1668 2348 1693 2405 si
1703 2363 1766 2405 non
1789 2363 1853 2405 om·

135 2443 190 2508 cis,
206 2457 296 2516 quem
310 2445 394 2498 tauta
408 2439 552 2510 dignitate
565 2437 724 2496 condidisti
738 2440 752 2494 ‘i
769 2441 801 2494 tit
815 2451 906 2512 quem
921 2453 967 2494 ra·
1019 2449 1057 2493 ne
1071 2433 1155 2510 qued
1166 2437 1309 2508 tribuerit,
1323 2438 1387 2512 ipse
1396 2437 1576 2495 custodierit.
1591 2441 1766 2496 domurn.
1791 2437 1852 2494 liu·

136 2533 216 2589 done
229 2529 344 2588 caeteris
358 2529 449 2586 rubus
462 2527 596 2602 praeiere,
610 2543 663 2586 cur
678 2543 715 2584 ex
729 2527 833 2584 dolore
856 2542 967 2600 suppo·
1019 2539 1145 2583 manum
1160 2525 1273 2602 quippe
1289 2527 1427 2601 spiritum
1439 2543 1571 2600 superna
1594 2527 1726 2585 visitatio
1752 2530 1853 2585 custo·

136 2621 210 2677 nisi
224 2619 381 2692 Sequitur:
1020 2615 1072 2684 dit,
1097 2629 1167 2672 cum
1194 2616 1275 2672 bunc
1297 2615 1456 2673 virtutibus
1492 2615 1631 2686 dilutum,
1661 2616 1707 2674 vel
1733 2616 1853 2689 tlagello

171 2709 257 2765 vass.
286 2710 313 2764 s.
336 2707 493 2774 florento,
522 2719 631 2777 quase,
664 2705 745 2778 qued
769 2705 845 2761 sicat
869 2705 966 2761 tutem
1020 2708 1185 2776 percutere,
1201 2703 1248 2760 rel
1262 2719 1467 2778 compungere
1482 2719 1586 2762 amore
1599 2721 1662 2762 non
1675 2705 1793 2764 desinit
1807 2707 1854 2763 Se·

134 2797 244 2868 fremis
254 2811 309 2853 me.
340 2825 374 2836 -
402 2799 444 2852 Ac
457 2794 482 2850 si
500 2798 601 2867 aparte
617 2793 697 2850 ‹iicnt
726 2810 732 2848 ε
763 2791 968 2848 infirmitatem
1021 2792 1143 2866 quitur:

136 2887 246 2954 carnis,
262 2889 416 2942 streniam
431 2883 595 2956 iniquitatis
609 2883 688 2938 lara.
707 2882 788 2937 Sicut
802 2881 898 2938 lutum
911 2881 967 2938 ita·
986 2919 1007 2975 0
1057 2883 1143 2936 vass.
1160 2884 1203 2936 t3.
1229 2881 1311 2937 Licet
1325 2881 1387 2938 bac
1401 2881 1477 2938 retes
1500 2885 1533 2938 ire
1558 2881 1647 2938 corde
1666 2887 1728 2948 teo,
1753 2887 1853 2940 tomen

136 2993 197 3049 quc
209 2976 301 3031 bomo
316 2977 362 3029 est
374 2972 522 3038 conditus,
551 2971 588 3028 de
616 2971 689 3027 lime
717 2975 866 3043 sumptus,
896 2971 969 3044 quia
1021 2970 1081 3025 seio
1095 2969 1167 3039 quie
1182 2969 1391 3024 rotomorum
1405 2969 1584 3026 menineris.
1598 3001 1633 3010 —
1647 2969 1726 3026 ttcsi
1753 2973 1855 3042 aperte

136 3062 227 3136 quasi
242 3075 323 3134 aque
335 3059 467 3116 infundit
480 3059 647 3132 pulverem,
668 3071 738 3114 oum
764 3057 867 3114 anima
893 3057 970 3128 rigat
1022 3057 1103 3113 dicct
1117 3071 1123 3111 ι
1139 3056 1198 3112 Gur
1214 3055 1252 3112 de
1263 3071 1310 3112 rna
1325 3055 1452 3130 trepido,
1465 3055 1518 3128 qui
1532 3060 1562 3113 et
1575 3057 1730 3116 universas
1750 3060 1855 3128 gentes

137 3165 271 3208 carnem.
288 3152 395 3206 tutum
409 3149 522 3222 quippe
546 3148 588 3214 iit,
625 3163 695 3204 cum
719 3161 752 3203 sc
778 3159 859 3219 equa
885 3151 969 3202 terrm
1022 3145 1155 3216 eolliges,
1169 3145 1239 3202 seio.
1257 3145 1344 3213 Quod
1359 3149 1460 3202 umen
1486 3145 1517 3202 in
1545 3145 1637 3204 corde
1666 3146 1759 3216 celes,
1784 3146 1857 3220 quis

137 3237 318 3312 conspergit.
336 3237 404 3294 ilaec
420 3241 520 3294 sutem
535 3251 604 3309 que
618 3236 656 3292 de
685 3234 820 3292 exteriori
846 3235 969 3292 bomine
1022 3235 1081 3291 boc
1093 3235 1308 3308 edhucaperto
1322 3249 1533 3294 sermonenon
1552 3235 1679 3294 indices.
1705 3235 1772 3295 sed,
1783 3235 1857 3310 quis

137 3328 257 3392 dicitur,
268 3327 357 3384 etiem
371 3325 503 3382 interiori
516 3329 614 3398 potest
620 3337 796 3392 congruere.
824 3323 906 3380 Sicut
926 3323 970 3380 lu·
1023 3325 1231 3382 universorum
1241 3324 1452 3394 reminisceris,
1467 3341 1516 3382 me
1530 3317 1638 3399 procul
1653 3325 1746 3383 dubie
1758 3326 1796 3384 de
1808 3341 1857 3384 ve·

136 3422 204 3474 tum
216 3415 327 3489 quippe
339 3415 432 3472 borno
446 3413 696 3481 interimeretur,
710 3412 784 3486 quia
797 3427 868 3470 curn
882 3411 969 3486 spiri-
1023 3414 1074 3471 nis
1089 3419 1203 3472 sermm
1217 3413 1301 3472 iada.
1319 3415 1458 3488 Sequitur
1474 3431 1481 3470 ι

136 3507 187 3560 tus
202 3501 302 3574 gratiss
313 3507 436 3560 mrrenae
447 3501 540 3559 menti
552 3499 730 3572 infunditur,
758 3505 790 3558 nt
818 3499 857 3558 ad
887 3501 970 3558 intel·
1059 3505 1144 3560 vans.
1163 3503 1204 3560 ts.
1220 3505 1395 3575 Sipeeeaui,
1409 3509 1437 3562 et
1448 3503 1489 3562 ud
1503 3506 1611 3564 iterem
1622 3505 1788 3578 pepercisti
1803 3505 1858 3563 mi-

137 3592 250 3649 lectum
266 3592 312 3648 sui
326 3592 493 3650 conditoris
507 3589 646 3662 erigatur.
671 3593 810 3648 liumana
836 3603 970 3664 namque
1025 3593 1066 3662 iti,
1080 3607 1136 3650 cur
1148 3593 1186 3650 ab
1198 3593 1359 3666 iniquitute
1371 3604 1439 3652 mee
1452 3595 1599 3652 mundam
1611 3609 1794 3653 monstenem
1801 3609 1857 3666 pe·

138 3681 279 3752 cogitatio
293 3695 363 3756 quoe
373 3679 705 3754 peccatisuistsrilitate
729 3678 882 3753 aruit,per
910 3679 971 3736 rim
1025 3681 1095 3738 teris
1110 3681 1125 3737 t
1139 3709 1175 3723 -
1190 3679 1350 3740 lidboram
1361 3682 1506 3740 [ιοιιιίιιιιι
1514 3687 1639 3757 peccem
1654 3683 1763 3758 parcit,
1787 3700 1858 3743 cum

140 3769 240 3830 Sancti
256 3770 382 3844 Spiritus
397 3768 550 3826 viridescit
573 3769 712 3842 Sequibu
728 3783 734 3823 :
751 3769 791 3824 Et
813 3769 844 3824 iu
870 3769 971 3838 putue-
1026 3770 1143 3827 reatum
1157 3769 1254 3844 culpa
1271 3771 1421 3828 concessis
1432 3770 1552 3829 fletibus
1566 3771 1662 3830 diluit,
1676 3772 1735 3830 Sed
1748 3772 1792 3830 ab
1805 3773 1859 3832 inl-

141 3873 203 3918 rsm
218 3859 340 3916 reduces
349 3871 404 3916 me.
413 3885 449 3900 -
458 3859 502 3912 Ac
515 3856 540 3912 si
551 3860 688 3929 patenter
701 3855 832 3928 postulet
846 3855 950 3913 dicens
963 3871 970 3910 ι
1025 3857 1138 3932 quitata
1150 3861 1254 3916 nostra
1268 3859 1402 3916 mundos
1412 3873 1469 3916 nos
1482 3874 1548 3917 esse
1561 3875 1624 3916 non
1638 3862 1761 3933 petitur,
1783 3859 1860 3934 qula

138 3947 304 4014 listeriam,
315 3959 430 4018 queso
445 3943 569 4013 originis
581 3949 609 4002 et
626 3958 749 4016 prauam
763 3945 832 4000 linis
860 3943 971 4016 aspice,
1026 3945 1161 4003 volentes
1176 3945 1298 4017 culpam
1313 3945 1450 4016 iacimus,
1478 3946 1532 4002 sed
1555 3962 1777 4020 nonnunquam
1803 3963 1859 4004 no-

137 4041 170 4096 et
184 4033 283 4108 euripis
295 4033 384 4090 citius
397 4031 578 4089 banseuatis
590 4043 689 4104 perce.
704 4031 883 4089 Messium.
900 4032 973 4088 Cum
1026 4033 1122 4090 lantes
1142 4033 1209 4104 ejus
1231 4033 1410 4088 memoriam
1435 4049 1505 4089 eum
1529 4031 1725 4090 delectatione
1751 4033 1859 4092 tolere-

137 4125 223 4184 enirn
237 4137 293 4198 per·
306 4121 542 4180 msbbneticnem
557 4121 677 4194 spiritus
691 4132 778 4177 mens
807 4119 910 4188 eiecta,
934 4119 974 4177 ad
1029 4137 1109 4178 mus.
1124 4140 1138 4171 c
1154 4123 1409 4195 computruerunt
1423 4126 1452 4179 et
1465 4121 1721 4180 delerioraverunt
1747 4123 1861 4182 deutri

140 4213 363 4288 abqrrmtulum
397 4211 429 4268 in
472 4205 666 4268 tentationem
704 4207 858 4278 deseritur,
886 4209 973 4284 quasi
1029 4227 1080 4269 ces
1091 4209 1284 4281 menstede
1296 4209 1474 4285 insipientia
1485 4212 1783 4286 marathonium,
1793 4215 1832 4287 6).
1844 4237 1859 4266 n

149 4303 191 4362 sb
226 4301 354 4360 humore
380 4299 505 4374 pristino
545 4303 625 4358 terra
650 4299 788 4372 siccatur,
823 4296 856 4356 ut
894 4298 974 4356 infir
993 4269 1069 4357 Dic
1082 4299 1108 4358 sl
1123 4303 1225 4374 aperte
1240 4298 1320 4358 dicet
1347 4300 1406 4360 edi
1421 4301 1543 4374 culpam
1558 4301 1647 4359 venis
1660 4301 1794 4374 abstulit,
1807 4319 1861 4362 om

141 4393 276 4452 mitatem
295 4407 383 4450 suam
400 4390 540 4447 derelicta
558 4389 676 4456 sentim,
695 4395 723 4447 et
741 4389 804 4446 sine
824 4389 973 4448 infusione
1028 4395 1058 4448 et
1070 4403 1089 4448 a
1103 4389 1251 4450 memorie
1262 4405 1325 4448 uon
1340 4389 1491 4463 detergit?
1507 4391 1668 4466 Sequitur:

145 4495 285 4555 superno
301 4479 404 4552 grades
418 4481 568 4552 quantum
591 4479 685 4536 bomo
699 4475 787 4546 aruit,
817 4481 972 4549 agnoscat.
1063 4480 1149 4538 Vsus.
1182 4480 1223 4536 itt.
1247 4479 1288 4536 Et
1310 4481 1337 4536 si
1357 4481 1465 4551 impius
1506 4481 1606 4553 fuero,
1636 4496 1679 4538 ue
1704 4481 1780 4539 mitri
1806 4489 1859 4550 eet,

145 4569 309 4643 Seqrritm:
1028 4575 1056 4627 et
1091 4571 1118 4626 si
1152 4572 1266 4640 justus,
1302 4585 1364 4625 nou
1398 4569 1501 4628 brebe
1538 4575 1639 4640 caput.
1675 4599 1710 4612 -
1748 4569 1862 4642 impius

180 4657 519 4729 versutiarum
533 4657 610 4713 sicrd
638 4657 685 4714 tac
711 4657 842 4713 mulsisti
867 4669 922 4725 rue,
948 4659 975 4712 ei
1029 4675 1073 4716 raa
1099 4657 1201 4729 babet,
1227 4659 1327 4730 justus
1353 4657 1517 4724 miseriam,
1538 4659 1612 4731 quia
1634 4662 1747 4716 eurus
1773 4657 1860 4716 dam·

144 4746 223 4804 sietd
238 4759 356 4804 sessum
375 4759 420 4804 me
447 4745 642 4818 coagulasti?
667 4745 752 4802 Petis
779 4749 806 4801 et
835 4745 976 4802 cornibus
1029 4747 1112 4806 nebo
1140 4747 1306 4820 reprobum
1341 4747 1484 4820 sequitur,
1512 4751 1542 4806 ct
1580 4746 1692 4805 electm
1733 4746 1862 4823 quimus

144 4837 258 4894 vestisti
270 4849 324 4903 me,
332 4836 445 4892 ossibus
457 4841 486 4892 et
498 4835 598 4892 nouis
614 4836 786 4906 compegisti
797 4846 851 4891 me.
867 4865 893 4875 -·
912 4831 977 4890 Pla·
1030 4835 1186 4893 doloribus
1212 4834 1389 4894 bansitoriae
1413 4835 1600 4894 adversitatis
1633 4837 1781 4912 expiatur.
1807 4839 1864 4900 lm·

145 4925 264 4982 amatus
277 4923 391 4998 quippe
406 4925 509 4994 borno,
526 4923 603 4984 sicut
615 4923 714 4980 lutum
728 4921 826 4980 tauma
839 4927 892 4992 est,
908 4935 977 4996 pro-
1032 4925 1100 4998 pius
1125 4929 1217 4998 caput
1235 4925 1325 4994 leret,
1353 4925 1406 4983 sed
1434 4925 1529 4984 elatus
1555 4925 1681 4986 eradere
1706 4945 1762 4998 ve,
1778 4927 1862 5003 quod

143 5015 275 5088 pegetus
290 5017 402 5086 sutem,
417 5017 446 5070 ot
460 5011 536 5070 sicut
557 5012 604 5068 lec
619 5009 769 5084 mulgetur
801 5011 924 5085 semine,
950 5015 978 5068 et
1032 5014 1177 5088 sequitur,
1209 5029 1271 5070 non
1299 5014 1387 5071 valet.
1414 5017 1515 5072 iustus
1542 5015 1653 5074 laboris
1688 5017 1735 5074 eui
1771 5023 1862 5074 certe·

146 5101 225 5160 sicut
247 5115 371 5160 osseum
396 5102 572 5175 coagulatur
599 5102 630 5158 in
658 5113 759 5158 carne.
788 5101 934 5160 Carnibus
950 5103 979 5158 et
1033 5104 1114 5160 mine
1149 5101 1288 5172 sillictus,
1313 5105 1404 5177 eaput
1441 5105 1540 5164 levero
1566 5121 1628 5164 non
1665 5107 1783 5170 sinitur,
1810 5101 1865 5159 sed

144 5191 224 5268 pelle
238 5191 381 5262 induitur,
395 5189 685 5266 ossibusnerrisque
700 5189 840 5248 subditur
855 5193 978 5248 ltcum-
1033 5205 1155 5265 pressus
1181 5205 1200 5248 a
1228 5195 1374 5264 perpetus
1401 5192 1561 5252 afflictione
1587 5195 1741 5252 liberetur.
1771 5193 1812 5244 le
1838 5187 1865 5246 si

145 5297 208 5340 rm.
225 5285 305 5342 llens
319 5283 428 5341 etenim
442 5295 512 5338 oum
526 5281 688 5354 persancti
702 5280 828 5355 Spiritus
851 5279 979 5350 gratiam
1034 5297 1106 5354 ergo
1132 5283 1233 5354 aperte
1260 5279 1396 5355 deplorat
1420 5283 1523 5356 diceps
1563 5301 1569 5340 ι
1609 5287 1666 5338 Αιιι
1696 5275 1865 5338 substratus

148 5372 261 5428 abusu
276 5375 399 5430 vetusta
422 5370 657 5427 conversationis
684 5367 877 5438 absumitur,
905 5369 981 5426 sicut
1035 5369 1311 5441 carnlsdeslderiis,
1328 5373 1475 5446 supplicio
1488 5376 1609 5445 {eterne
1637 5365 1789 5437 subjicior,
1813 5371 1866 5424 aut

147 5459 369 5534 lacmulgctur,
382 5459 455 5534 qnia
468 5457 498 5514 in
513 5457 649 5530 medam
672 5457 872 5516 inchoationis
896 5469 981 5514 nove
1036 5472 1210 5534 repugnans
1222 5458 1472 5518 diadematibus
1486 5456 1863 5530 pcneprresenticructcr.

118 5553 128 5568 '
149 5551 348 5610 teneritudine
362 5551 391 5607 st
406 5545 566 5606 subtilitate
584 5547 738 5604 formatur.
757 5547 836 5606 Siout
858 5561 981 5605 cessum
1038 5547 1200 5621 Sequitur:
