4106 6148
305 109 358 162 ece
765 115 770 126 2
1013 103 1134 160 uuuuu
1153 101 1302 158 amau
1904 121 1939 180 ur

303 219 1936 274 Μ

967 340 1039 380 Aduo
1059 339 1157 381 ocutut
1176 339 1344 382 uccooxtvt.
1643 345 1648 350 ”

642 439 1505 674 MARINQPAPA
1596 452 1669 591 ll

920 787 1105 857 NOTITIA
1149 783 1394 856 HISTORIGA

551 928 652 1001 (Apud
666 928 871 1002 coequalines,
887 929 1008 1002 Butler„
1023 928 1158 1004 privileg.
1175 931 1381 986 Romanorum
1399 927 1505 1002 pontii,
1522 927 1614 1002 ampl.
1628 927 1753 1001 collect.)

336 1113 470 1170 Marinus
485 1113 647 1182 secundus,
661 1130 715 1171 seu
728 1115 868 1172 llartinus
882 1115 985 1172 tertius
999 1114 1107 1179 dictus,
1122 1113 1244 1170 natione
1265 1116 1429 1184 Romanus,
1443 1113 1474 1170 in
1488 1114 1589 1171 locum
1606 1113 1743 1187 Stephani
1755 1131 1831 1188 papo
1843 1117 1890 1172 siue
1901 1135 1941 1174 no

300 1201 335 1242 ra
350 1184 530 1255 subrogatus
544 1189 596 1242 est.
613 1186 693 1242 Sedit
706 1185 737 1242 in
751 1187 927 1260 pontiticatu
942 1189 1001 1242 tem
1025 1185 1128 1241 oribus
1144 1183 1330 1242 Constanu'ni
1340 1188 1396 1241 Per
1418 1185 1626 1257 hyrogenitiin
1637 1185 1757 1253 Oriente,
1770 1186 1941 1258 Othonistagui

300 1255 332 1312 in
347 1256 613 1338 Occidentalimpp.
630 1272 726 1312 annos
742 1261 768 1327 3,
785 1273 906 1314 menses
922 1261 948 1326 e,
963 1201 1080 1312 augunt
1094 1255 1310 1338 quamplurimi
1324 1201 1444 1313 diesis.
1463 1257 1530 1325 Sed,
1546 1273 1615 1313 cum
1631 1256 1734 1338 Pagius
1744 1257 1941 1339 extipsisulgapet

301 1342 480 1383 successoris
494 1327 605 1395 biteris,
622 1345 692 1384 eum
729 1327 880 1384 ontificem
890 1329 956 1400 jam
977 1327 1068 1383 tuisse
1086 1327 1116 1382 te
1130 1326 1179 1382 dre
1194 1328 1285 1390 lunu,
1300 1342 1381 1383 anno
1400 1330 1463 1397 946,
1479 1327 1626 1395 ostendat,
1641 1331 1740 1384 tertius
1752 1327 1861 1398 Vrgnelu
1871 1329 1941 1384 catab

300 1413 358 1470 gus
371 1413 408 1453 ex
419 1397 486 1454 cod.
502 1401 565 1453 Vat.
580 1415 693 1471 sequen
715 1415 752 1481 ps
764 1399 891 1469 videtur,
905 1399 936 1455 in
951 1413 1013 1472 quo
1032 1397 1155 1454 nonnisi
1169 1397 1252 1468 anni,
1265 1401 1280 1453 3
1294 1413 1334 1453 m.
1351 1402 1367 1454 6
1380 1399 1582 1470 assignantur.
1598 1397 1676 1454 Obiit
1698 1398 1790 1472 itaque
1803 1398 1900 1455 Marinus
1910 1399 1941 1454 cir·

300 1483 336 1525 ca
349 1467 430 1524 diem
446 1473 461 1524 t
476 1468 524 1524 vel
539 1469 784 1536 emersissent,
800 1485 881 1526 anno
894 1472 957 1527 946.

805 1691 1097 1788 MARINI
1160 1689 1390 1787 PAPAE
1452 1689 1512 1784 II

650 1865 1002 1952 EPISTOLAE
1085 1863 1160 1952 ET
1242 1861 1660 1952 PRIVILEGIA

302 1597 626 1618 μιι--ι-ιιο--ιιι

702 2093 725 2145 1.
1135 2085 1299 2145 ditemini
1320 2088 1389 2142 Jesu
1414 2086 1520 2144 Christi
1534 2086 1618 2144 etab
1642 2087 1776 2158 ingressu
1796 2085 1941 2143 ecclesialis

357 2169 537 2214 invitation
557 2174 655 2215 urnrur
673 2176 751 2216 rurs
773 2177 792 2214 u
812 2176 866 2217 ruo
886 2175 1061 2217 uoursrrruo
1175 2174 1316 2247 Junotum
1330 2189 1406 2232 esse.
1423 2175 1484 2232 Hoc
1498 2191 1624 2248 quoque
1638 2175 1763 2250 capitulo
1781 2173 1892 2249 present
1901 2171 1942 2226 tul

612 2264 809 2306 vrzeuucrusr.
1174 2261 1343 2336 iungimus,
1359 2267 1392 2320 ut
1405 2262 1508 2321 locum
1520 2264 1656 2322 avaritire
1674 2264 1856 2330 secludamus,
1866 2260 1942 2317 ndu

614 2337 712 2406 (Anno
728 2338 803 2409 953.)
1177 2349 1215 2408 de
1229 2350 1362 2422 regibus,
1378 2351 1548 2410 nullumde
1565 2352 1774 2427 episeopisvel
1786 2349 1941 2409 acuouu.

409 2419 507 2494 [Apud
521 2423 628 2481 Acher.
641 2425 796 2497 Spiriteqt'z'
807 2431 877 2482 tom.
895 2444 924 2494 u,
941 2428 1014 2500 toi]
1176 2438 1224 2496 vel
1248 2438 1287 2496 de
1310 2438 1544 2514 quibuscunque
1567 2440 1718 2512 fidelibus,
1733 2457 1783 2516 pcr
1801 2457 1836 2511 se,
1852 2435 1943 2510 suppos·

329 2507 455 2602 liranus
470 2510 750 2584 episcopusservus
765 2530 920 2572 servorum
932 2516 1121 2586 [tritiumoru
1176 2530 1276 2584 tamve
1289 2543 1462 2600 personam,
1473 2528 1512 2586 de
1522 2529 1713 2588 ordinatione
1726 2529 1845 2603 eJ'usdem
1857 2524 1942 2588 uuo,

293 2590 432 2662 religioso
456 2596 559 2654 abbati
583 2599 787 2658 vizeliacensis
813 2603 952 2675 coeuobii,
978 2605 1121 2678 omnique
1175 2615 1225 2674 val
1243 2614 1431 2687 clericorum,
1447 2622 1500 2674 aut
1519 2618 1774 2692 presbyterorum,
1787 2616 1828 2676 vel
1844 2617 1873 2673 de
1889 2612 1943 2680 luc-

294 2683 517 2781 θθῡὸῑθβᾶῑῑθῡὶ
531 2687 668 2758 ejusdem
681 2691 854 2748 ffl01lasltlfi
868 2692 900 2748 in
912 2697 1101 2766 perpetuum·
1176 2706 1255 2764 tione
1276 2705 1454 2777 chrismatis,
1470 2712 1523 2764 aut
1541 2710 1764 2768 consecratione
1786 2705 1899 2766 basilice.
1916 2699 1942 2754 ttl

317 2769 451 2867 'Quoties
474 2771 525 2830 illa
549 2774 638 2832 tribui
652 2793 670 2833 a
685 2777 772 2835 nobis
787 2784 938 2853 optantur,
952 2797 1021 2854 qtlffi
1035 2783 1122 2840 ratio·
1175 2793 1214 2849 de
1236 2793 1468 2867 quibuscunque
1497 2795 1596 2852 causis
1625 2797 1665 2854 gd
1692 2797 1769 2854 idem
1785 2790 1943 2852 monasterium

292 2864 553 2958 mmcunctanter
585 2866 785 2938 conveniunt,
815 2869 917 2926 animo
951 2885 1007 2926 nos
1032 2871 1122 2930 debet
1175 2881 1402 2954 pertinentibus,
1416 2883 1528 2940 audere
1542 2883 1574 2940 in
1588 2885 1724 2958 quelibet
1738 2883 1825 2958 specie
1838 2877 1942 2938 exemto

291 2943 395 3003 bbenlr
416 2951 595 3048 concedere,
624 2960 653 3010 et
679 2957 843 3027 petentium
868 2958 1023 3016 desideriis
1051 2976 1120 3017 cen·
1175 2985 1210 3026 co
1231 2971 1401 3043 quidquam
1425 2972 1571 3046 accipere,
1587 2989 1689 3049 neque
1709 2973 1836 3031 eumdem
1848 2969 1942 3027 abbatem

291 3048 402 3134 gruum
414 3041 558 3111 impertiri
573 3041 760 3114 suffragium.
774 3049 869 3119 Atque
882 3046 950 3104 ideo
965 3048 1037 3122 quia
1049 3067 1120 3124 pos·
1173 3073 1230 3131 pro
1252 3059 1438 3116 ordinatione
1461 3077 1517 3118 sua
1541 3061 1660 3136 aliquid
1674 3065 1744 3121 dare
1756 3071 1910 3135 presumere,
1920 3067 1941 3106 ¹¹⁸

292 3122 392 3222 tutasti
407 3141 425 3182 a
439 3127 527 3186 nobis
538 3135 688 3203 quatenus
699 3133 888 3205 privilegium
903 3136 983 3194 sedis
998 3143 1118 3212 aposto·
1172 3145 1230 3204 hac
1245 3147 1405 3205 occasione
1420 3165 1456 3206 ea
1469 3165 1537 3222 quac
1552 3149 1719 3210 afidelibus
1733 3151 1780 3225 pio
1790 3149 1847 3206 loco
1857 3143 1943 3202 otuu·

290 3210 354 3268 lrcoe
367 3218 549 3274 monasterio
557 3217 713 3293 vizeliaco,
722 3223 770 3278 cui
782 3239 909 3296 praeesse
921 3225 1117 3300 dignosceris,
1173 3242 1221 3292 tur
1233 3243 1459 3295 consumantur.
1476 3241 1577 3312 Neque
1592 3241 1752 3315 episcopus
1763 3235 1869 3298 civitais
1883 3229 1942 3304 ipsiu

291 3299 375 3400 quod
397 3309 514 3361 constat
546 3305 618 3362 olim
653 3324 672 3365 a
704 3309 836 3368 Gerarde
876 3313 1064 3374 nobilissimo
1090 3323 1119 3376 et
1172 3325 1323 3396 parochiae
1338 3325 1395 3381 nisi
1418 3326 1459 3382 ab
1474 3326 1584 3385 abbate
1603 3328 1700 3402 ipsius
1715 3319 1942 3386 monasteriiinvite·

291 3387 541 3488 Cbrrstianissimo
570 3396 651 3465 viro,
687 3415 806 3456 necnon
839 3407 868 3458 et
904 3407 989 3462 Berta
1025 3423 1117 3465 uxore
1133 3445 1154 3499 B
1173 3417 1232 3480 tus,
1247 3412 1360 3469 ibidem
1374 3413 1513 3487 publicas
1527 3415 1640 3474 missas
1655 3421 1733 3488 agat,
1748 3409 1942 3489 nequestaticne
1988 3425 1989 3450 t

291 3488 367 3547 aurs,
394 3492 426 3576 rn
448 3479 565 3576 bonore
590 3484 707 3542 Domini
726 3492 754 3544 et
783 3489 943 3548 salvatoris
966 3494 1059 3550 nostri
1075 3498 1118 3551 te·
1171 3501 1203 3557 in
1215 3500 1322 3559 ecdem
1337 3502 1476 3560 caenobio
1490 3503 1612 3570 indicat,
1629 3521 1667 3564 ue
1682 3520 1827 3563 servorum
1840 3499 1878 3558 ilci
1888 3493 1942 3568 quiet

291 3576 326 3662 su
345 3563 455 3662 'christu
464 3570 505 3665 ⁸et
517 3572 707 3630 veneratione
729 3575 911 3635 beau'ssimoe
926 3595 1046 3656 semper
1060 3584 1116 3640 vir·
1171 3589 1326 3662 quormdo
1338 3590 1479 3664 populari
1492 3597 1643 3651 conventu
1652 3592 1812 3670 perturbari
1823 3588 1942 3650 valette·

291 3665 368 3721 grnrs
403 3655 498 3754 lterum
534 3659 683 3727 genitricis
709 3664 847 3734 ejusdem
876 3668 994 3725 llomini
1021 3674 1116 3730 nostri
1171 3693 1231 3751 que
1259 3683 1391 3751 paratas,
1414 3685 1466 3738 aut
1494 3681 1730 3741 mansionaticos
1751 3679 1845 3739 exinde
1867 3683 1941 3749 ptaetl·

289 3737 359 3795 Jesu
375 3739 479 3840 tlhrrstr
494 3749 719 3820 construetum;
745 3750 775 3808 in
801 3769 895 3824 regno
920 3755 1032 3815 scilicet
1046 3761 1117 3817 Bur·
1170 3771 1234 3824 mat
1247 3767 1374 3838 exigere.
1393 3769 1619 3842 susceptionem
1643 3777 1741 3830 autem
1760 3767 1873 3826 fidelium
1886 3765 1941 3816 titt

289 3826 419 3900 gundre,
432 3845 470 3929 'tn
498 3846 578 3904 pago
605 3835 754 3911 Avalensi,
770 3840 913 3914 quodque
937 3859 956 3900 a
984 3846 1115 3917 pretatis
1169 3853 1346 3926 ligiosorum
1371 3856 1505 3914 virorum
1529 3862 1621 3932 atque
1648 3856 1866 3921 beneficentiam,
1881 3857 1941 3922 pen

289 3913 496 4019 fundatoribus
524 3921 613 3980 beato
645 3925 732 3982 Petro
758 3930 962 4000 apostolorum
988 3935 1116 4011 principi
1167 3943 1254 4016 jubet
1275 3945 1437 4019 Apostolus
1459 3947 1573 4004 cunctis
1587 3949 1786 4007 exhihendam
1801 3960 1847 4020 pro
1857 3931 1941 4014 positi

288 4019 339 4077 pra
360 4005 516 4066 devotione
537 4013 566 4066 et
588 4015 757 4072 testamenti
777 4017 890 4090 pagina
903 4020 1046 4080 collatum
1060 4029 1113 4095 est,
1168 4031 1250 4090 litate
1263 4033 1321 4090 1001
1344 4037 1373 4090 et
1397 4033 1574 4093 saecularum
1598 4053 1663 4096 non
1687 4037 1775 4096 modo
1795 4030 1886 4092 ibidem
1901 4013 1940 4078 lieri

287 4092 386 4194 lacere
401 4095 595 4156 deberemus:
612 4101 743 4160 molineti
765 4106 906 4179 precibus
920 4110 976 4167 tuis
989 4111 1116 4170 libenter
1170 4121 1254 4194 [non]
1267 4121 1464 4196 danggamus,
1473 4139 1578 4182 verum
1594 4127 1686 4185 etjam
1701 4125 1848 4184 suadomus
1859 4135 1864 4174 :
1877 4111 1915 4170 sed
1924 4113 1941 4162 u

287 4179 352 4279 llari
366 4181 563 4284 decrevimus.
581 4189 664 4248 Unde
678 4196 707 4248 et
721 4195 929 4254 constituimus
947 4204 976 4256 et
996 4207 1115 4274 aposto·
1168 4209 1279 4266 modus
1302 4209 1332 4266 in
1352 4227 1479 4269 uumero
1494 4215 1735 4287 congregationis
1753 4213 1940 4272 adeoconsertt

287 4267 346 4325 lica
360 4274 534 4370 aucterrtate
549 4291 717 4352 censemus,
732 4285 823 4354 atque
836 4299 891 4358 per
903 4285 962 4342 hoc
975 4293 1114 4348 nostrum
1168 4301 1225 4362 tur,
1241 4301 1274 4354 ut
1287 4313 1343 4354 nec
1366 4299 1521 4372 pluralitas
1544 4305 1714 4376 penuriam,
1730 4319 1782 4362 nec
1794 4295 1902 4376 paucitas
1911 4289 1938 4341 in·
1988 4359 1989 4370 χ

287 4357 486 4428 θΡθθῑΟῙΙθῦΠ]
505 4362 697 4462 privilegium
717 4369 943 4444 confirmamus,
960 4379 993 4433 ut
1013 4378 1114 4436 nullus
1167 4383 1368 4451 habitantium
1391 4387 1615 4449 destitutionem
1638 4393 1696 4450 loci
1720 4391 1847 4449 inducere
1865 4377 1937 4438 adeat
1988 4405 1989 4456 ι

286 4460 338 4544 rex
362 4449 414 4503 aut
436 4449 579 4520 pontufex,
592 4453 640 4509 vel
663 4455 759 4512 abbas
774 4462 825 4515 aut
847 4476 959 4534 comes,
974 4465 1022 4521 vel
1035 4483 1112 4539 qua·
1167 4473 1355 4546 privilegium
1383 4493 1504 4550 quoque
1529 4495 1548 4535 a
1569 4481 1785 4553 predecessore
1806 4479 1888 4534 nostro
1903 4463 1938 4536 pit

285 4532 443 4635 ῙῑῗθξωίΙῦθ
458 4552 571 4609 magna
584 4539 632 4598 vel
654 4558 750 4615 parva
763 4561 902 4619 permut,
919 4551 1048 4609 avarities
1064 4571 1113 4612 011-
1166 4564 1646 4638 memoriaepapaNicolaoeidem
1660 4557 1937 4627 monasteriocolltlum
1988 4607 1989 4612 ,

285 4623 408 4696 prdrtate
446 4634 605 4702 corruptus
645 4637 697 4690 aut
735 4635 886 4695 diabolica
922 4644 1112 4714 suggestione
1165 4652 1452 4711 nostraauctoritate
1465 4654 1693 4728 confirmamus,
1708 4642 1937 4728 exeeptoduntutt
1988 4637 1989 4644 '

284 4711 444 4787 deceptus,
473 4718 583 4776 audeat
609 4721 657 4779 vel
691 4732 856 4796 prasumat
890 4734 993 4789 contra
1026 4737 1111 4792 tuum
1165 4737 1324 4811 quodipse
1339 4740 1396 4797 sub
1410 4742 1533 4800 nomine
1547 4743 1779 4802 ancillarumllei
1792 4727 1936 4814 quaeibidctt

284 4799 441 4874 honorem,
466 4821 490 4905 ο1
507 4809 686 4866 venerabilis
710 4813 794 4870 Wido
818 4816 925 4883 abbas,
952 4822 1110 4894 qualicun-
1164 4841 1220 4899 pro
1235 4826 1346 4884 crebris
1360 4827 1601 4890 infestationibus
1617 4833 1717 4891 saeculi
1739 4846 1812 4888 nunc
1828 4812 1936 4883 ordinabi·

283 4902 343 4959 que
367 4891 458 4989 modo
482 4909 636 4967 insurgere
656 4899 687 4958 in
709 4905 761 4959 tua
783 4905 845 4963 vita
866 4912 918 4964 aut
938 4909 975 4966 de
995 4914 1111 4970 tucho·
1163 4914 1228 4971 liter
1252 4931 1375 4975 manere
1403 4925 1568 4993 nequeunt,
1583 4922 1657 4979 illud
1681 4919 1833 4994 delegavit:
1855 4915 1937 4968 nosve-

284 4990 357 5032 nore
371 4977 424 5034 tubi
439 4980 597 5079 ¹molestias
611 4987 729 5061 interra,
747 4992 793 5048 vel
811 4994 848 5050 de
861 4998 1004 5056 omuibus
1019 5002 1109 5058 rebus
1162 5019 1198 5061 ro
1211 5005 1334 5076 aptioris
1350 5007 1481 5066 utilitatis
1506 5011 1603 5080 gratia
1626 5012 1684 5069 sub
1707 5011 1805 5068 habitu
1817 4995 1935 5062 mouerit

282 5069 456 5166 monasterii
473 5085 550 5168 ¹quae
576 5074 629 5130 tibi
656 5079 773 5152 tuisque
797 5085 1067 5156 predecessoribus
1091 5109 1109 5148 a
1162 5105 1232 5149 rum
1258 5109 1322 5151 esse
1346 5103 1546 5168 congruenter
1573 5099 1769 5158 decernimus.
1789 5096 1815 5154 Si
1835 5088 1888 5165 quis
1906 5091 1935 5132 ἴθ’

282 5154 376 5254 ιιΙοΙιιιει
386 5161 555 5233 nostrisque
572 5166 811 5228 antecessoribus
821 5188 875 5245 per
888 5176 1033 5248 paginam
1048 5179 1108 5252 pri-
1162 5195 1197 5238 ro
1221 5197 1337 5254 regum,
1362 5185 1584 5262 episcoporum,
1606 5189 1800 5256 sacerdotum,
1821 5179 1934 5240 abbattffl·

281 5241 378 5342 vilegu
392 5259 535 5305 concessa
558 5253 648 5324 atquo
664 5252 782 5314 firmata
797 5263 876 5328 sunt,
894 5261 1012 5336 aliquas
1026 5266 1109 5323 iuva·
1160 5269 1309 5342 J'udicum,
1322 5273 1476 5346 comitum,
1501 5283 1554 5336 aut
1572 5278 1755 5336 saecularium
1775 5270 1933 5350 personttlfflr

283 5345 382 5387 stenes
404 5333 452 5390 vel
475 5337 601 5435 rapinas
622 5341 684 5398 sive
707 5343 862 5404 violentias
877 5348 994 5420 inferre,
1009 5352 1108 5412 sinon
1163 5361 1267 5417 contra
1283 5359 1366 5418 banc
1391 5367 1502 5420 nosue
1528 5365 1718 5424 institutionis
1740 5362 1863 5438 paginam
1880 5343 1932 5404 veri·

281 5417 353 5490 vult,
369 5426 541 5482 auctoritate
555 5427 606 5484 llei
620 5435 648 5486 et
663 5433 758 5489 sancti
772 5436 846 5492 Petri
860 5442 889 5492 et
901 5443 1004 5497 nostra
1018 5457 1108 5515 apos·
1162 5461 1195 5503 re
1205 5449 1367 5520 tentaverit,
1375 5466 1538 5524 percussus
1551 5456 1713 5528 apostolico
1724 5447 1891 5512 mansuete,
1900 5445 1932 5506 pc
1988 5479 1989 5514 u

281 5505 372 5565 tolica
390 5515 745 5592 excommunicationes
769 5535 894 5593 corpore
916 5528 945 5582 et
962 5530 1109 5600 sangiune
1162 5537 1276 5596 testatis
1301 5539 1461 5598 honorisve
1485 5543 1533 5601 sui
1555 5543 1698 5617 dignitate
1715 5543 1814 5606 emeat,
1827 5531 1931 5595 Nimim
