4156 6182
212 147 240 198 n
796 141 824 194 s,
846 139 916 194 ono
937 141 1048 196 Altsshs
1069 145 1333 205 artusinus-ssia
1891 148 1921 201 12

246 265 297 320 His
309 262 483 338 praemissis,
499 261 587 318 venio
600 261 640 318 ad
655 261 790 318 Odonem
811 277 863 316 seu
879 261 1035 318 Oddonem
1055 270 1078 320 Α
1093 269 1213 325 lamclis
1225 271 1352 341 dignum
1368 289 1427 326 nou
1443 271 1603 340 denegabit
1618 276 1744 343 patrem.
1762 269 1848 336 Quod
1867 269 1922 324 sci-

210 355 352 412 abbatem
369 354 603 420 cluniacensem,
617 353 703 424 cujus
718 351 847 424 patriam
861 357 889 408 et
898 357 1037 425 parentes

210 446 341 519 primum
370 441 549 514 investigare
577 455 699 498 necesse
740 441 792 502 eal.
821 441 898 496 Patri
926 451 1037 500 nomen

210 533 300 590 luisse
312 531 440 600 Abboni,
454 529 574 586 militari
589 529 694 586 ordine
715 528 851 603 praedito,
867 545 903 585 ex
924 532 1038 584 toanne

211 623 360 678 monacho
371 620 497 693 aliisque
511 622 636 686 constat,
651 619 733 692 apnd
745 634 822 691 quos
834 618 918 678 nulla
929 617 1039 676 incutio

211 713 248 769 de
262 711 385 768 nomine
401 709 512 767 Odonis
527 708 640 765 matris.
657 708 792 764 abbonis
807 708 937 778 elogium
950 711 1039 767 toan·

211 819 265 858 nes
280 817 317 856 ex
341 800 444 857 Odone
466 802 684 856 commemorat
709 798 792 853 initio
808 797 874 852 libri
890 815 907 854 i.
925 801 1040 854 Utrum-

212 906 271 962 que
284 893 439 961 parentem
465 885 516 942 lllii
532 887 652 942 monitis
666 887 705 941 ad
728 886 926 944 monasticam
950 887 1041 944 vllam

213 994 244 1034 sc
258 977 404 1050 recepisse
419 976 570 1046 Nalgodus
582 976 674 1031 habet
688 992 723 1031 ox
738 977 863 1042 Joannc,
892 975 943 1048 qui
968 975 1041 1030 reei-

214 1072 275 1124 tato
289 1065 434 1122 miraculo
450 1066 488 1121 de
516 1063 601 1120 micis
630 1064 660 1120 in
675 1065 853 1133 margaritas
877 1063 1040 1130 conversis,
1064 1074 1070 1084 ¹

214 1158 277 1212 haec
293 1155 396 1211 subdit
407 1153 438 1210 in
453 1153 504 1212 lib.
520 1171 538 1230 1,
553 1171 638 1210 num.
654 1156 688 1210 35
708 1172 713 1208 :
732 1174 747 1208 e
770 1157 811 1209 Es
822 1153 875 1211 illo
887 1155 952 1224 jam
967 1159 1041 1210 tem-

215 1261 287 1317 pore
303 1245 392 1317 coepit
406 1243 484 1304 infra
497 1243 631 1317 seipsum
645 1249 771 1302 aestuare
786 1247 907 1317 propter
928 1243 1042 1314 genito-

214 1351 282 1392 rum
297 1351 421 1391 suorum
436 1334 629 1406 ereptionem,
645 1338 794 1408 quatenus
819 1350 870 1389 eos
886 1338 989 1405 posset
1003 1333 1042 1388 ab

214 1424 305 1495 hujus
320 1423 420 1479 saeculi
434 1422 561 1479 nexibus
572 1423 758 1479 subtrahere.
772 1421 854 1478 Unde
863 1421 976 1478 lactum
988 1427 1042 1488 est,

215 1517 247 1569 ut
260 1529 323 1569 non
337 1512 431 1570 mtdto
441 1516 510 1583 post
522 1511 770 1582 acceptaliecntia
780 1511 820 1567 ad
827 1515 943 1583 patrem
955 1525 1042 1566 sunm

1092 358 1159 415 licet
1174 375 1245 415 sene
1258 359 1516 416 considerantibus
1533 360 1592 415 sole
1606 359 1734 415 lucidius
1745 363 1836 431 patet.
1849 357 1923 414 dum

1093 446 1151 521 rita
1164 452 1192 504 et
1215 448 1373 504 conversio
1389 448 1492 503 domni
1519 447 1680 518 Hcymardi
1712 446 1784 502 satis
1800 446 1922 501 abunde

1093 537 1329 608 experimentum
1358 536 1479 609 praehet.
1513 537 1675 608 Hucusque
1700 535 1848 607 siquidem
1887 535 1923 589 do

1095 624 1166 680 tanti
1192 624 1245 680 virt
1275 625 1429 681 laudanda
1460 623 1611 680 nobilitate
1638 623 1722 678 brevi
1752 627 1924 695 peroratum

1095 712 1232 780 sufficiat,
1249 718 1397 784 quatenus
1413 729 1448 766 ex
1462 712 1518 767 hoc
1531 711 1720 778 intelligatur,
1738 715 1924 782 quantopere

1095 806 1211 874 oportet
1225 819 1279 857 nos
1295 802 1437 858 intuererc
1452 801 1529 855 illius
1541 801 1632 869 scitis,
1645 817 1735 872 quem
1748 815 1802 872 pro
1819 798 1924 854 merito

1095 906 1156 948 non
1165 891 1348 960 ambigimus
1360 891 1502 944 insertum
1514 889 1690 954 angelorum
1700 888 1812 944 cuncis.
1824 913 1836 936 »
1852 891 1923 942 llae-

1098 985 1181 1034 tenus
1195 984 1280 1035 vetus
1299 985 1412 1044 auctor,
1429 978 1480 1050 qui
1495 983 1628 1048 tempore
1645 977 1777 1033 lldilonis
1796 976 1923 1041 abbatis,

1096 1068 1126 1123 id
1142 1072 1186 1123 est
1200 1075 1267 1140 post
1284 1085 1379 1124 astrios
1405 1067 1443 1122 ab
1473 1067 1584 1122 lldonis
1609 1067 1692 1122 obitu
1723 1071 1853 1132 centum,
1868 1066 1924 1119 hoc

1096 1157 1226 1228 elogium
1243 1159 1351 1214 chartis
1380 1157 1436 1213 sub
1468 1156 1570 1213 Odone
1586 1157 1712 1212 conditis
1734 1154 1875 1228 premisit
1896 1153 1924 1207 in

1097 1246 1245 1302 chartario
1263 1245 1458 1304 Glnnlacensi.

1097 1358 1163 1412 Gan.
1190 1360 1222 1412 ll.
1239 1387 1273 1398 -·
1290 1355 1398 1411 Odonts
1421 1355 1554 1423 pueritia
1578 1360 1603 1408 et
1629 1353 1840 1422 adolescentia,
1863 1354 1925 1407 vitu

1370 1427 1524 1492 canonica,
1542 1426 1652 1480 studr'c.

1134 1521 1159 1570 ὅ.
1177 1515 1240 1571 (lde
1256 1515 1343 1570 alitus
1367 1519 1412 1569 est
1432 1530 1506 1586 puer
1522 1513 1629 1585 partim
1647 1511 1728 1584 apud
1757 1511 1926 1576 l'ulconcm,

215 1601 319 1668 abiret,
349 1616 479 1672 eumque
503 1599 543 1656 ad
564 1600 781 1656 monasterium
805 1599 936 1668 duceret,
953 1604 1043 1672 atquc
1064 1606 1163 1675 gajus
1175 1605 1306 1660 nominis
1322 1603 1758 1670 secundum,andegavensem
1776 1601 1927 1668 comitem,

215 1689 400 1746 monachum
413 1687 564 1745 ordinaret
578 1705 584 1744 :
602 1693 727 1746 matrem
738 1703 809 1746 vero
823 1687 908 1746 indui
920 1689 988 1745 lecit
998 1705 1043 1743 sa-

216 1793 266 1835 cro
280 1777 440 1848 velamine,
453 1777 539 1849 enjus
561 1778 664 1842 vitam,
694 1779 719 1834 si
732 1777 863 1835 licuisset
886 1775 1013 1834 scribere
1030 1799 1043 1826 »

216 1866 343 1939 (utinam
357 1878 428 1923 vero
440 1865 595 1939 libuisset),
612 1889 626 1918 c
644 1867 742 1938 magis
758 1865 881 1923 historia
896 1863 1044 1921 videretur

216 1971 281 2012 esse
296 1968 389 2029 qnam
404 1955 557 2012 schedula.
572 1979 585 2007 c
610 1956 729 2012 Talibus
754 1955 854 2032 ltaque
870 1953 1045 2030 parentibus

217 2047 363 2110 natusest
377 2043 440 2101 0do
456 2061 536 2100 anno
551 2049 613 2116 879,
626 2045 775 2117 siquidem
788 2041 1045 2102 annectentem

219 2134 431 2206 sexagenarius
447 2138 520 2203 erat,
535 2151 571 2190 ex
583 2135 699 2190 Joannc
720 2133 803 2190 initio
815 2131 883 2189 libri
896 2149 916 2202 t,
927 2135 1044 2190 numl.

254 2227 280 2280 t.
298 2223 430 2280 Natalem
443 2223 470 2280 ci
485 2224 586 2280 sedem
602 2223 693 2280 fuisse
704 2223 783 2297 apud
801 2225 987 2280 Turonorum
1002 2238 1048 2277 ur-

219 2313 288 2369 bem
300 2311 437 2383 colligere
451 2312 519 2368 licet
532 2329 568 2368 ex
587 2312 691 2369 innata
706 2311 799 2385 patris
815 2313 939 2384 ejusque
955 2311 1047 2366 dero-

220 2401 298 2458 tione
325 2417 396 2472 erga
425 2407 562 2457 sanctum
587 2399 759 2471 Martinam,
786 2401 834 2456 cul
861 2399 900 2454 ab
928 2399 1048 2454 incunte

221 2489 423 2546 adolescentla
439 2505 502 2544 sese
518 2489 646 2550 devovit,
664 2489 746 2562 apud
761 2489 909 2544 loannem
920 2503 1003 2542 num.
1021 2492 1047 2542 t·

221 2579 429 2650 Conjecturam
445 2582 535 2648 auget
549 2577 580 2633 id
594 2577 677 2650 quod
689 2577 770 2634 idem
789 2582 893 2636 auctor
908 2578 938 2634 ln
953 2575 1003 2632 lib.
1019 2591 1048 2642 u,

222 2681 305 2722 num.
323 2667 365 2738 ld,
382 2671 530 2723 memorat
544 2663 1049 2740 deparvuloOdonisnepoleraplo

224 2771 278 2828 per
292 2759 503 2827 Nortmannos,
520 2771 590 2811 cnm
601 2777 615 2804 «
631 2753 767 2811 turoniae
782 2755 857 2811 lines
871 2777 885 2804 c
912 2753 1049 2810 devasta-

1098 1711 1189 1766 qucm
1204 1693 1243 1750 ob
1255 1693 1285 1748 id
1296 1691 1510 1748 collactaneum
1529 1691 1659 1746 suumin
1680 1689 1805 1762 epistola
1823 1693 1909 1744 vocat
1918 1701 1928 1757 ;

1098 1782 1206 1858 parlim
1222 1806 1234 1830 «
1247 1783 1323 1838 intra
1336 1782 1461 1836 domum
1474 1779 1620 1836 Gulllelmi
1632 1779 1717 1834 ducis
1732 1777 1929 1850 Aquitanica»

1100 1857 1292 1929 tesleloanne
1305 1870 1387 1926 initio
1400 1869 1466 1924 libri
1480 1867 1577 1943 primi.
1596 1868 1651 1934 Oui
1679 1865 1862 1930 talnillelmns,
1881 1883 1928 1920 co-

1100 1964 1262 2031 gnomento
1277 1959 1353 2022 Pius,
1367 1962 1568 2032 «cotemporc
1580 1955 1781 2028 Aquitaniam,
1798 1955 1926 2011 Guttam·

1102 2066 1160 2123 que
1174 2066 1228 2104 suo
1242 2049 1308 2120 jure
1322 2047 1452 2118 tenebat,
1467 2071 1479 2094 υ
1496 2047 1520 2100 is
1535 2061 1626 2117 quem
1643 2043 1845 2101 tllunlacensis
1870 2059 1932 2098 mo-

1102 2139 1222 2196 nasterii
1238 2137 1435 2194 fundamenta
1446 2135 1551 2208 jecisse
1564 2133 1696 2190 diximus
1710 2133 1740 2188 in
1754 2132 1851 2203 elogio
1864 2135 1930 2188 Ber-

1103 2229 1200 2285 nonis.
1220 2231 1296 2284 Sane
1312 2225 1394 2300 apud
1410 2225 1509 2297 ipsum
1526 2223 1715 2278 Guillelmum
1745 2223 1845 2279 multae
1861 2239 1931 2277 auc-

1103 2315 1226 2374 toritatis
1241 2320 1303 2372 erat
1319 2313 1403 2378 hbbo
1415 2311 1526 2370 Odonis
1535 2315 1618 2384 pater
1631 2309 1714 2388 apud
1724 2305 1868 2367 loannem
1881 2309 1933 2365 ibi-

1103 2405 1314 2462 de111num.5.
1333 2403 1383 2458 llic
1409 2401 1544 2459 Odoncm
1568 2399 1749 2458 ablactatum
1781 2422 1794 2448 «
1811 2399 1931 2455 cuidam

1104 2513 1158 2552 suo
1174 2491 1358 2568 presbytero,
1369 2491 1420 2568 qui
1431 2491 1461 2546 in
1473 2489 1624 2546 remotiori
1636 2482 1780 2546 manebat
1792 2489 1868 2560 loco,
1879 2493 1934 2544 tra-

1104 2585 1178 2641 didit
1196 2581 1399 2652 educandum,
1425 2586 1453 2637 ct
1478 2579 1641 2636 litterarum
1667 2579 1772 2634 studiis
1795 2577 1933 2636 imbuen-

1104 2674 1188 2738 dum,
1198 2696 1211 2722 c
1220 2678 1337 2729 numt.
1353 2670 1413 2726 Sub
1424 2671 1485 2726 llaec
1496 2669 1525 2726 in
1534 2667 1604 2724 aula
1615 2666 1760 2724 Guillelmi
1774 2687 1788 2720 (ι
1803 2663 1935 2722 militari-

1104 2763 1162 2819 bus
1173 2761 1340 2818 exercitiis»
1355 2757 1532 2832 applicatus,
1547 2755 1585 2812 ad
1601 2756 1779 2813 sanctiorem
1795 2755 1932 2812 militiam

221 2846 290 2902 rissl·
316 2845 1051 2917 ErgO111TuronitlverffihalsstejtlsssssPOS·Aila·
1106 2870 1123 2908 a
1146 2851 1259 2909 Christo
1286 2849 1411 2905 llomino
1428 2851 1552 2902 vocatus
1573 2850 1617 2901 est
1636 2847 1665 2900 in
1688 2843 1780 2900 Natali
1802 2843 1930 2909 Domini,

223 2951 292 2992 men
307 2935 338 2992 in
353 2936 445 2992 veteri
457 2935 605 2992 chartario
620 2935 807 2994 Cluniaeensi
820 2933 927 3004 legitur
939 2931 1051 2990 Udonis
1071 2973 1091 3028 c
1107 2965 1120 2992 a
1132 2942 1260 2998 instante
1272 2941 1356 2994 sexto
1372 2935 1487 2992 decimo
1504 2935 1597 2992 astatis
1612 2949 1673 2989 suae
1687 2949 1777 3000 anno,
1795 2955 1808 2981 u
1830 2929 1933 2988 dolore

223 3025 364 3099 etogium,
381 3041 471 3100 quem
488 3031 640 3082 auctores
654 3042 734 3100 pago
763 3024 985 3082 cenomannico
1005 3041 1051 3080 or·
1106 3031 1211 3105 ceptus
1226 3045 1278 3104 per
1296 3025 1452 3086 biennium
1466 3025 1495 3082 ic
1511 3022 1613 3100 patriis
1627 3021 1743 3078 tectibus
1765 3019 1933 3076 afflictatus.

222 3119 286 3173 tum
300 3115 378 3173 dicit.
396 3115 532 3186 Elogium
546 3116 604 3172 hoc
627 3116 758 3172 Odilonis
781 3113 899 3170 abbatis
918 3117 1051 3188 tempore
1142 3129 1167 3176 o,
1177 3115 1375 3174 Postmodum
1385 3119 1487 3170 saneto
1498 3111 1620 3170 Maltino
1632 3109 1825 3184 semetipsum
1837 3126 1874 3164 er
1885 3126 1937 3184 pa-

224 3205 367 3276 scl'lplflm
383 3209 427 3259 &Sl
441 3203 480 3262 ab
500 3219 546 3270 00,
563 3203 615 3276 qui
630 3203 695 3274 eJ'US
708 3203 795 3274 jussu
819 3201 937 3257 Chssllsst
963 3219 1051 3274 Supe-
1108 3211 1158 3268 tris
1172 3213 1241 3266 voto
1266 3205 1409 3264 addicens
1425 3220 1505 3260 anno
1530 3199 1624 3257 atatis
1637 3215 1717 3254 nouo
1733 3195 1862 3266 decimo,
1883 3199 1936 3274 qui

222 3291 337 3348 l'iOPUffl
361 3291 508 3348 abbatum
536 3291 566 3346 in
594 3290 730 3352 Ordinem
754 3290 876 3360 sedebit·
903 3289 1053 3364 Pl'aessil]ua
1108 3295 1212 3355 Christi
1228 3293 1287 3352 lere
1305 3290 1630 3362 undenongentesimus
1650 3293 1722 3355 erat,
1739 3285 1863 3343 clericus
1882 3287 1935 3342 ibi-

224 3377 312 3451 elogii
321 3379 387 3436 11OEss
402 3393 521 3435 summa
538 3395 544 3434 ἓ
562 3401 576 3428 “
590 3379 656 3434 Fuit
670 3379 768 3450 isst'lssl't
786 3383 817 3434 Ul
831 3377 960 3433 veridica
973 3377 1052 3451 prio·
1107 3387 1176 3442 dem
1195 3387 1284 3460 atque
1299 3379 1462 3439 canonicus
1478 3376 1573 3434 lactus
1601 3381 1645 3433 est
1672 3377 1702 3432 in
1727 3373 1872 3449 frequenti
1898 3375 1936 3430 ci-

222 3485 290 3525 rum
305 3468 448 3526 relatione
463 3469 563 3540 fellul',
578 3465 672 3524 nobili
687 3467 829 3542 prosapia
855 3469 949 3539 Salus,
965 3469 1052 3524 Clno·
1107 3475 1190 3534 vium
1205 3478 1233 3532 et
1247 3474 1423 3542 magnatum
1439 3471 1526 3528 coetu,
1543 3489 1556 3515 a
1573 3469 1649 3522 Inter
1670 3467 1726 3522 hos
1748 3481 1818 3522 vero
1842 3461 1937 3520 adfuit

224 3560 366 3615 mannica
381 3559 502 3629 regione
517 3561 647 3622 exortus,
676 3559 784 3614 artium
813 3556 981 3614 liberalium
1004 3576 1054 3632 ap-
1108 3581 1209 3622 comos
1225 3561 1324 3631 Falco,
1350 3559 1492 3634 quicum
1519 3555 1672 3623 nutrierat,
1690 3579 1702 3605 tt
1732 3555 1818 3630 eiquo
1835 3579 1847 3602 a
1864 3557 1936 3610 'mox

223 3647 319 3720 ptime
331 3645 442 3718 regulis
472 3646 616 3716 imbutus,
648 3645 847 3705 almilldrlissi
873 3648 1053 3704 Tumssesssis
1108 3651 1214 3712 cellam
1227 3651 1356 3725 juxtalt.
1373 3645 1487 3706 Martini
1501 3643 1782 3716 tribuitecolesiam,
1797 3647 1825 3699 et
1839 3642 1936 3717 quoli-

223 3733 354 3794 basillcne
377 3735 514 3804 aedituus,
533 3750 671 3791 sermone
694 3735 804 3806 clarus,
828 3737 883 3792 etc.
902 3735 1054 3792 ltelibntus
1108 3741 1233 3800 ojanum
1249 3743 1410 3796 uolumen
1425 3731 1532 3792 eadem
1555 3733 1701 3794 canonica
1716 3729 1883 3806 acquisivit,
1900 3731 1938 3786 ci-

222 3824 349 3898 proinde
364 3823 456 3881 odore
471 3824 625 3893 virtutum,
636 3839 727 3896 quem
743 3821 774 3880 id
787 3823 930 3900 temporis
938 3824 1054 3882 Clunia·
1108 3847 1167 3904 que
1182 3826 1337 3886 concessit.
1354 3849 1367 3876 c
1385 3822 1517 3893 Fulecni,
1534 3823 1614 3878 Bono
1630 3837 1797 3894 cognomen
1810 3823 1882 3887 erat,
1899 3817 1936 3874 de

223 3913 320 3970 censis
333 3929 437 3969 rumor
451 3913 521 3986 (imo
549 3913 724 3980 Balmensis)
748 3913 950 3986 pretiosorum
971 3930 1054 3972 more
1109 3936 1170 3993 quo
1185 3917 1280 3974 mrdta
1294 3911 1437 3988 praeclara
1451 3911 1482 3968 in
1504 3909 1594 3981 gestis
1621 3905 1779 3964 consulum
1800 3905 1937 3974 hndega-

223 4001 624 4077 aromatum,longelateque
632 4001 815 4080 profuderat,
826 4007 925 4062 mente
934 4019 1056 4078 promp-
1110 4005 1248 4062 vensium
1262 4003 1293 4058 ln
1306 4000 1453 4076 spicilegii
1468 4003 1549 4058 tomo
1564 4001 1595 4070 ll,
1611 4013 1680 4072 pag.
1694 3997 1746 4052 402
1762 3997 1790 4051 et
1808 3995 1871 4064 tat,
1884 3991 1937 4049 ubi

221 4095 252 4151 ta
272 4093 355 4168 quod
374 4091 427 4150 diu
441 4094 643 4168 concupierat,
673 4093 822 4150 tenebrosi
840 4092 959 4168 reliquit
973 4109 1053 4179 rura,
1108 4095 1172 4152 haec
1188 4093 1280 4152 verba
1291 4107 1361 4168 pag.
1378 4091 1448 4148 ⁴35:
1466 4113 1478 4139 «
1496 4089 1568 4146 Boni
1587 4086 1682 4160 ipsius
1698 4101 1797 4144 mores
1811 4082 1894 4143 domi
1909 4086 1937 4140 et

221 4181 342 4254 lugente
359 4183 422 4238 cive
432 4183 463 4238 in
476 4183 582 4256 patria,
595 4183 713 4239 laetante
724 4183 838 4240 Christo
852 4181 881 4238 ln
895 4182 999 4254 gloria,
1011 4183 1054 4238 di·
1110 4183 1220 4240 militiae
1235 4181 1410 4238 colebantur
1426 4197 1431 4233 :
1445 4179 1494 4252 J'us
1522 4176 1648 4242 bonum,
1665 4171 1825 4229 concordia
1843 4171 1937 4229 maxi-

220 4271 290 4327 vino
303 4273 377 4340 jugo
392 4271 476 4326 mitia
487 4271 647 4346 supposuit
662 4271 747 4326 colla.
760 4269 905 4325 Tirocinio
921 4269 1050 4344 denique
1109 4289 1170 4341 ma,
1184 4269 1310 4326 minima
1320 4267 1443 4325 avaritia
1453 4263 1557 4336 inipso
1569 4265 1640 4318 erat.
1654 4283 1668 4312 c
1683 4263 1757 4317 Tum
1768 4257 1805 4316 de
1814 4258 1934 4316 Odone:

222 4371 284 4413 sure
298 4356 501 4413 conversionis
516 4371 578 4413 non
593 4357 722 4426 segniter
734 4360 866 4430 peracto,
881 4357 1051 4430 precatione
1071 4330 1093 4383 Β
1112 4382 1121 4413 ι
1138 4363 1192 4416 lstc
1206 4359 1328 4416 nutrivit
1342 4359 1479 4414 sanctum
1494 4349 1640 4422 Odonem,
1653 4355 1681 4407 et
1694 4349 1720 4407 ei
1733 4347 1838 4406 cellam
1851 4349 1936 4421 juxta

221 4444 315 4518 patris
328 4445 556 4514 circumventus
574 4447 660 4517 cujus
674 4443 815 4500 institutis
830 4443 926 4502 luerat
941 4447 1052 4503 manci·
1107 4445 1186 4502 boati
1212 4445 1326 4504 lllartini
1350 4442 1452 4500 tribuit
1480 4438 1649 4510 ecclesiam,
1671 4441 1700 4496 et
1724 4435 1936 4512 quotidianum

220 4538 320 4609 patus,
334 4533 439 4592 voleus
453 4535 629 4609 nolensque,
647 4537 679 4594 ut
690 4533 787 4590 verius
803 4533 916 4591 dictum
932 4535 977 4606 sit,
996 4553 1050 4594 no·
1106 4535 1218 4594 victum
1232 4553 1269 4594 ex
1284 4535 1390 4592 eadem
1405 4548 1536 4604 camera,
1552 4531 1604 4606 qui
1618 4528 1815 4605 postmodum
1828 4523 1937 4596 magis-

220 4623 294 4694 lens,
325 4625 413 4681 totins
442 4623 631 4681 maternitatis
654 4623 692 4680 ad
726 4623 892 4695 regendum
921 4627 1052 4700 suscepit
1107 4630 1149 4682 ter
1164 4625 1271 4684 scholae
1288 4628 1317 4680 et
1329 4627 1496 4700 praecentor
1518 4619 1655 4694 eJusdem
1686 4613 1936 4675 ecclesiaecodem

222 4729 359 4772 examen.
376 4717 493 4781 Quanta
508 4713 637 4788 deniqne
653 4713 817 4770 acrimonia
842 4715 974 4772 excelsos
990 4716 1051 4772 ani·
1105 4711 1228 4772 consule
1243 4703 1478 4770 adminiculante
1492 4710 1670 4767 constitutus
1685 4712 1738 4766 est.
1757 4731 1771 4758 c

220 4819 287 4861 mos
303 4809 442 4877 sternere,
457 4803 574 4878 qualive
585 4803 701 4860 cautela
711 4803 833 4862 virtutes
848 4805 976 4862 inserere
992 4810 1050 4862 stu·
1140 4809 1167 4858 7.
1179 4803 1309 4860 loannes
1318 4799 1545 4858 deindeannm.
1560 4795 1826 4854 l2nar1·at0donls
1838 4791 1937 4852 studia

220 4893 294 4964 duit,
311 4909 373 4951 non
387 4893 506 4966 ignorat
521 4893 614 4968 ltalia,
629 4897 810 4972 protestatur
825 4893 1052 4968 burgundiam·
1105 4897 1133 4950 et
1147 4893 1277 4962 virtutes,
1297 4889 1513 4968 protectionem
1528 4886 1667 4958 Parisios,
1690 4883 1741 4942 ubi
1753 4885 1937 4956 praeceptore

219 4982 343 5057 mulque
357 4984 446 5041 refert
460 4983 562 5041 Gallia.
574 4982 737 5058 Prophetiae
748 4981 877 5060 denique
890 4983 984 5056 gralia
993 4986 1051 5042 sul·
1104 4983 1239 5054 Remigio
1245 4979 1495 5040 autissiodorensi
1506 4973 1657 5036 monacho
1666 4976 1743 5032 artes
1751 4969 1937 5042 liberales,in

220 5069 305 5128 lusus
319 5088 356 5136 ex
365 5073 423 5130 hoc
435 5073 597 5131 certissime
608 5070 804 5147 approbatur,
819 5073 893 5130 dum
906 5092 1050 5150 suprema
1104 5071 1316 5146 hishugustini
1325 5069 1534 5128 «dialecticam
1546 5061 1701 5122 Adeodato
1710 5059 1771 5116 lilio
1782 5059 1934 5130 missam»

220 5167 297 5220 sorte
305 5164 663 5238 preventuscontatione
672 5163 796 5221 fratrum
805 5164 1050 5240 requisitus,quis
1104 5161 1215 5218 didicit.
1229 5163 1363 5218 Turonos
1377 5173 1526 5222 reversus,
1543 5151 1670 5212 moralia
1692 5147 1824 5222 Gregorii
1838 5147 1933 5217 Magni

220 5267 256 5306 cx
271 5257 353 5310 tanto
365 5251 490 5324 collegio
506 5254 617 5310 crateris
629 5253 849 5326 proliceretur;
866 5253 926 5310 alto
954 5253 1050 5311 llami·
1104 5251 1135 5306 in
1149 5247 1204 5306 lob
1217 5249 1248 5306 in
1262 5247 1477 5321 compendium
1491 5241 1615 5312 redegit,
1625 5239 1708 5314 quod
1721 5235 1933 5314 compendium

221 5353 257 5396 ne
271 5341 390 5398 alllatus
410 5343 451 5397 sic
467 5343 506 5398 a¹l
529 5359 580 5398 cos
595 5343 785 5416 respondisse
814 5343 905 5400 lcrtur
921 5363 927 5399 :
945 5345 1050 5400 Nostra
1104 5339 1202 5394 studio
1215 5337 1319 5394 domni
1334 5330 1596 5401 Martinildarrerii,
1608 5329 1748 5387 monaehi
1760 5323 1841 5400 apud
1851 5338 1935 5378 sanc-

220 5429 250 5486 in
267 5431 334 5492 hae,
351 5448 369 5484 o
383 5431 444 5499 lilii,
471 5432 626 5490 vacillante
652 5449 788 5503 censura,
805 5433 911 5490 Christi
931 5431 1049 5488 Domini
1105 5427 1375 5484 tnruldartinumdc
1386 5411 1935 5498 campie,typisvulgatumestl‘arisiis

218 5519 305 5589 larga
333 5533 394 5574 non
416 5519 508 5576 deerit
533 5519 703 5593 prudentia,
732 5539 798 5594 quae
823 5525 851 5575 ct
864 5519 967 5576 domui
987 5535 1049 5574 suae
1105 5533 1185 5574 anno
1203 5519 1421 5574 totatoanms
1443 5513 1483 5572 ait
1496 5511 1525 5570 id
1544 5513 1643 5588 operis
1667 5511 1706 5568 ab
1719 5505 1821 5562 Odone
1837 5517 1937 5558 susce·

217 5613 355 5666 sanctum
372 5609 541 5681 providebit
556 5618 718 5684 pastorem,
732 5615 760 5667 ct
773 5609 860 5666 robis
872 5607 1047 5680 rogantibus
1104 5611 1189 5680 ptum
1198 5606 1289 5662 luisse
1302 5610 1408 5678 rogatu
1416 5605 1551 5670 fratrum,
1565 5603 1596 5660 id
1607 5605 1651 5658 est
1661 5592 1935 5657 concanonicorum

1839 5731 1906 5854 ρ.

1878 5869 1965 5960 wc
