4104 6162
253 143 307 203 “l
781 133 810 192 S.
826 133 956 192 ODONlS
969 129 1118 196 ateana
1133 127 1384 187 cambrensis
1397 129 1431 184 11.
1909 130 1964 184 688

253 260 410 322 redundet.
425 258 608 333 titteipsum,
624 258 729 332 inquit,
759 257 801 318 ita
819 257 968 314 dimittam
982 259 1016 312 ut
1029 269 1080 312 ne·
1095 260 1119 320 Α
1133 267 1223 310 omne
1237 251 1412 328 quodnuno
1425 240 1508 308 lama
1520 250 1559 308 da
1573 249 1681 308 codem
1701 253 1806 306 sancto
1821 249 1888 306 viro
1904 249 1963 306 dis

254 367 313 426 que
338 347 485 416 obsidem,
515 363 614 421 neque
639 347 764 420 aliquod
790 347 998 419 juramentum
1019 347 1079 402 ate
1133 340 1288 414 pergitur
1312 339 1428 396 cautius
1443 355 1479 396 ac
1494 338 1667 410 diligentius
1695 353 1819 394 causam
1834 339 1902 410 ejus
1924 355 1965 394 re

254 437 403 510 suscipere
427 451 540 492 curem.
568 434 627 494 Sed
652 451 750 507 neque
764 434 802 492 de
825 437 878 492 tua
900 431 1080 506 supellectile
1134 431 1269 486 tractant.
1292 432 1367 484 Nam
1394 428 1419 484 si
1445 429 1503 485 hoo
1529 428 1650 484 obstare
1678 426 1808 496 videtur,
1835 428 1922 500 quod
1936 427 1965 484 in

254 521 361 578 saltem
370 537 426 596 pro
441 522 686 596 compensatione
700 522 821 596 prmdre,
837 538 931 596 quam
944 535 1080 578 exercere
1134 516 1244 574 saeculo
1258 521 1365 590 potens
1375 515 1439 584 luit,
1450 514 1706 572 considerandum
1719 515 1855 588 estquod
1869 515 1966 586 major

254 609 358 668 solitus
374 627 416 679 es,
429 610 597 686 quidquam
613 610 727 668 anferre
742 609 922 686 permittam.
935 613 978 666 lta
1001 623 1081 665 coar·
1134 611 1164 664 et
1192 605 1373 664 laudabilior
1400 605 1494 662 virtus
1523 605 1560 662 sit
1584 604 1742 662 materiam
1770 603 1965 678 superbiendi

254 697 346 758 citum
354 699 466 757 dimisit
477 701 643 770 hominem,
658 704 687 758 et
698 700 745 758 illc
758 699 831 758 satis
842 698 985 772 deinceps
993 698 1079 766 cavit,
1134 693 1289 760 habuisse,
1317 697 1346 750 et
1371 697 1474 752 tamen
1504 691 1645 768 potentie
1673 693 1792 750 culmen
1815 693 1965 750 humiliter

254 805 293 846 ne
308 789 423 848 Geraldi
438 789 584 848 familiam
597 789 705 848 laedere
719 788 972 864 praesumpsisset.
1135 782 1360 856 compressisse.
1388 785 1519 840 Potestas
1545 782 1626 840 enim
1652 787 1772 840 nonest
1788 782 1847 838 nisi
1861 799 1879 838 a
1895 785 1965 840 lieo.

291 875 1081 952 lititam,atsupradixeramus,cessabantajusad-
1136 873 1202 944 Qui,
1229 873 1316 944 juxta
1343 871 1498 946 scriptum,
1522 874 1659 945 potentes
1684 885 1747 929 non
1770 869 1882 944 abjicit,
1897 887 1968 926 cum

255 965 379 1024 versarii
397 967 498 1026 divirm
526 971 609 1025 metu
636 966 826 1026 consternati.
854 969 927 1022 Nam
951 965 1018 1022 licet
1042 963 1081 1021 ad
1135 961 1200 1035 ipse
1213 961 1247 1019 sit
1261 965 1378 1035 potens.
1391 960 1533 1027 Quamvis
1548 960 1637 1030 igitur
1648 959 1785 1018 saeculari
1798 959 1892 1032 gloria
1906 959 1970 1016 fas·

257 1055 429 1130 exemplum
448 1055 514 1128 Job,
538 1056 628 1114 frater
649 1056 737 1114 fuerit
750 1055 917 1113 draconum
928 1059 956 1112 et
982 1051 1081 1110 socius
1136 1049 1256 1120 tigiatus
1286 1050 1383 1120 luerit,
1410 1067 1472 1107 non
1505 1048 1595 1106 debet
1619 1049 1792 1107 incredibile
1812 1049 1920 1120 videri,
1945 1049 1971 1106 si

258 1145 468 1214 struthionum,
494 1145 596 1204 bestia
625 1149 725 1203 mmen
751 1145 815 1218 agri
842 1145 974 1220 pacificae
998 1146 1082 1202 erant
1136 1142 1214 1196 Deus
1239 1138 1323 1195 illum
1337 1137 1492 1210 glorificat,
1509 1139 1561 1214 qui
1584 1138 1666 1196 hunc
1686 1138 1719 1196 in
1743 1138 1970 1196 observantiam

257 1234 309 1294 illi.
338 1237 413 1292 Nam
444 1251 515 1292 cum
539 1235 647 1294 alodus
677 1235 742 1308 ejus
768 1238 845 1292 esset
870 1234 1030 1307 postomia,
1053 1237 1083 1290 et
1135 1227 1352 1285 mandatorum
1373 1229 1439 1299 ejus
1473 1227 1662 1300 glorificavit.
1691 1225 1802 1284 Annon
1829 1232 1969 1300 potentes

257 1323 399 1396 deinceps
425 1323 582 1384 latifundia
594 1325 689 1398 ipsius
702 1325 743 1382 ita
758 1323 813 1380 sibi
832 1323 1033 1389 succederent,
1050 1325 1083 1379 ut
1135 1315 1257 1374 luerunt
1268 1320 1297 1373 et
1310 1316 1442 1374 bellicosi
1452 1332 1505 1374 rex
1516 1317 1622 1386 David,
1634 1316 1783 1382 Ezechias,
1799 1320 1828 1372 et
1841 1316 1942 1372 iosias
1958 1320 1971 1372 l

257 1427 354 1486 usquc
391 1411 431 1470 ad
469 1417 605 1470 montem
639 1427 786 1484 magnum
817 1413 974 1480 Greonem,
1015 1426 1083 1484 pos·
1136 1405 1283 1464 lloderuis
1311 1422 1433 1480 quoque
1455 1405 1643 1478 temporibus
1666 1406 1704 1462 de
1719 1405 1871 1462 nonnullis
1883 1405 1972 1462 audi-

257 1505 301 1558 set
328 1499 359 1558 in
385 1501 485 1558 eundo
514 1504 543 1558 et
564 1500 729 1572 redeundo,
759 1515 877 1572 semper
896 1499 927 1556 in
955 1499 1082 1574 propriis
1137 1500 1201 1553 tum
1228 1501 1283 1566 cst,
1307 1495 1383 1551 sicut
1409 1495 1447 1552 de
1477 1496 1532 1568 (98)
1554 1510 1624 1566 rege
1637 1495 1802 1566 anglorum
1817 1495 1972 1562 oswaldo,

258 1589 420 1646 mansitare
444 1587 576 1662 capellis,
603 1593 706 1644 tamen
720 1605 782 1646 noa
797 1588 950 1660 indigebat
975 1592 1008 1644 ut
1029 1587 1082 1646 ali-
1099 1607 1122 1665 g
1137 1602 1215 1658 quos
1228 1588 1306 1642 Deus
1321 1601 1375 1658 per
1388 1585 1474 1656 signa
1489 1585 1646 1656 glorificat,
1661 1586 1714 1657 qui
1744 1584 1855 1640 scilicet
1868 1585 1901 1640 in
1916 1585 1970 1640 ob

257 1693 351 1750 quam
379 1675 480 1734 villam
501 1676 621 1734 cuilibet
645 1676 758 1750 potenti
783 1675 823 1732 ad
850 1677 1083 1734 custodiendum
1138 1678 1319 1732 servantiam
1344 1673 1559 1732 mandatorum
1587 1675 1653 1748 ejus
1690 1673 1773 1730 illum
1802 1673 1972 1745 glorificare

257 1765 510 1836 commendasset,
522 1763 579 1822 nisi
591 1779 685 1822 unum
701 1764 799 1822 solum
810 1764 988 1840 praediolum
1001 1765 1083 1840 quod
1104 1766 1109 1778 ’
1138 1763 1326 1820 studuerunt.
1343 1763 1476 1836 lienique
1490 1763 1522 1820 in
1538 1763 1664 1834 singulis
1679 1763 1771 1836 hauns
1788 1763 1855 1820 vitre
1879 1764 1972 1820 auri-

257 1851 363 1912 dicftur
387 1853 601 1912 Taladiciacus.
629 1855 698 1910 Erat
724 1854 804 1912 enim
838 1853 978 1910 semotim
1006 1854 1084 1912 inter
1136 1851 1195 1908 bus
1209 1851 1304 1910 multa
1330 1852 1405 1924 gerit
1418 1851 1522 1908 diviua
1543 1851 1688 1922 dignatio,
1707 1867 1776 1925 quse
1800 1850 1840 1908 ad
1865 1852 1970 1910 incita·

257 1942 406 2016 pessimos
429 1942 541 2000 vicinos
554 1941 644 2013 longe
659 1957 678 1998 a
692 1943 805 1999 caeteris
828 1942 1026 2016 disparatum.
1043 1945 1083 2000 lte
1137 1944 1273 1998 mentum
1286 1941 1468 1998 conculcata
1480 1945 1509 1998 et
1522 1941 1622 2000 oblitae
1632 1941 1784 2014 religionis
1798 1941 1969 2016 proficiant

257 2033 316 2092 hoc
330 2029 473 2090 officiales
499 2035 699 2110 permiserunt
725 2033 818 2091 invito
832 2037 861 2090 et
875 2031 996 2100 nolenti,
1010 2047 1084 2104 qua·
1137 2027 1221 2086 Unda
1247 2029 1318 2088 dicit
1345 2029 1507 2104 Apostolus
1526 2031 1599 2104 quia
1619 2034 1697 2087 fleus
1713 2029 1831 2086 nullum
1846 2034 1970 2104 tempus

260 2128 345 2179 tenus
366 2121 440 2182 illud
459 2123 580 2181 cuidam
609 2123 759 2182 bernardo
787 2123 828 2180 ad
851 2115 1083 2178 custodiendum
1137 2118 1200 2175 sine
1224 2117 1272 2174 sui
1294 2115 1464 2174 testimonio
1485 2117 1636 2192 relinquit.
1656 2117 1743 2184 Quod
1759 2118 1850 2175 ctiam
1861 2119 1970 2191 perin-

259 2212 493 2270 commendaret.
522 2213 608 2280 Quod
631 2213 772 2288 equidem
795 2211 844 2268 ille
868 2209 1083 2284 cumquadam
1137 2210 1238 2278 gratos
1265 2203 1432 2280 aliquando
1457 2205 1501 2274 lit,
1531 2205 1609 2264 sicut
1626 2205 1768 2280 equidem
1796 2205 1854 2262 sub
1868 2208 1970 2278 ltoysa

256 2299 402 2360 hilaritate
411 2305 547 2374 patenter
558 2300 682 2370 ferebat,
697 2301 800 2358 dicem
816 2317 823 2356 ε
840 2302 916 2356 acne
927 2297 1001 2356 milri
1014 2313 1084 2354 con·
1138 2295 1233 2352 multa
1247 2293 1334 2366 signa
1349 2311 1418 2352 cum
1432 2294 1488 2352 illis
1503 2299 1621 2370 patrata
1634 2299 1712 2361 sunt,
1723 2295 1762 2352 de
1775 2294 1888 2368 quibus
1904 2297 1972 2351 scri·

257 2383 323 2458 tigit
337 2391 370 2444 ut
392 2388 507 2445 discam
533 2389 605 2462 quia
626 2389 742 2444 bonum
757 2392 803 2444 ast
817 2387 967 2445 confidere
982 2386 1012 2442 in
1028 2389 1083 2442 Do-
1138 2388 1225 2457 ptum
1238 2386 1290 2448 est,
1302 2384 1449 2458 quoniam
1462 2399 1525 2441 non
1546 2383 1578 2440 in
1600 2383 1739 2458 pluribus
1766 2383 1973 2441 eorumbene·

257 2476 352 2546 mino,
380 2491 475 2548 quam
498 2477 530 2534 in
557 2476 688 2534 homine.
716 2476 801 2542 Quod
829 2475 938 2531 scilicet
960 2474 1000 2530 ob
1025 2475 1083 2531 hoc
1138 2471 1282 2544 placitum
1296 2473 1433 2530 fuitDeo.
1450 2475 1482 2530 Et
1496 2472 1871 2530 nonnullavixcredibilia
1889 2489 1971 2532 vera-

257 2561 344 2620 libuit
356 2570 640 2634 commemorarent
650 2565 720 2622 hinc
734 2567 844 2640 pateat,
869 2563 942 2638 quia
966 2566 1083 2636 quoties
1138 2576 1188 2618 ces
1202 2565 1230 2618 et
1244 2559 1344 2618 idonei
1358 2566 1445 2618 testes
1460 2567 1610 2634 asserunt,
1622 2561 1815 2619 sicutbeatus
1830 2563 1972 2636 Hierony·

259 2653 337 2708 usus
353 2652 465 2725 aliquid
493 2653 533 2712 ad
556 2655 620 2726 ejus
633 2654 843 2728 probationem
858 2652 922 2709 fieri
937 2653 1081 2727 permisit,
1138 2665 1207 2705 mus
1222 2649 1259 2705 de
1271 2651 1406 2724 quodam
1421 2649 1579 2724 quondam
1589 2650 1717 2708 violento
1731 2653 1760 2708 et
1771 2650 1900 2716 latrone,
1918 2654 1972 2725 qui

257 2735 305 2796 ille
320 2753 380 2798 non
396 2739 435 2796 ad
450 2740 606 2810 tristitiam,
623 2741 935 2798 sedadhumilitatem
950 2741 981 2797 id
1002 2745 1084 2797 'retu-
1138 2742 1244 2812 postea
1258 2753 1423 2796 conversus
1434 2739 1474 2795 ad
1490 2738 1649 2810 Christum,
1672 2738 1766 2796 solem
1792 2739 1832 2796 ad
1847 2739 1971 2814 explen-

258 2825 331 2886 lerit.
361 2830 415 2886 Per
436 2829 519 2904 quod
547 2830 636 2888 etiam
675 2831 906 2897 demonstratur,
933 2829 1023 2904 quod.
1039 2831 1084 2886 vir
1140 2826 1225 2894 dum,
1242 2827 1400 2884 itersuum
1416 2827 1469 2884 diu
1493 2832 1570 2886 stara
1597 2827 1675 2899 fecit,
1691 2844 1726 2885 ac
1742 2828 1853 2886 deinde
1867 2828 1972 2886 clauso

257 2912 312 2974 iste
340 2934 376 2975 ex
404 2917 464 2978 fide
490 2919 603 2992 vixerit,
631 2919 684 2994 qui
717 2925 825 2978 cuncta
851 2917 959 2978 divinae
985 2919 1084 2994 dispo·
1101 2953 1121 3009 C
1140 2915 1217 2972 ostio
1241 2915 1281 2973 ad
1302 2916 1466 2988 discipulos
1491 2917 1684 2990 corporaliter
1698 2917 1828 2974 intravit.
1846 2918 1877 2976 Si
1899 2934 1972 2988 ergo

258 3005 356 3064 sitioni
389 3007 544 3080 subiacere
572 3009 754 3080 cognoverit,
779 3013 808 3066 et
833 3009 917 3082 quod
945 3009 976 3064 in
1001 3009 1084 3064 terris
1139 3008 1227 3077 fleus,
1243 3005 1296 3079 qui
1310 3022 1379 3064 cum
1395 3005 1532 3078 patribus
1547 3006 1696 3064 mirabilia
1710 3006 1788 3077 iecit,
1804 3006 1895 3064 etiam
1903 3023 1972 3063 nos-

257 3093 331 3154 nihil
345 3090 409 3154 sine
433 3112 536 3168 causa,
551 3101 585 3154 ut
598 3098 742 3170 scriptum
766 3100 819 3166 est,
841 3095 905 3153 fieri
924 3113 985 3154 non
1000 3095 1084 3168 igno·
1139 3095 1190 3150 tris
1206 3093 1393 3168 temporibus
1404 3095 1444 3152 ad
1458 3095 1717 3152 ressuscitandum
1732 3095 1917 3154 conculcatae
1931 3113 1973 3154 re

256 3185 375 3242 raverit.
1112 3227 1113 3231 ,
1138 3185 1258 3258 ligionis
1270 3186 1421 3258 aflectum,
1433 3187 1660 3262 perhominem,
1674 3187 1727 3262 qui
1737 3184 1852 3246 sicutin
1863 3188 1971 3246 diebus

292 3274 370 3330 llbll.
384 3277 427 3332 En
443 3275 585 3350 quaedam
597 3276 635 3333 de
645 3274 841 3332 exterioribus
857 3273 946 3346 gestis
963 3275 1041 3346 ejus,
1056 3277 1086 3332 et
1139 3279 1209 3346 ltloo,
1222 3276 1322 3348 justus
1336 3281 1471 3350 repertus
1493 3281 1548 3347 cst,
1573 3276 1659 3348 signa
1683 3275 1826 3350 dignatur
1839 3279 1970 3350 operari,

139 3414 142 3420 .
258 3361 413 3418 communi
441 3364 666 3420 conversatione
697 3361 885 3433 digessimus,
928 3375 982 3437 per
1016 3379 1085 3436 quae
1139 3363 1312 3421 incredibile
1327 3380 1389 3421 non
1404 3365 1494 3422 dabat
1506 3365 1609 3424 videri.
1641 3366 1697 3424 Sed
1724 3366 1789 3440 ipse
1808 3367 1910 3439 potius
1929 3372 1971 3424 est

258 3443 541 3506 videlicetfacillima
556 3453 646 3524 patet,
664 3449 748 3523 quod
763 3449 874 3508 viriste
887 3449 1008 3524 iustitiae
1026 3449 1086 3508 cul-
1140 3452 1364 3523 glorificandus,
1380 3453 1564 3528 quinalium
1578 3460 1697 3530 tempus
1719 3455 1784 3512 sine
1796 3457 1971 3514 testimonio

258 3537 305 3592 tor
313 3533 410 3607 luerit,
429 3540 459 3594 et
483 3537 568 3610 juxta
596 3537 793 3612 apostolicum
822 3542 1016 3612 praeceptum,
1039 3556 1085 3595 so·
1139 3540 1280 3598 bonitatis
1307 3557 1370 3598 sure
1396 3541 1580 3616 relinquens,
1608 3561 1670 3601 suae
1685 3544 1895 3618 promissionis
1910 3562 1972 3602 me·

258 3623 333 3698 brie,
357 3629 386 3682 ct
397 3625 455 3700 pie,
466 3627 580 3700 etjustc
596 3630 792 3684 conversatus
818 3631 872 3698 est,
902 3630 975 3685 Cum
996 3627 1086 3699 igitur
1139 3644 1216 3700 mor,
1232 3644 1295 3685 non
1308 3629 1418 3686 desinit
1430 3630 1608 3688 benefacere
1620 3632 1734 3707 populo
1747 3649 1813 3690 suo.
1824 3635 1866 3690 De
1880 3635 1970 3704 gestis

258 3711 291 3770 in
312 3711 575 3784 justificationibus
601 3715 719 3772 Domini
747 3715 810 3772 sine
821 3711 944 3791 quercla
962 3731 993 3772 sc
1004 3732 1085 3772 exer·
1139 3721 1240 3774 autem
1254 3717 1390 3790 ejusdem
1405 3719 1469 3788 viri,
1486 3737 1553 3794 quae
1569 3721 1637 3792 egit,
1649 3727 1815 3796 postquam
1825 3722 1919 3780 cultui
1929 3723 1971 3778 di·

258 3801 360 3872 cuerit,
375 3803 547 3862 incredibile
562 3819 624 3862 non
638 3804 726 3862 debet
740 3805 843 3873 videri,
858 3805 882 3860 si
909 3805 974 3878 ipse
986 3805 1084 3862 Domi·
1138 3806 1217 3864 vinae
1245 3807 1403 3876 servitutis
1432 3825 1469 3866 ex
1482 3813 1544 3868 toto
1559 3827 1590 3868 se
1605 3811 1737 3884 cohesit,
1752 3829 1821 3885 quea
1842 3813 1970 3870 dicenda

258 3907 316 3950 nus
328 3891 563 3950 misericordiam
578 3909 666 3950 suam
680 3910 750 3952 cum
765 3893 991 3965 comagnilicat.
1009 3896 1086 3961 Qua·
1139 3901 1218 3965 sunt,
1235 3899 1372 3969 sequenti
1381 3897 1481 3956 libello
1496 3905 1693 3974 reservantes,
1709 3901 1758 3958 hic
1772 3901 1864 3958 istum
1879 3901 1970 3958 inltei

258 3984 380 4056 propter
390 3982 553 4040 suademus
578 3983 631 4052 eis,
653 3983 765 4058 quibus
784 3981 958 4040 incredibile
970 3977 1086 4042 viditur
1139 3984 1261 4042 nomine
1278 3985 1483 4044 terminemus.

293 4107 350 4180 (98)
364 4108 409 4164 De
422 4121 494 4188 repe
504 4107 673 4178 inpiorum
689 4107 836 4164 Oswalda.
861 4109 955 4174 Quem
985 4107 1086 4165 Penda
1139 4109 1239 4192 prodit
1261 4109 1408 4166 miracula
1422 4110 1564 4169 claruisse
1579 4112 1632 4169 ubi
1647 4111 1761 4183 cecidit,
1774 4117 1803 4169 st
1829 4112 1919 4186 plura
1933 4113 1971 4168 de

256 4193 397 4252 paganus
412 4181 585 4236 Marciorum
599 4193 652 4234 rex
667 4178 751 4248 gravi
766 4177 869 4253 praelio
884 4178 1040 4246 etoccidit,
1057 4183 1087 4236 et
1139 4180 1189 4236 illo
1217 4181 1319 4238 scribit
1340 4181 1392 4238 lib.
1421 4198 1440 4237 u
1469 4183 1539 4242 trist.
1565 4184 1642 4242 Eccl.
1669 4185 1770 4255 Angl,
1799 4201 1868 4258 cap·
1897 4184 1970 4254 ult.,·

258 4251 394 4306 occisum
409 4265 529 4306 summa
540 4265 609 4306 cum
621 4248 972 4322 immanitatedeccrpsit.
990 4250 1086 4306 Chris·
1139 4250 1194 4308 lib.
1220 4269 1263 4322 ru,
1290 4268 1357 4326 cap.
1386 4255 1848 4330 l,6,t·te,atlib.1v,cap.le.

258 4317 460 4377 tianissimum
475 4322 504 4376 et
516 4317 576 4376 Deo
591 4317 733 4376 dilectum
760 4323 847 4376 vocat
873 4315 961 4388 Beda,
990 4321 1041 4394 qui
1057 4323 1086 4377 et

660 4638 921 4730 paullulo
959 4639 1013 4734 IN
1051 4643 1240 4734 LIBRUM
1277 4644 1558 4736 SlltlUNDUM.

293 4931 342 4990 llis
354 4930 408 5005 qui
421 4931 584 4990 demeritis
598 4930 704 4990 domni
727 4932 845 4992 (teraldi
857 4940 968 4992 tammo
981 4920 1113 5008 diepa-⁰
1132 4931 1263 4990 Christus
1272 4933 1389 5007 operari
1401 4933 1552 5006 dignatur.
1564 4937 1654 4992 Porro
1664 4935 1710 4996 tris
1720 4935 1773 5010 qai
1784 4935 1965 5006 gloriantur,

256 5023 322 5077 tant
340 5019 511 5077 satisfacere
519 5025 619 5095 potest
629 5021 819 5080 considerata
829 5023 998 5097 etinspeota
1011 5037 1086 5096 qua·
1137 5021 1278 5092 dicentes,
1288 5023 1372 5096 quod
1382 5023 1526 5080 (teraldus
1541 5030 1648 5098 potens
1660 5024 1725 5096 fult,
1738 5029 1767 5082 et
1777 5031 1904 5082 sanctus
1915 5031 1969 5083 est

255 5107 397 5167 litasvltte
415 5109 489 5182 ejus.
499 5111 574 5166 Nam
584 5107 1003 5184 quasiintribunaliquodam
1014 5107 1084 5166 resi·
1138 5109 1344 5168 suademusne
1358 5111 1527 5170 elbidehoc
1539 5110 1820 5188 applaiudant,quia
1830 5113 1890 5172 nisi
1899 5131 1971 5190 pau-

256 5195 1083 5270 dentes,dccernuntutrumsanctusdebeatesseannon,
1137 5217 1223 5276 peres
1234 5200 1339 5274 spiritu
1349 5199 1467 5270 fuerint,
1492 5201 1674 5272 etsicutille,
1699 5219 1787 5260 suam
1802 5205 1972 5278 potentiam

256 5305 326 5348 cunr
349 5289 407 5348 hoc
430 5287 531 5346 divino
548 5289 662 5361 judicio
677 5287 841 5360 subjaceat
856 5289 1018 5362 quostiam
1031 5303 1085 5362 per
1137 5287 1280 5360 religione
1290 5289 1466 5355 condierint,
1476 5305 1547 5348 casa
1554 5307 1660 5348 corum
1668 5307 1762 5365 parva
1772 5307 1838 5350 asse
1847 5308 1974 5366 nonpo-

254 5379 400 5454 reprobos
415 5378 455 5436 ad
465 5377 620 5436 utilitatem
639 5376 791 5433 bonorum
805 5377 892 5448 signa
906 5377 1085 5452 plerumque
1137 5379 1212 5434 terit.
1225 5381 1287 5434 lmo
1301 5378 1525 5451 comparatione
1544 5380 1816 5454 ejusrevincentur,
1834 5383 1972 5456 potuisse

255 5465 343 5524 flunt.
357 5463 406 5524 ills
420 5481 491 5540 ergo
505 5463 667 5525 satisfaciat
685 5465 832 5522 attestatio
858 5465 1083 5538 miraculorum,
1138 5467 1344 5542 quidemjuste
1354 5467 1831 5540 similitarrivere,sednoluisse;
1841 5471 1973 5528 mandu-

255 5569 473 5632 qumparcum
484 5551 532 5614 vel
543 5553 619 5616 dum
629 5553 749 5626 viveret,
762 5553 811 5612 vel
820 5554 957 5634 postejus
967 5553 1084 5615 obitum
1138 5573 1229 5616 conce
1242 5572 1312 5618 vero
1325 5560 1353 5618 et
1367 5555 1499 5630 bibaces,
1513 5563 1542 5618 et
1556 5558 1594 5618 de
1615 5559 1801 5636 quibusdam
1815 5559 1973 5636 religionis
