4120 6154
186 83 190 92 ¹
222 133 272 188 iii
680 121 706 128 ··
753 129 781 187 e.
801 111 1363 187 ononisianirisciuiiicaasis
1381 126 1405 184 ιι
1507 131 1510 138 ’
1546 115 1557 132 ·
1880 123 1958 191 ιιι.

223 265 309 328 ιιοιι
331 250 416 308 flexis
439 249 603 324 poplitibus
631 254 715 310 terra
730 253 863 324 inheret,
878 252 910 308 iii
928 251 1052 326 quibus·
1065 253 1089 309 t,
1108 249 1216 310 mentis
1230 252 1304 312 cela.
1320 255 1494 310 ιιοιιιιιιι.
1512 249 1629 322 ιιιιιςιιιι
1644 253 1755 308 terram
1767 241 1870 308 fodere
1878 253 1937 319 ast,

225 343 299 400 dam
325 344 427 398 tamen
450 339 593 412 expansis
617 339 674 397 alis
700 357 731 399 se
756 341 788 398 in
802 357 873 400 aera
886 339 1051 414 suspendit.
1107 341 1240 400 districta
1260 340 1442 400 abstinentia
1464 356 1587 398 carnem
1609 339 1744 398 domare.
1774 339 1932 414 Sequitur:

226 426 381 486 Conversis
396 427 511 501 quippe
532 427 616 485 initia
638 428 727 486 bonis
752 429 889 498 moribus
905 427 1054 500 malisque
1107 431 1251 489 assuitur
1274 431 1430 488 audacter.
1458 428 1666 487 -Audacter
1693 427 1832 496 exsultat,
1863 427 1935 502 quii

224 516 360 572 immista
388 519 468 582 sunt,
488 515 563 572 dum
591 532 673 575 nova
698 517 763 589 jain
791 515 1054 591 perintentionam
1108 521 1150 578 sio
1173 521 1306 578 adversis
1331 535 1393 576 non
1416 519 1574 590 frangitur,
1603 519 1681 576 sicut
1704 535 1760 576 nec
1782 518 1935 594 prosperis

224 603 332 678 agitur,
348 607 378 661 et
398 608 483 660 vetus
509 605 610 662 adhuc
634 606 747 662 vitaer
765 622 823 663 usu
837 605 988 663 retinetur.
1004 606 1054 662 Se·
1107 610 1251 668 elevatur.
1277 610 1411 668 Adversa
1439 624 1574 684 namque
1598 624 1661 666 non
1687 609 1831 681 dejiciunt
1844 623 1936 682 quein

223 693 325 766 quitur
341 709 349 749 ε
366 694 470 750 Gloria
483 695 606 751 nomam
617 697 682 764 ejus
693 701 799 752 terror.
811 726 846 736 -
856 699 888 752 in
904 695 1054 768 Scriptura
1107 713 1252 774 prospera
1263 699 1348 757 nulla
1359 703 1567 773 corrumpunt.
1584 701 1625 757 Ne
1637 714 1709 770 ergo
1723 697 1939 772 prematur-ad·

225 798 313 839 sacra
325 781 475 838 vocabulo
485 781 616 851 narium,
628 782 793 858 aliquando
803 784 922 842 fatuitas
934 783 1054 840 narium
1107 789 1210 858 versis,
1225 787 1318 846 habet
1330 787 1392 845 vim
1410 786 1611 856 tortitudinis3
1640 802 1679 844 ne
1705 786 1837 846 elevetur
1854 801 1939 861 pros-

225 870 300 927 solet
313 869 447 943 intelligi,
463 870 607 928 utillud:
624 894 638 922 ι
654 872 787 930 circulus
801 889 910 930 aureus
924 873 956 930 in
976 872 1054 930 nari·
1108 876 1196 952 peris,
1212 877 1303 934 habet
1321 875 1442 951 pondus
1456 876 1585 949 desuper
1600 875 1740 934 sedentis.
1754 876 1786 934 iii
1802 875 1939 934 adversis

225 950 283 1015 bus
298 959 360 1014 suis
375 959 474 1031 (Prae.
490 976 532 1030 ιι,
545 960 601 1034 ιι).
616 978 632 1015 ι
647 961 818 1035 Aliquando
833 961 948 1036 antiqui
960 960 1054 1019 hostis
1107 966 1266 1036 hilarescit,
1281 966 1354 1040 quia
1368 966 1473 1038 augeri
1487 965 1544 1022 sibi
1556 965 1673 1023 virtutis
1687 965 1830 1022 meritum
1857 964 1940 1022 laeta·

225 1047 387 1120 instigatio,
418 1051 450 1103 nt
476 1046 551 1103 illud
567 1065 574 1104 ι
591 1069 605 1100 ι
622 1052 662 1106 De
689 1050 813 1108 naribus
833 1051 898 1124 ejus
921 1049 1055 1124 procedit
1109 1059 1165 1113 tur.
1179 1055 1252 1112 Hinc
1275 1056 1312 1112 de
1326 1055 1469 1130 apostolis
1498 1053 1606 1112 dicitur
1620 1054 1750 1112 :elbaut
1772 1053 1941 1124 gaudentes

226 1137 329 1193 fumus
345 1137 427 1206 (Tot.
443 1153 500 1202 xii,
522 1139 574 1210 ιι).
596 1159 611 1188 ii
625 1138 795 1212 Aliquando
813 1156 885 1198 vero
899 1139 1056 1214 praescien-
1108 1149 1304 1220 aconspectu
1327 1143 1453 1213 concilii,
1469 1166 1483 1194 c
1512 1147 1567 1200 etc.
1594 1145 1671 1216 (Act.
1698 1159 1727 1210 v,
1757 1143 1815 1214 lit.)
1838 1141 1941 1200 Solent

226 1225 267 1282 tia
282 1225 468 1297 designatur,
484 1225 604 1283 utillud
618 1229 772 1302 proplietoe
789 1245 796 1286 ε
816 1251 825 1282 ι
845 1229 991 1297 Qaiescite
1015 1229 1054 1287 ah
1108 1249 1242 1308 namque
1254 1232 1382 1290 haeretici
1396 1237 1577 1306 potestatum
1592 1231 1699 1289 mundi
1713 1230 1941 1289 defensionibus

225 1313 359 1378 homine,
383 1313 469 1385 eujus
495 1315 617 1386 spiritus
636 1320 680 1372 est
699 1315 730 1372 in
753 1315 878 1373 naribus
892 1317 967 1389 ejus,
983 1317 1055 1390 quia
1109 1321 1295 1380 contrafidei
1309 1322 1553 1397 pradicationem
1576 1320 1872 1396 quasiquibusdam
1894 1337 1941 1378 ar

226 1401 362 1460 excelsus
371 1406 528 1474 reputatus
542 1408 589 1460 est
618 1403 767 1477 ipse(Isa.
783 1395 812 1473 ii,
828 1407 883 1478 ιι).
899 1427 914 1456 »
929 1406 991 1462 Hoc
1005 1422 1056 1462 au·
1110 1410 1166 1467 mis
1182 1427 1213 1467 se
1226 1414 1335 1482 tegere,
1361 1409 1415 1467 sed
1429 1425 1525 1484 equus
1547 1409 1604 1466 iste
1621 1413 1804 1483 potestatum
1831 1408 1942 1466 mundi

225 1494 286 1548 tem
298 1489 366 1547 loco
380 1489 501 1546 narium
512 1490 634 1547 nomine
647 1491 852 1565 predicatoris
862 1493 955 1550 sancti
966 1509 1056 1568 pries-
1109 1499 1297 1557 iracundiam
1311 1514 1373 1556 non
1388 1498 1538 1567 formidat,
1550 1497 1621 1572 quia
1630 1497 1725 1572 ipsius
1736 1513 1861 1572 quoque
1872 1499 1941 1554 vitis

224 1579 333 1637 aientia
343 1595 379 1636 ao
388 1578 764 1652 prestolatiodesigiiatui.
778 1584 855 1639 tium
868 1582 1056 1642 enimvenire
1069 1606 1090 1659 p
1109 1589 1263 1662 praesentis
1277 1589 1459 1646 desiderium
1473 1604 1528 1663 per
1540 1591 1648 1646 inentis
1661 1604 1819 1646 excessum
1832 1587 1938 1646 calcat.

229 1672 397 1724 extremum
428 1665 575 1738 judicium
601 1668 719 1725 ostendi
744 1667 895 1728 coelastem
914 1672 1055 1746 patriam,
1111 1677 1185 1736 Hinc
1198 1693 1253 1750 per
1268 1677 1460 1736 Salomonem
1473 1676 1602 1734 dicitur:
1619 1699 1634 1728 ι
1647 1679 1749 1734 inatus
1774 1675 1866 1750 quasi
1893 1675 1940 1732 leo

227 1753 360 1830 persolvi
372 1754 471 1825 justis,
487 1755 611 1826 praemia
633 1757 755 1830 appetit,
778 1759 866 1832 quasi
892 1775 946 1834 per
968 1777 1057 1818 nares
1110 1765 1276 1836 conlidens,
1291 1765 1407 1839 absque
1419 1769 1529 1823 terrore
1541 1765 1595 1822 erit
1607 1765 1709 1834 (Proo.
1725 1781 1765 1838 vi,
1778 1766 1833 1837 ιιι).
1849 1787 1866 1815 ii
1882 1767 1939 1822 ho-
2041 1751 2042 1828 i

228 1842 367 1916 spiritum
381 1841 539 1900 defuturis
555 1844 651 1901 trahit.
669 1845 727 1903 Sed
742 1847 837 1918 gloria
849 1849 968 1907 narium
991 1851 1056 1922 eJus
1109 1855 1309 1920 itiusmodi
1333 1853 1414 1911 enim
1430 1854 1563 1912 valenter
1583 1853 1718 1927 reprimit
1740 1853 1822 1928 qnod
1837 1854 1939 1926 impu·
2041 1901 2042 1938 ,

227 1937 323 1990 terror
337 1936 392 1995 est,
420 1930 496 2005 quia
509 1931 655 1990 visionem
683 1934 808 1994 districti
831 1937 942 2009 iudicis
963 1955 1057 2013 quam
1112 1946 1192 2014 girat,
1209 1942 1351 2001 audacter
1365 1943 1494 2000 exsultat
1507 1942 1682 2017 dabisque
1696 1943 1728 2000 in
1743 1947 1938 2016 aeternapace
2041 1943 2042 2010 i

224 2021 326 2093 justus
339 2019 532 2078 vehementer
555 2026 719 2095 exspectat,
741 2023 871 2098 injustus
883 2027 981 2086 venire
999 2028 1060 2086 ior·
1111 2032 1270 2090 desiderat
1302 2033 1376 2090 Hinc
1404 2047 1459 2106 per
1488 2032 1679 2091 Salomonem
1695 2031 1803 2090 dicitur
1818 2049 1826 2088 ι
1842 2053 1858 2087 ι
1873 2031 1936 2088 [tili-
2041 2011 2042 2034 ¹

230 2109 336 2167 midat.
361 2109 434 2165 llinc
458 2109 569 2166 Paulas
594 2111 636 2168 ait
651 2129 658 2168 :
675 2134 689 2163 ι
702 2115 763 2185 Ego
789 2114 855 2186 jam
874 2116 1001 2190 delibor,
1029 2123 1058 2176 at
1112 2124 1215 2192 genter
1236 2135 1340 2178 exerce
1364 2136 1473 2192 agrurn
1498 2125 1595 2190 tuum,
1621 2125 1655 2178 ut
1682 2125 1786 2194 postea
1809 2118 1937 2176 aedifices

227 2199 347 2269 tempus
359 2211 434 2253 meae
449 2196 639 2254 resolutionis
654 2198 754 2258 instat.
772 2203 890 2261 Bonum
904 2211 1058 2265 certamen
1111 2209 1239 2267 domuin
1252 2217 1335 2268 tuam
1349 2209 1450 2283 (Prov.
1462 2225 1541 2276 xxia,
1555 2209 1611 2282 ιι).
1629 2232 1644 2260 ι»
1666 2209 1805 2284 Sequitur
1821 2226 1827 2265 :
1842 2210 1881 2266 lii
1895 2223 1937 2265 oe·

228 2284 348 2353 certavi,
363 2299 486 2342 cursum
502 2288 721 2357 consummavi,
742 2287 834 2348 fidem
862 2295 990 2352 servavi.
1018 2301 1058 2355 lle
1111 2313 1232 2355 cursum
1241 2299 1342 2369 pcrptt
1355 2299 1492 2355 armatis.
1507 2329 1543 2339 -
1559 2297 1736 2372 Plerumque
1752 2297 1833 2354 enim
1847 2297 1936 2370 quieti

226 2372 343 2446 reliquo
363 2372 496 2445 reposita
518 2378 564 2431 est
590 2375 665 2432 milii
688 2391 801 2436 corona
811 2380 943 2452 justitias,
963 2400 1057 2458 quam
1112 2389 1201 2459 atque
1216 2388 1353 2445 concussi
1367 2387 1575 2462 relinquimur,
1591 2388 1615 2446 si
1630 2387 1753 2446 obviare
1765 2388 1868 2462 pravis
1884 2403 1936 2462 pio

227 2457 334 2515 reddat
347 2460 422 2516 mihi
437 2462 583 2518 Dominus
597 2463 628 2520 in
644 2464 695 2522 illa
707 2467 756 2525 die
764 2468 864 2539 justus
876 2471 980 2542 judex,
995 2489 1058 2532 non
1108 2475 1225 2546 iustitia
1237 2491 1300 2534 non
1314 2491 1467 2534 curamus.
1484 2477 1541 2536 Sed
1556 2477 1581 2534 si
1596 2477 1635 2535 ad
1648 2483 1765 2534 sternte
1779 2477 1847 2534 vitis
1861 2476 1935 2534 desi-

229 2545 325 2601 solum
340 2551 442 2604 autem
450 2549 532 2614 mihi,
541 2551 630 2608 sedet
640 2553 685 2609 his
697 2555 749 2627 qui
757 2555 884 2628 diligunt
893 2559 1058 2620 adrentum
1111 2563 1228 2622 derium
1239 2564 1358 2622 animus
1373 2566 1492 2634 exarsit,
1506 2566 1536 2623 in
1550 2571 1699 2641 quantum
1726 2565 1810 2624 locus
1834 2564 1938 2623 admit-

229 2633 295 2705 cjus
312 2633 357 2734 (ll
372 2635 446 2692 lim.
461 2653 501 2705 iv,
518 2639 589 2711 ti·8).
604 2662 619 2690 »i
635 2643 808 2702 Μοιιιιιιι.
834 2647 891 2704 Pro
919 2664 955 2706 co
974 2650 1059 2723 quod
1112 2652 1153 2720 tit,
1182 2652 1329 2712 debemus
1343 2670 1399 2730 pro
1421 2655 1595 2712 defensione
1605 2655 1726 2728 justitias
1737 2655 1937 2729 nosmetipsos

229 2737 371 2820 nonvisa
384 2739 432 2780 res
452 2725 545 2784 odore
559 2727 803 2802 deprehenditur,
824 2751 886 2793 noa
909 2738 1058 2798 immerito
1112 2741 1188 2799 ultro
1200 2742 1341 2816 objicere,
1353 2745 1430 2803 siout
1444 2744 1482 2802 de
1497 2745 1588 2802 Paulo
1604 2745 1748 2826 seriptum
1771 2749 1840 2802 est:
1857 2767 1873 2796 ι
1890 2747 1938 2802 ιιι·

219 2823 349 2886 ιιιιιιιιιιι
360 2811 671 2888 nominespeinosuae
681 2820 875 2891 cogitationes
887 2826 1061 2900 exprimnn·
1110 2830 1182 2904 pleti
1202 2835 1272 2890 sunt
1291 2832 1352 2902 ιιι,
1367 2838 1396 2891 ιι
1407 2833 1650 2892 exclamaverunt
1663 2833 1796 2892 dicentes
1810 2850 1817 2890 :
1832 2836 1937 2905 llagna

229 2902 288 2970 tur,
304 2899 415 2973 quibus
430 2907 588 2962 venturum
612 2905 761 2976 judicium
788 2912 872 2986 quod
886 2919 916 2971 et
927 2915 952 2971 si
964 2916 1093 3013 oculis?
1114 2919 1206 2978 Diana
1220 2921 1416 2996 Ephesiorum
1433 2922 1511 2996 (Act.
1526 2939 1585 2982 ιιι.
1600 2924 1646 2996 28)
1658 2941 1666 2994 ;
1680 2945 1695 2975 i
1711 2924 1844 2998 etpaulo
1856 2927 1935 2997 post:

231 2985 332 3044 adhue
347 3002 409 3044 non
425 2990 660 3065 cernimus,jem
675 2999 777 3055 tamaii
789 3002 939 3074 sperando
953 3005 1060 3078 praevi·
1083 2991 1093 3015 ¹
1113 3030 1128 3060 ι
1147 3009 1239 3067 Paulo
1254 3014 1355 3069 autem
1370 3011 1487 3070 volente
1511 3011 1621 3070 intrare
1647 3012 1678 3070 in
1702 3011 1862 3086 populum,
1879 3027 1937 3070 non

229 3072 349 3173 demus.
360 3077 465 3134 Omnis
475 3084 577 3137 autem
590 3081 644 3155 qui
656 3081 734 3141 bene
748 3087 846 3146 vivere
867 3089 981 3165 incipit,
1003 3109 1059 3150 au·
1111 3097 1312 3171 permiserunt
1324 3099 1465 3173 discipuli
1478 3099 1577 3173 (leid,
1592 3105 1650 3160 30).
1666 3121 1682 3152 ι
1706 3104 1782 3158 itam
1796 3117 1867 3158 cum
1880 3101 1938 3173 Jus-

228 3160 314 3220 diens
330 3164 413 3236 quod
427 3171 661 3267 perextremum
679 3172 827 3243 judiciuin
844 3177 918 3249 justi
947 3180 988 3238 ad
1014 3197 1060 3239 re·
1112 3185 1175 3244 titia
1187 3201 1282 3260 qnam
1296 3203 1352 3246 nos
1366 3204 1507 3246 amamus
1523 3189 1555 3246 in
1571 3189 1636 3248 aliis
1651 3189 1770 3258 feriunt,
1786 3205 1844 3246 nos
1866 3189 1937 3246 nihi·

229 3263 324 3320 gnum
349 3257 501 3323 vocentur,
529 3255 688 3315 hilarescit.
729 3263 786 3319 Sed
813 3265 886 3338 quia
916 3269 1058 3342 quaedam
1112 3275 1244 3334 lominus
1256 3293 1312 3336 sua
1325 3279 1519 3352 percussione
1542 3279 1729 3352 confodiunt,
1755 3279 1873 3338 etiamsi
1893 3295 1938 3336 re-

229 3335 312 3436 meia
323 3337 475 3439 adhucex
488 3342 605 3416 reliquo
620 3345 677 3402 sibi
690 3347 787 3408 inesse
806 3353 985 3426 considerat,
1001 3357 1060 3416 hoc
1111 3367 1211 3423 necari
1224 3367 1391 3424 videantur.
1406 3371 1581 3426 lloaimrrii.
1602 3369 1709 3426 Hostes
1732 3369 1851 3437 armati,
1872 3373 1939 3426 sunt

228 3426 492 3529 ¹12⁸¹¹¹¹¹J⁰d¹⁰¹¹¹¹f¹
506 3429 544 3488 ‘¹⁰
558 3442 620 3533 ³¹¹⁰
633 3436 781 3496 ⁰¹⁸¹¹l¹⁸f⁰
801 3439 931 3512 iss⁰h0³ii
948 3461 1058 3520 appro-
1112 3455 1261 3514 immundi
1276 3458 1396 3530 spiritns
1410 3445 1577 3516 innumeris
1586 3463 1691 3516 eontra
1710 3473 1768 3516 nos
1782 3459 1938 3516 fraudibus

228 3529 377 3614 prnquare
390 3516 542 3618 tormidet,
557 3527 650 3624 vitani
663 3525 776 3625 quippe
791 3545 877 3588 suain
891 3532 980 3592 bonis
996 3551 1061 3594 ma·
1112 3543 1246 3614 accincti,
1260 3545 1394 3619 quicum
1409 3546 1536 3604 suadere
1550 3545 1636 3604 nobis
1651 3547 1757 3622 iniqua
1774 3551 1938 3621 nequeunt,

229 3601 327 3704 ltaque
354 3611 533 3712 permistam
544 3618 700 3685 conspicit,
715 3622 744 3672 ct
764 3619 957 3690 cogitationes
986 3641 1059 3684 suas
1112 3633 1364 3692 easubvirtutum
1374 3635 1472 3709 specie
1481 3636 1590 3694 nostris
1599 3635 1755 3694 obtutibus
1766 3641 1934 3712 opponunt

230 3691 395 3766 ah‘1¹¹2111d0
408 3709 462 3770 ⁸1³0
473 3701 503 3754 θῑ
514 3703 620 3758 “motti
632 3704 798 3766 confundit.
813 3711 971 3786 Sequitur:
1113 3720 1226 3779 Eliossa
1239 3721 1328 3796 igitur
1338 3728 1415 3782 terra
1431 3727 1555 3784 armatis
1569 3725 1708 3783 hostibus
1721 3726 1754 3783 in
1778 3741 1936 3784 occursum

266 3781 354 3840 Vana.
366 3787 411 3842 ιι.
428 3785 551 3848 serram
564 3795 682 3865 acuatu
694 3796 783 3866 scita.
798 3829 834 3843 -·
850 3803 927 3870 Quid
937 3819 991 3878 per
1006 3821 1060 3863 un·
1111 3825 1234 3885 pergere
1248 3815 1301 3885 est,
1316 3811 1433 3870 devicta
1447 3813 1561 3872 carnali
1582 3814 1715 3890 nequitia
1729 3820 1834 3873 contra
1857 3814 1937 3890 spiri·

230 3869 333 3943 rutam
348 3877 624 3980 nisipraadioatoris
650 3887 747 3944 sancti
758 3887 901 3950 virtutum
916 3894 1059 3967 perfectio
1111 3899 1203 3958 tuella
1224 3905 1376 3960 certamen
1402 3902 1512 3963 subire.
1534 3908 1608 3962 Nam
1636 3905 1689 3980 qui
1713 3905 1814 3963 adhuc
1835 3919 1936 3962 secam

228 3957 476 4023 demonstraturi
489 3968 563 4070 Qina
573 3969 709 4032 videlicet
719 3979 836 4050 copula
845 3986 957 4041 temam
966 3985 1057 4058 fodit,
1111 3991 1257 4048 enerviter
1269 3995 1395 4066 pugnat,
1415 3991 1525 4052 trustra
1538 3999 1644 4053 contra
1662 4011 1695 4053 se
1716 3994 1796 4053 bella
1809 3999 1895 4052 extra
1908 4009 1936 4050 se

229 4047 305 4108 dum
319 4050 357 4110 de
372 4053 462 4113 corde
476 4057 664 4160 audientium
686 4068 826 4143 exemplo
840 4087 965 4131 snorum
989 4090 1059 4150 ope·
1111 4079 1209 4154 posita
1224 4081 1355 4138 suscitat.
1371 4081 1421 4138 Vel
1436 4085 1513 4140 certe
1528 4083 1652 4142 armatis
1672 4083 1810 4141 hostibus
1835 4084 1869 4141 iii
1893 4099 1937 4141 oo

228 4153 297 4196 rum
326 4145 458 4202 terrenas
483 4149 688 4246 cogitationes,
713 4157 799 4231 elicit,
829 4165 858 4217 et
885 4163 1057 4222 auditorum
1111 4183 1234 4226 cursum
1247 4169 1412 4244 pergimus,
1427 4171 1618 4246 quandoper
1645 4172 1861 4230 exhortationis
1876 4178 1935 4229 stn-

229 4228 322 4328 corda
335 4245 355 4286 a
368 4233 562 4293 sacularibus
576 4241 656 4300 curis
667 4251 803 4316 evacuat,
824 4251 969 4325 cumipse
983 4269 1056 4310 oon·
1111 4255 1207 4329 dium,
1222 4273 1326 4316 eorum
1340 4257 1465 4316 insidias
1479 4263 1508 4318 et
1521 4259 1551 4317 iii
1566 4259 1664 4318 alieno
1679 4259 1769 4318 corda
1794 4262 1936 4336 praeveni

228 4318 321 4413 ΜΨ)
341 4317 571 4426 [mitesceret
595 4331 740 4390 scemam
778 4352 869 4410 opere
898 4341 1056 4402 ostendit?
1111 4361 1189 4413 mus,
1205 4346 1328 4420 quando
1342 4351 1445 4405 nostra
1460 4349 1681 4407 curaordinate
1704 4349 1934 4424 postpositaao-

228 4401 303 4502 H‚¹¹¹‚⁰
312 4405 421 4506 Pafum
434 4407 588 4486 discipups
602 4416 644 4474 ait
660 4435 667 4475 :
684 4441 698 4469 «
713 4423 781 4480 litae
795 4426 1003 4503 cogitateque
1028 4435 1057 4489 et
1110 4449 1230 4491 cessum
1245 4434 1474 4494 immundorum
1488 4437 1647 4511 spirituum
1661 4453 1681 4495 a
1694 4437 1824 4512 proximi
1836 4443 1935 4495 mente

228 4489 382 4596 ὼὼριὃῑιῗ,
403 4500 432 4554 ei
446 4502 614 4600 accepistis,
639 4511 668 4564 et
682 4509 808 4570 audistis
819 4513 848 4572 in
865 4533 925 4586 mc,
938 4523 967 4576 et
979 4521 1056 4576 Deus
1108 4523 1315 4597 prohibemus.
1332 4525 1488 4599 Sequitur:

125 4641 131 4652 .
227 4588 378 4683 12201301‘1‘
391 4587 546 4690 l0bl⁸<tssm
561 4595 836 4678 (Philip-1v‚8‚⁹t;
849 4628 864 4656 i
878 4611 907 4664 et
918 4623 1053 4669 rursum:
1143 4614 1229 4670 Vaas.
1238 4615 1283 4670 ιι.
1292 4614 1622 4686 Gontcmm'tpavorem,
1631 4617 1889 4688 recreditclodio.
1901 4647 1934 4658 -

227 4691 243 4720 ι
256 4673 424 4778 imitatores
435 4685 610 4758 maiestate,
630 4686 706 4746 siout
718 4695 747 4748 et
767 4707 824 4764 ego
839 4693 946 4754 christi
960 4697 1054 4772 (Pisi.
1109 4700 1271 4758 Videamus
1296 4701 1452 4774 quomodo
1480 4719 1625 4776 pavorem
1640 4703 1776 4780 despicit,
1799 4705 1853 4779 qui
1873 4705 1932 4762 ait:

226 4774 266 4822 ¹¹12
281 4763 335 4834 tr).
354 4784 368 4815 r
380 4764 488 4868 Aliter:
504 4772 606 4846 Equus
621 4774 676 4834 iste
692 4780 806 4852 ungula
831 4787 941 4844 terrain
968 4787 1053 4859 fodit,
1108 4790 1207 4858 «Quis
1219 4805 1277 4848 nos
1287 4791 1749 4865 separabitacharitatechristi?
1761 4795 1933 4865 thibulatic,

226 4863 296 4905 oum
321 4853 498 4952 praedicator
509 4862 646 4960 ‘quisque
680 4867 873 4944 inquisitione
899 4875 967 4934 torti
993 4884 1051 4936 ter·
1106 4895 1147 4938 aii
1160 4879 1361 4952 angustiam
1375 4879 1730 4956 famas,anpersecutioi
1743 4885 1933 4955 officinam,

225 4950 315 4996 renas
335 4955 366 4996 ιιι
390 4959 421 5000 se
449 4950 646 5018 cogitationes
673 4955 803 5030 discutit,
826 4978 938 5038 easque
951 4965 1053 5026 flendo
1106 4971 1162 5032 ιι.)
1188 4969 1297 5025 conca
1323 4968 1405 5026 hunc
1427 4970 1529 5044 itaquo
1554 4987 1668 5045 equum
1695 4977 1738 5032 tot
1757 4978 1828 5032 sunt
1843 4971 1934 5044 gladii

225 5039 244 5082 a
271 5041 476 5130 sacrasacra
508 5052 570 5096 non
599 5049 706 5103 cessat.
739 5048 813 5107 ilinc
852 5053 892 5111 ad
920 5055 1053 5114 Ezechie-
1103 5056 1247 5128 hostium,
1262 5061 1337 5130 quot
1350 5073 1460 5130 genera
1468 5059 1724 5133 persecutionum.
1738 5061 1796 5120 Sed
1810 5062 1934 5120 vasan-

222 5112 283 5174 lam
296 5117 402 5178 dicitur
418 5125 515 5184 :edili
529 5128 672 5202 hominis,
687 5135 756 5194 iode
771 5141 915 5213 parietem
930 5144 1049 5216 (azert.
1104 5149 1179 5214 otus,
1193 5145 1266 5218 qnia
1282 5150 1410 5204 ventura
1433 5147 1560 5205 adversa
1573 5164 1636 5206 non
1655 5151 1772 5220 metuit,
1788 5165 1932 5224 pavorem

222 5211 659 5280 v¹1¹‚8t·»1tsmsd1saiam
685 5226 829 5287 Dominus
855 5231 928 5292 dicit
951 5239 1052 5293 :«1n·
1103 5234 1326 5310 despicitrquia
1335 5252 1406 5294 raro
1416 5252 1472 5294 nec
1483 5239 1713 5312 superveniente
1725 5241 1933 5315 persecutione

221 5297 344 5398 gredere
357 5305 486 5406 peu-am,
497 5306 682 5370 abscondere
696 5315 778 5375 iossa
805 5320 900 5380 humo
928 5338 946 5381 ι
973 5323 1049 5382 ιιοιι
1102 5325 1845 5400 vincitur,nequaquamgladiisceditdioiiiirsi.
1858 5330 1934 5388 Ooo-

219 5383 335 5479 ltmorls
359 5391 487 5458 Domini.
516 5403 546 5456 et
559 5401 725 5472 majestatis
739 5407 883 5480 ejustlsa.
900 5425 928 5478 ιι,
961 5413 1015 5484 ιο),
1033 5433 1048 5464 i
1103 5415 1209 5472 temnit
1217 5429 1371 5486 pavores,
1382 5415 1454 5489 quia
1469 5415 1580 5474 nuliius
1588 5405 1758 5476 tonationis
1771 5418 1932 5476 tormidine

217 5468 250 5568 id
264 5476 318 5572 est,
333 5485 456 5546 poneba
467 5483 610 5548 duritiam
624 5491 726 5550 cordis
741 5495 793 5564 tui,
808 5500 837 5554 et
851 5501 984 5556 terrenas
998 5515 1048 5557 co·
1102 5501 1143 5560 ed
1164 5503 1222 5560 hoo
1242 5517 1337 5577 usque
1347 5507 1472 5560 terretur
1481 5507 1515 5562 ut
1525 5508 1640 5574 teceat;
1660 5507 1807 5565 neciccittt
1816 5508 1928 5579 plodio,

218 5561 374 5627 gitaaones
401 5567 442 5626 ab
469 5573 514 5634 ira
539 5578 661 5643 ιιιιιιιιιι
685 5581 797 5664 judicis
824 5585 854 5650 ia
878 5587 1045 5648 humilitate
1103 5591 1176 5666 quia
1191 5596 1221 5650 ct
1239 5591 1262 5650 si
1286 5591 1417 5652 dolente
1431 5592 1515 5652 illum
1534 5596 1660 5658 anam
1671 5581 1809 5672 percum,
1826 5611 1931 5660 acute
2039 5641 2040 5657 .
