4160 6162
260 27 309 82 234
793 13 821 70 S.
843 13 972 70 obuuls
991 13 1137 69 austris
1157 13 1410 75 GLUNIACENSIS
1429 21 1452 75 ll
1931 29 1992 82 232

258 162 351 221 poena
365 149 463 202 autem
483 142 522 198 ad
545 153 680 196 amorem
694 135 780 206 redit,
795 136 868 210 quia
889 135 1027 209 quisquis
1048 136 1093 192 lu·
1109 137 1134 190 A
1151 139 1224 196 Nam
1239 155 1292 212 pes
1303 141 1333 198 in
1348 156 1473 215 corpore
1493 146 1547 210 est,
1561 141 1723 212 vestigium
1742 142 1774 200 in
1787 143 1838 201 via
1853 163 1862 214 3
1876 150 1906 202 et
1920 147 1990 220 ple-

261 237 345 308 gerit,
366 233 461 305 culpm
483 230 597 286 tructus
609 227 744 296 invenit,
761 231 851 300 atque
875 225 958 284 illam
986 225 1093 282 faciem
1149 243 1277 301 rumque
1291 229 1364 286 dum
1380 229 1521 302 quaedam
1539 245 1633 303 prave
1652 229 1781 301 murus,
1797 232 1989 293 intuentibus

260 339 354 398 quam
371 319 467 377 timuit
480 319 511 376 in
530 319 630 394 culpa,
645 317 789 374 excitatus
804 315 929 388 requirit
939 331 976 372 ex
990 330 1092 388 poena,
1147 315 1204 372 hoc
1231 317 1371 374 tratribus
1397 318 1568 392 exemplum
1592 319 1708 376 malum
1737 320 1921 392 prebemus.
1952 327 1987 380 Et

259 418 292 469 ut
310 412 376 482 jam
391 409 550 480 caliginem
573 407 714 464 caecitatis
729 421 791 462 suae
805 405 910 476 lugiet,
930 408 1020 476 atque
1035 403 1093 458 boc
1147 403 1665 480 quiainllexu,extraviampedibus
1677 408 1985 480 sequentibus,vesti-

258 502 362 576 ipsum
379 498 461 574 quod
477 501 630 555 auctorem
649 513 738 553 suum
757 510 824 552 ,non
848 493 939 564 uidet,
965 491 1093 563 graviter
1146 492 1195 562 gia
1209 494 1332 552 distorta
1348 495 1545 568 relinquimus
1560 495 1635 552 dum
1650 501 1822 569 pernostra
1836 514 1931 572 opera
1944 501 1985 557 ad

258 591 476 664 perhorrescat.
492 586 647 660 Sequitur:
1146 583 1324 642 scandalum
1338 585 1436 641 abana
1448 600 1567 642 amana
1579 584 1673 643 corda
1686 601 1901 658 provocamus.
1910 591 1983 656 Qua

295 682 382 738 Vens.
404 684 448 735 25.
466 677 579 734 Contra
594 677 702 746 setium
719 674 798 746 quod
817 679 902 730 vento
917 673 1040 743 rapitur
1049 688 1091 729 os·
1146 677 1247 730 umen
1257 679 1365 730 cuncta
1373 675 1563 748 omnipotens
1574 676 1652 732 Deus
1663 674 1980 747 subtilitercxaminat,

259 772 356 831 tendis
367 768 663 839 potentiamtucm,et
672 765 813 833 stipulam
822 764 930 818 sucum
937 776 1090 832 perseque-
1144 767 1234 836 atque
1248 765 1278 820 in
1291 765 1405 836 judicio
1420 765 1539 836 singula
1550 771 1769 839 recompensat.
1782 767 1840 824 Sed
1852 769 1980 842 quando

259 864 324 920 ris?
338 858 439 926 -Qui
454 861 498 913 est
510 858 602 913 homo
615 855 671 910 nisi
689 852 818 909 lolium?
834 851 889 918 Oui
905 850 1040 907 videlicet
1059 850 1089 906 in
1144 851 1247 924 bomo,
1256 854 1308 926 qui
1316 853 1484 910 earnissuae
1491 853 1662 912 infirmitate
1670 855 1894 926 constringitur,
1907 873 1980 913 con-

259 951 403 1027 paradiso
417 949 456 1006 ab
481 947 587 1004 arbore
611 944 726 1013 cecidit,
747 943 820 1016 quid
836 946 880 999 est
894 941 952 998 nisi
966 941 1090 997 lolium?
1143 943 1188 996 tra
1202 947 1309 999 cuncta
1324 943 1421 1000 valeat
1436 943 1582 1000 subtiliter
1595 959 1752 1014 assurgere
1767 950 1859 1018 atque
1872 946 1979 1004 incon-

260 1042 316 1110 Qui
328 1036 497 1098 tentationis
512 1039 601 1091 vento
616 1033 740 1106 rapitur,
750 1037 779 1087 et
790 1030 1006 1087 desideriorum
1015 1029 1088 1086 tlati-
1143 1043 1231 1084 cussa
1245 1030 1422 1102 cogitatione
1437 1030 1643 1088 rectitudinem
1665 1034 1793 1088 tenuat
1819 1034 1979 1107 Sequitur?

258 1131 316 1187 bus
330 1129 452 1184 levatur.
469 1127 548 1182 Mens
562 1123 674 1195 quippe
698 1121 833 1176 humana
856 1123 929 1192 quot
951 1118 1088 1174 tentatio·
1178 1120 1259 1175 Vsas.
1274 1123 1318 1176 28.
1336 1121 1489 1193 Quiqucsi
1496 1121 1625 1191 putredo
1640 1122 1858 1178 consumendus
1872 1139 1940 1187 sum
1951 1130 1977 1180 et

258 1235 312 1277 nas
326 1216 447 1290 patitur,
468 1212 555 1285 quasi
579 1215 622 1268 tot
639 1209 770 1277 flatibus,
793 1207 924 1264 motibus
939 1211 1085 1262 movetur.
1141 1209 1230 1278 quast
1243 1210 1537 1282 vestimentumqucd
1551 1210 1888 1268 comediturattuea.-
1899 1213 1978 1270 Sicut

257 1311 335 1364 Bene
349 1308 449 1361 audem
464 1307 535 1375 post
553 1300 667 1369 lolium,
681 1299 769 1355 etiam
790 1296 899 1370 stipula
920 1295 1087 1368 appellatur
1140 1295 1220 1352 enim
1248 1296 1460 1354 vestimentum
1472 1297 1510 1354 dc
1533 1313 1564 1354 se
1579 1301 1682 1354 exorta
1702 1297 1784 1356 tinea
1798 1299 1975 1372 comeditur,

257 1397 359 1453 bomo.
374 1392 427 1458 Qui
443 1391 523 1447 enim
538 1389 628 1446 arbor
641 1387 695 1444 luit
713 1387 742 1442 in
756 1384 935 1454 conditione,
951 1383 1087 1440 loliuma
1140 1383 1181 1440 ita
1193 1386 1285 1442 homo
1301 1385 1332 1442 in
1346 1387 1506 1460 semetipso
1521 1386 1711 1460 putredinem
1736 1387 1828 1444 habet
1853 1388 1891 1444 de
1915 1404 1977 1462 qua

257 1483 417 1556 semetipso
432 1480 529 1538 lactus
544 1478 629 1534 estin
644 1475 816 1544 tentatione,
828 1474 881 1530 sed
894 1477 963 1546 post
978 1472 1087 1545 stipula
1102 1485 1124 1541 Β
1145 1479 1350 1547 consumatur,
1374 1479 1463 1548 atque
1477 1475 1535 1531 hoc
1562 1479 1605 1531 est
1626 1475 1706 1531 unde
1732 1476 1929 1549 consumitur,
1946 1481 1978 1534 ut

257 1570 398 1647 apparuit
409 1571 440 1626 in
459 1567 633 1640 dejectione.
650 1563 724 1627 Quia
742 1563 822 1620 enim
837 1562 874 1618 da
892 1561 952 1646 alto
971 1560 1085 1628 cecidit,
1140 1577 1201 1619 non
1216 1564 1263 1620 sit.
1280 1563 1385 1619 Aliter:
1405 1565 1499 1619 Homo
1523 1563 1604 1620 enim
1618 1564 1708 1637 quasi
1722 1565 1850 1637 putredo
1865 1582 1977 1623 consu·

256 1661 382 1728 lolium;
404 1659 477 1733 quia
496 1673 567 1714 varo
595 1671 648 1728 per
674 1669 794 1710 carnem
822 1656 907 1708 terra
931 1649 1087 1722 proximus
1140 1653 1240 1718 mitur,
1256 1652 1330 1710 dum
1346 1652 1443 1709 earnis
1457 1669 1517 1708 suae
1543 1652 1734 1725 corruptione
1753 1655 1909 1726 contritus,
1925 1659 1975 1712 cui

257 1750 321 1818 tuit,
354 1748 443 1806 etiam
477 1761 546 1802 cum
575 1749 653 1799 stara
685 1741 855 1812 videbatur,
884 1738 994 1811 stipula
1019 1753 1087 1793 esse
1140 1742 1212 1816 quia
1226 1741 1385 1798 immunda
1400 1741 1532 1811 tentatio,
1548 1757 1611 1798 non
1623 1741 1754 1810 aliunde,
1768 1743 1852 1801 seda
1869 1749 1977 1800 semet-

255 1841 450 1896 memoratur.
482 1834 540 1892 Sed
559 1832 631 1906 quia
653 1830 833 1887 viriditatem
856 1827 952 1885 intimi
974 1826 1086 1884 amoris
1138 1827 1206 1900 lpso
1230 1828 1372 1898 nascitur,
1389 1843 1472 1886 more
1491 1829 1577 1885 tinea
1597 1845 1721 1886 carnem
1736 1831 1865 1899 brutio,
1881 1835 1977 1904 quasi

256 1926 394 2003 perdidit,
408 1926 472 1998 jam
493 1922 602 1996 stipula
618 1921 697 1978 sicca
711 1923 763 1976 est.
775 1923 816 1975 Ac
828 1918 852 1974 si
867 1921 968 1991 aperte
983 1915 1087 1990 deplo-
1140 1920 1256 1973 vestem
1268 1916 1305 1972 de
1318 1932 1381 1990 qua
1394 1917 1463 1986 exit,
1478 1917 1638 1974 consumit.
1652 1919 1802 1991 Seqrutur:
1839 1943 1843 1950 ·

255 2021 300 2074 ret
320 2016 441 2074 dicens:
466 2015 524 2069 Gur
548 2015 631 2068 tanta
653 2009 828 2067 rectitudine
858 2006 977 2080 impetis
1005 2021 1085 2072 cum,
1462 2008 1575 2064 CAPUT
1588 2009 1654 2064 xlv,

256 2121 347 2179 quem
363 2105 404 2161 sic
418 2103 571 2160 infirmum
587 2116 653 2158 esse
671 2100 701 2156 in
723 2097 884 2156 tentatione
908 2095 1087 2166 cognoscis?
1178 2097 1260 2151 Vsus.
1279 2099 1303 2150 t.
1328 2096 1424 2152 Homo
1448 2100 1538 2152 actus
1561 2096 1742 2164 demittere,
1768 2097 1849 2154 breui
1874 2099 1974 2154 vicens

257 2195 410 2268 Sequitur:
1141 2190 1281 2254 ternpore,
1297 2186 1432 2254 repletur
1444 2185 1546 2242 mauis
1560 2187 1697 2242 maerin.
1713 2217 1747 2228 -
1762 2187 1794 2242 ln
1814 2202 1900 2243 sacro
1916 2187 1974 2244 elo

290 2287 374 2342 Vnus.
387 2288 430 2340 tt.
440 2283 550 2340 Scribis
560 2286 666 2339 eontra
677 2295 723 2336 me
737 2276 1002 2335 amaritudines-
1012 2271 1087 2339 Quia
1140 2274 1212 2348 quio
1224 2273 1331 2331 mulier
1345 2279 1397 2330 aut
1411 2290 1465 2347 pro
1481 2290 1555 2330 sexu
1567 2275 1701 2348 ponitur,
1717 2281 1770 2334 aut
1781 2291 1836 2348 pro
1850 2276 1974 2332 infirmi-

255 2371 598 2446 omnequodloquimur
610 2366 904 2439 transit3quodvero
917 2363 1085 2430 scribimus,
1141 2367 1208 2420 tate.
1223 2365 1277 2418 Pro
1297 2378 1372 2419 sexu
1397 2362 1510 2436 quippe
1524 2363 1600 2420 sicut
1619 2364 1763 2437 scriptum
1782 2367 1847 2420 est:
1870 2385 1884 2412 u
1900 2362 1974 2420 Misit

255 2465 365 2517 manet.
383 2461 459 2515 Deus
479 2474 541 2514 non
554 2457 648 2529 loqui,
664 2455 718 2512 sed
732 2454 861 2510 scribere
872 2450 1087 2509 amaritudines
1140 2453 1218 2508 Deus
1234 2451 1339 2508 Filium
1355 2469 1444 2508 suum
1458 2457 1564 2510 natum
1586 2469 1623 2509 ex
1637 2453 1773 2524 muliere,
1788 2452 1901 2510 iactum
1915 2452 1973 2508 sub

255 2547 371 2615 dicitur,
386 2563 455 2603 oum
468 2546 521 2602 diu
531 2559 622 2618 super
633 2559 690 2600 nos
700 2543 766 2615 ejus
778 2539 898 2610 flagella
911 2539 1084 2613 perdurant.
1140 2541 1205 2610 lega
1230 2540 1309 2612 (Gal.
1324 2555 1363 2610 ιι,
1376 2541 1414 2612 t).
1432 2562 1446 2590 ιι
1468 2543 1522 2598 Pro
1536 2539 1707 2598 infirmitate
1730 2557 1813 2610 vero,
1828 2541 1905 2598 sieut
1918 2555 1974 2613 per

256 2637 353 2694 Semel
371 2637 483 2710 quippe
496 2634 633 2709 peccanti
644 2631 758 2690 homini
771 2631 885 2688 dictum
898 2633 957 2686 est:
974 2651 987 2680 u
999 2631 1086 2685 Terra
1141 2629 1306 2704 quemdam
1336 2629 1503 2703 sapientem
1529 2630 1653 2688 dicitur:
1682 2653 1696 2680 «ι
1713 2631 1811 2689 llelior
1830 2631 1973 2704 iniquitas

254 2741 297 2794 es,
314 2725 387 2784 etin
410 2731 518 2782 terram
538 2723 595 2780 ibis
619 2723 702 2796 (Gen.
717 2737 759 2790 ru,
783 2721 832 2792 19).
848 2722 919 2786 Quae
944 2719 976 2775 in
996 2733 1086 2790 pare·
1140 2720 1311 2794 viri,quam
1334 2719 1525 2776 benefaciens
1548 2721 1972 2794 muliertEeeli.xx1v,14).n

253 2815 329 2884 diso,
341 2815 412 2872 data
427 2814 464 2871 de
475 2818 569 2871 morte
577 2814 676 2869 carnis
689 2815 799 2867 nostra
811 2808 966 2876 sententia,
973 2806 1086 2880 abipso
1101 2833 1123 2893 c
1140 2812 1200 2866 lloc
1209 2808 1298 2880 igitur
1310 2808 1388 2877 loco,
1398 2809 1532 2866 mulieris
1546 2811 1678 2878 nornine,
1689 2810 1764 2883 quid
1776 2810 1833 2866 nisi
1846 2809 1973 2866 infirmi·

251 2903 334 2961 initio
354 2903 470 2974 generis
484 2901 609 2959 bumani
630 2915 725 2973 usque
746 2899 778 2956 in
796 2899 888 2954 finem
903 2895 1004 2953 saeculi
1024 2909 1087 2951 non
1141 2903 1186 2956 tas
1200 2898 1386 2969 designatur,
1406 2915 1476 2956 cum
1499 2898 1615 2956 dieitur.
1631 2899 1727 2956 Homo
1749 2905 1839 2956 natus
1861 2899 1973 2956 demae

251 2997 394 3052 mutatur.
407 2993 495 3060 «Quis
511 2995 557 3049 ast
568 2990 649 3048 enim
659 2988 752 3046 homo
766 2987 819 3061 qui
830 2985 914 3057 vivit,
927 2991 957 3043 et
970 3001 1032 3042 non
1045 2983 1087 3040 vi·
1143 2989 1234 3044 ltere?
1247 2989 1288 3042 Ac
1304 2985 1328 3042 si
1343 2987 1474 3060 apertius
1488 2986 1619 3043 dicatur:
1634 2986 1710 3050 Quid
1724 2986 1755 3043 in
1765 3003 1796 3044 ss
1806 2987 1898 3044 habet
1912 2987 1973 3044 lor-

252 3084 334 3141 debit
348 3087 473 3142 mortem
489 3081 753 3155 (Psct.nmv1n)?
767 3101 781 3130 »
799 3078 937 3152 Sequitur
950 3095 956 3133 :
971 3078 1088 3134 Eteon.
1139 3075 1283 3143 titudinis,
1307 3075 1359 3148 qui
1373 3079 1462 3130 natus
1478 3078 1523 3130 est
1542 3073 1580 3134 da
1595 3073 1788 3132 infirmitate?
1815 3078 1888 3132 Ecce
1916 3075 1973 3132 viri

251 3189 367 3230 sumere
380 3189 427 3230 me
440 3173 483 3230 cis
502 3171 633 3241 pcccatis
656 3168 862 3226 adolescentiae
876 3181 994 3223 mea-
1013 3169 1085 3222 Ecce
1141 3163 1235 3222 sancti
1248 3163 1374 3220 vocibus
1384 3177 1474 3236 poena
1484 3163 1973 3237 hominibusbreviterestexpres·

250 3263 296 3319 air
312 3263 421 3334 justus,
437 3260 509 3334 quia
520 3259 552 3315 in
567 3259 724 3330 juventute
744 3271 800 3312 sua
821 3271 852 3311 se
873 3269 997 3328 pecasse
1023 3269 1084 3312 non
1140 3269 1184 3324 sa,
1199 3252 1252 3326 qui
1266 3257 1295 3309 et
1307 3255 1485 3322 angustatur
1499 3253 1539 3309 ad
1554 3252 1656 3322 vitam,
1668 3258 1697 3310 et
1711 3252 1852 3310 dilatatur
1865 3253 1906 3312 ad
1916 3253 1973 3310 mi·

250 3349 373 3423 invenit,
388 3347 596 3406 adolescentia
619 3347 698 3402 lacta
716 3343 905 3419 pertimescit.
933 3343 982 3400 Vel
1008 3348 1084 3401 certe
1139 3341 1257 3399 seriam.
1273 3340 1302 3398 Si
1315 3340 1396 3398 anim
1412 3340 1557 3398 subtiliter
1571 3341 1874 3400 considereturomne
1886 3342 1972 3418 quod

250 3431 1083 3512 quiaprimaoetasaptabonisactibusadolcseentiaest,
1138 3431 1187 3487 hic
1201 3431 1309 3500 agitur,
1325 3445 1417 3502 poena
1440 3429 1565 3487 miseriae
1588 3435 1640 3487 est.
1658 3430 1719 3504 Ipsi
1740 3431 1821 3488 enim
1848 3448 1973 3506 corrup

250 3529 279 3582 et
294 3526 367 3598 justi
388 3526 443 3582 viri
458 3541 528 3582 cum
542 3539 656 3594 magna
669 3521 779 3578 mentis
800 3520 971 3577 maturitate
991 3520 1083 3593 proti-
1138 3519 1211 3576 boni
1223 3519 1321 3576 carnis
1345 3519 1454 3576 servire
1469 3519 1509 3576 ad
1522 3522 1691 3578 necessaria
1714 3525 1804 3595 atque
1823 3537 1973 3580 concessa

249 3614 341 3681 aiunt,
357 3629 589 3688 nonnumquam
600 3612 639 3670 ad
657 3609 836 3667 memoriam
847 3608 1001 3666 actionum
1017 3624 1085 3666 sua.
1138 3609 1260 3666 miseria
1273 3613 1326 3665 est.
1344 3609 1497 3683 Sequitur:

248 3721 317 3763 rum
339 3705 457 3762 initium
476 3701 632 3770 reducant,
647 3715 738 3774 seque
762 3702 879 3756 tantum
895 3697 933 3756 de
944 3698 1006 3755 suis
1022 3699 1083 3772 pri·
1172 3702 1255 3756 Vsus.
1271 3703 1297 3756 2.
1315 3697 1373 3766 Qui
1384 3700 1473 3772 quasi
1491 3701 1547 3772 llos
1561 3701 1723 3773 egreditar,
1742 3713 1768 3760 er
1790 3703 1970 3774 couterdur,

247 3795 373 3854 mordils
382 3793 614 3870 reprehendunt,
621 3795 769 3864 quantum
777 3805 814 3846 ex
822 3788 965 3860 gravitate
973 3789 1082 3845 mentis
1137 3796 1164 3846 et
1185 3790 1266 3861 sapit
1281 3789 1362 3846 uetat
1377 3788 1494 3859 umbre,
1511 3796 1539 3848 et
1558 3806 1712 3864 nunquam
1725 3793 1758 3848 iu
1772 3792 1871 3849 eodem
1885 3798 1972 3850 stetu

248 3885 335 3944 altius
357 3884 562 3959 profecerunt:
588 3881 660 3957 quia
685 3896 721 3938 eo
742 3878 919 3936 indiscretos
944 3893 977 3934 se
991 3877 1082 3935 fuisse
1135 3881 1300 3950 permanet.
1315 3909 1351 3918 —
1363 3879 1456 3945 Quasi
1469 3879 1526 3936 tlos
1539 3879 1620 3937 enim
1632 3879 1792 3952 egreditur,
1807 3881 1880 3955 quia
1895 3881 1972 3938 nitet

246 3975 410 4044 inveniunt,
424 3989 486 4048 quo
501 3969 687 4030 discretionis
698 3983 798 4026 arcem
809 3966 928 4041 plenius
944 3971 1081 4054 postmo7
1135 3968 1167 4024 in
1179 3983 1278 4036 carne,
1293 3967 1346 4024 sed
1360 3968 1531 4037 conteritur,
1542 3969 1616 4042 ¹quia
1630 3969 1774 4042 redigitur
1792 3971 1822 4027 in
1833 3971 1969 4044 putredi-

246 4064 320 4122 dum
346 4067 588 4138 consequuntur:
616 4063 694 4117 recte
719 4073 801 4116 nunc
829 4071 882 4131 per
909 4057 1004 4114 sancti
1026 4058 1082 4115 uir1
1135 4074 1215 4115 nem.
1232 4057 1309 4124 Ouid
1322 4058 1482 4115 enimsunt
1496 4059 1558 4116 nati
1570 4059 1708 4118 homines
1722 4059 1754 4117 in
1768 4059 1895 4130 mundo,
1908 4061 1970 4117 nisi

244 4146 917 4222 vocemadolescentiapcccataformidantur.
927 4147 1080 4224 Sequitur:
1098 4188 1119 4243 D
1134 4147 1260 4221 quidam
1273 4145 1363 4204 flores
1377 4146 1410 4204 in
1422 4149 1555 4222 eampo?
1571 4149 1653 4206 Unde
1666 4149 1757 4208 Isaiae
1771 4151 1828 4208 ait:
1844 4151 1969 4208 «Omnis

283 4245 364 4299 Vsus.
381 4245 425 4299 27.
441 4241 574 4297 Posuisti
587 4240 619 4294 in
634 4253 724 4295 nnuc
746 4235 852 4307 pedem
866 4250 974 4302 murm,
990 4241 1019 4294 et
1031 4238 1079 4293 ob·
1133 4252 1204 4293 caro
1235 4235 1350 4301 tanum,
1377 4241 1406 4292 et
1438 4237 1537 4294 omnis
1571 4237 1666 4308 gloria
1700 4240 1775 4312 ejus,
1803 4239 1879 4297 sieut
1907 4241 1968 4296 flos

246 4331 372 4389 servasti
391 4343 490 4387 omues
511 4328 631 4385 semitas
654 4341 745 4396 meas,
769 4330 797 4382 et
817 4325 942 4396 vestigia
966 4325 1077 4395 pedum
1131 4323 1196 4394 agri
1210 4324 1278 4395 (lec.
1294 4339 1337 4390 ιιι,
1358 4323 1394 4396 6).
1411 4345 1425 4374 ι
1441 4327 1536 4382 llomo
1562 4326 1672 4384 etenim
1687 4343 1770 4384 more
1793 4327 1878 4386 tloris
1893 4343 1968 4402 pro-

244 4437 377 4480 meorum
406 4418 612 4476 considerasti.
635 4448 669 4456 —
689 4415 722 4469 ln
744 4429 837 4470 nervo
863 4415 940 4470 Deus
966 4415 1075 4485 pedem
1130 4413 1209 4471 cedit
1222 4428 1259 4470 ex
1274 4411 1392 4470 obaulto
1406 4419 1435 4472 et
1454 4415 1552 4474 subito
1568 4421 1693 4492 apparet
1706 4417 1736 4473 ln
1750 4416 1890 4491 publico;
1910 4399 1970 4492 qui

244 4509 376 4570 bominis
391 4507 499 4583 posuit,
511 4505 583 4580 quia
593 4505 770 4578 pravitatem
784 4500 863 4558 lilius
879 4502 950 4560 sorti
964 4503 1076 4562 distric
1130 4505 1230 4562 statim
1244 4519 1281 4560 ax
1295 4503 1416 4576 publico
1431 4521 1485 4578 per
1496 4511 1624 4563 mortam
1643 4506 1802 4564 reumitur
1813 4507 1854 4566 ad
1865 4507 1967 4564 cocul-

244 4600 333 4661 tionis
349 4615 410 4656 sum
433 4595 578 4655 sententia
598 4593 709 4666 ligavit.
727 4593 817 4665 Cujus
830 4608 937 4649 omues
952 4592 1073 4650 semitas
1128 4597 1202 4651 tum.
1220 4593 1317 4659 Quaeri
1341 4593 1422 4650 enim
1446 4599 1553 4667 potest,
1569 4611 1623 4651 cur
1648 4593 1716 4650 vita
1739 4593 1871 4654 bominis
1898 4613 1967 4654 eur

243 4689 395 4757 observat,
411 4687 483 4762 quia
498 4684 644 4741 subtiliter
665 4682 783 4754 singula
805 4682 870 4753 ejus
886 4697 1013 4755 quaque
1028 4683 1073 4738 di·
1129 4698 1197 4736 sum
1229 4680 1344 4736 umbras
1380 4681 1480 4754 potius
1504 4697 1598 4754 quam
1633 4680 1688 4738 soli
1712 4691 1880 4758 comparat,
1904 4687 1964 4744 uisi

240 4776 365 4848 judicat.
381 4775 492 4835 Semita
515 4773 596 4830 enim
623 4771 779 4843 angustior
802 4785 868 4826 esse
890 4770 966 4826 solet
979 4787 1073 4843 quam
1126 4771 1199 4846 quia
1227 4773 1339 4826 amisso
1362 4785 1464 4826 amore
1498 4769 1671 4842 conditoris,
1700 4771 1832 4830 calorem
1860 4776 1963 4832 cordis

242 4866 300 4923 via.
316 4866 502 4934 Quiaautem
517 4863 580 4920 vias
596 4862 738 4933 aciones,
750 4877 811 4918 non
823 4861 972 4918 immerito
988 4861 1074 4918 semi·
1129 4858 1269 4934 perdidit,
1283 4863 1312 4916 et
1329 4858 1359 4914 in
1374 4859 1438 4916 solo
1452 4859 1614 4933 iniquitatis
1635 4877 1697 4918 suaa
1716 4861 1825 4933 uigore
1843 4880 1964 4924 mman-

243 4960 288 5014 tas
303 4955 456 5014 aedanum
471 4947 667 5025 cogitationes
683 4951 863 5025 accipimus;
881 4953 958 5008 Deus
971 4950 1073 5024 itaque
1128 4949 1173 5005 sit.
1195 4947 1271 5014 Quia
1287 4947 1371 5020 juxta
1389 4948 1521 5006 Veritatis
1539 4965 1644 5008 vocem
1658 4968 1694 5007 :a
1713 4951 1887 5012 abundavit
1907 4953 1963 5012 ini.

242 5061 349 5104 omncs
365 5043 486 5101 semitas
496 5041 647 5109 observat,
664 5039 737 5114 quia
751 5039 782 5096 in
811 5038 936 5111 singulis
951 5038 1074 5112 quibus·
1127 5037 1263 5110 quitaset
1273 5035 1435 5107 refrigescit
1447 5037 1747 5098 eharitasmultorum
1757 5041 1959 5114 (Muramv,

241 5153 301 5211 que
329 5133 448 5197 nostris,
473 5137 501 5190 et
526 5131 719 5205 cogitationes
749 5134 867 5204 pensat,
896 5133 925 5186 ct
951 5129 1073 5200 vestigia
1129 5129 1183 5200 lt).
1201 5127 1282 5194 »Qui
1296 5127 1385 5199 igitur
1399 5127 1430 5184 in
1449 5129 1614 5188 amorebei
1636 5131 1768 5190 calorem
1783 5133 1882 5190 cordis
1895 5151 1962 5193 non

241 5226 354 5298 pedum
366 5221 546 5290 considerat,
556 5221 628 5296 quia
635 5219 812 5277 intentiones
820 5223 990 5276 nostrorum
1003 5233 1073 5291 ope·
1126 5216 1227 5286 habet,
1242 5232 1297 5274 nec
1309 5221 1408 5274 umen
1420 5217 1514 5275 utam
1523 5234 1619 5292 quam
1631 5219 1736 5293 diligit,
1748 5225 1836 5292 tenet,
1848 5223 1961 5282 scilicet

241 5327 309 5368 rum
324 5330 417 5386 quam
427 5317 506 5369 recte
515 5315 677 5385 ponantur,
692 5325 730 5364 ne
743 5313 771 5364 et
782 5308 840 5364 hoc
855 5307 938 5380 quod
956 5307 1072 5362 bonum
1127 5305 1207 5362 velut
1220 5305 1329 5362 umbra
1348 5305 1431 5376 lugit.
1449 5307 1532 5364 Unde
1545 5313 1623 5366 reete
1637 5325 1760 5383 quoque
1774 5311 1811 5368 de
1825 5310 1876 5368 illo
1887 5313 1960 5369 scri-

241 5401 350 5472 agitur,
356 5417 417 5458 non
431 5405 512 5459 recto
526 5399 807 5470 desiderio,agatur.
814 5400 941 5454 Possunt
950 5411 1072 5469 quoque
1126 5400 1212 5470 ptum
1227 5401 1289 5453 est:
1304 5393 1380 5463 Quia
1394 5402 1514 5454 secutus
1530 5403 1575 5455 est
1597 5399 1748 5458 umbram.
1764 5403 1840 5458 Bene
1853 5407 1959 5460 autern

240 5505 295 5564 per
307 5489 421 5563 pedum
433 5491 566 5561 vestigia,
583 5487 725 5562 quaedam
735 5486 813 5546 male
828 5489 896 5544 acta
909 5483 1070 5556 designari.
1126 5485 1246 5544 dicitur:
1256 5487 1296 5543 Et
1306 5501 1461 5559 nunquam
1470 5489 1502 5545 iu
1512 5487 1871 5566 eodenstctaperacnet,
1881 5493 1958 5566 quia
