4160 6162
156 201 206 254 tit
598 191 745 246 urlrolla
761 185 944 246 MORALIUM
965 185 993 238 S.
1008 183 1110 238 GREG.
1128 183 1161 238 lu
1174 183 1245 238 ton.
1260 211 1296 222 —
1311 181 1377 238 LlB.
1394 183 1425 236 V.
1812 182 1862 234 l50

151 321 181 377 in
197 320 321 376 exordio
337 319 492 374 locutionis
521 319 667 380 metuunt,
685 319 716 370 ut
743 311 899 387 vigilanter
928 309 1095 364 arr-ADeo
1108 307 1228 377 perisse.
1245 337 1279 346 —
1295 304 1414 360 Dolores
1430 305 1577 361 seminare
1590 307 1619 360 ct
1630 302 1862 360 fraudulentiam

153 410 284 467 «liuntur.
300 413 328 463 et
343 423 419 480 pene
441 420 558 477 semper
571 403 686 459 blanda
707 407 774 456 sunl
790 415 858 472 quae
873 411 981 470 propo·
1035 397 1211 462 dicereeas,
1228 401 1257 452 et
1283 399 1392 452 metere
1406 399 1450 450 est
1473 394 1601 450 dicendo
1624 393 1795 468 prevalere.
1811 391 1863 448 Vel

154 503 240 564 ιιιιιιι,
258 497 309 552 sert
325 511 430 570 aspere
458 510 525 566 quie
541 491 752 566 prosequendo
781 487 979 544 subinferunt.
1035 491 1112 544 certe
1125 487 1244 544 dolores
1259 483 1471 557 seminautqui
1482 499 1625 556 perversa
1637 485 1862 556 agunt,metunt

155 586 313 660 Sequitur:
1036 592 1104 632 cum
1131 575 1168 632 de
1183 575 1289 632 eadem
1313 571 1507 648 perversitate
1536 572 1711 645 puniuntur.
1742 575 1862 628 Fructus

191 679 277 732 Vsus.
295 680 319 732 3.
336 675 394 731 Sed
421 678 594 743 conceptum
617 685 779 728 sermonem
802 669 867 740 quis
881 671 981 722 tencre
1035 665 1147 738 quippe
1157 663 1319 722 doloriscsi
1328 660 1482 720 retributio
1491 659 1703 718 damnationis.
1711 660 1864 718 Seminunt

151 767 268 836 posset?
282 797 315 805 -
328 763 392 820 fria
408 777 517 832 genere
530 765 600 817 sunt
610 759 766 816 hominurn
780 757 832 832 qui
848 773 866 812 a
879 771 910 811 se
922 753 980 810 dis·
1035 769 1117 824 ergo,
1131 752 1236 826 inquit,
1250 752 1369 810 dolores
1391 755 1419 808 et
1433 753 1559 818 metunt,
1579 749 1652 822 quia
1677 749 1781 822 iniqua
1794 751 1864 805 sunt

153 855 270 910 sidunt:
283 855 356 910 Sunt
371 853 421 926 qui
438 851 477 907 ad
491 850 678 924 loquendum
692 865 784 922 prava
798 845 978 918 concipiunt,
1034 858 1103 914 quie
1127 842 1250 910 faciunt,
1266 846 1294 898 et
1314 841 1344 898 ln
1366 841 1436 914 ipsa
1457 837 1613 912 iniquitate
1635 841 1861 910 prosperantur,

150 947 178 998 et
194 942 276 998 nulla
288 941 394 998 silentii
410 940 554 1010 gravitate
578 939 765 996 refrenantur
779 956 786 1004 ;
805 941 833 992 et
848 939 916 990 sunt
928 933 980 1005 qui
1034 932 1112 988 sicut
1127 931 1280 988 Psalmista
1294 931 1352 988 ait:
1369 953 1382 978 «
1398 927 1571 986 Polluuntur
1584 926 1640 984 vice
1655 927 1720 998 ejus
1733 925 1763 982 in
1779 925 1861 980 omni

150 1047 220 1088 cum
248 1047 342 1104 prava
363 1029 546 1103 concipiunt,
571 1027 674 1098 magni
697 1026 803 1082 silentii
826 1041 857 1080 so
880 1023 980 1092 vigore
1034 1025 1168 1093 tempore
1181 1021 1274 1090 (Psoi.
1292 1036 1333 1088 rx,
1349 1023 1405 1084 ιιι).
1425 1041 1438 1068 ιι
1466 1016 1548 1073 Flere
1563 1016 1623 1086 Dei,
1638 1013 1769 1072 vindicta
1782 1012 1863 1070 retri-

150 1121 351 1191 restringunt;
373 1125 402 1176 et
416 1125 494 1190 usunt
516 1119 569 1192 qui
595 1118 738 1174 virtutum
765 1133 822 1172 usu
837 1111 978 1182 roborati,
1032 1107 1165 1166 butionis
1179 1107 1295 1163 dicitur.
1305 1109 1381 1162 Beue
1394 1105 1494 1178 itaque
1509 1104 1689 1177 quidolores
1701 1101 1859 1168 seminant,

151 1211 301 1283 usquead
330 1225 398 1266 eam
419 1209 626 1266 celsitudinem
650 1205 863 1280 provehuntur,
894 1199 978 1258 utod
1034 1195 1359 1267 flautelleo,pereunt,
1385 1192 1641 1267 quiaundeforis
1665 1189 1863 1264 perversafa-

149 1299 339 1372 loquendum
356 1300 384 1356 in
405 1300 493 1354 oculo
514 1297 633 1370 quidem
652 1292 979 1370 perverseconcipiunt
1033 1288 1126 1352 ciunt,
1143 1283 1393 1340 issdflssbissilfflis
1422 1281 1671 1338 ¹⁸00i2f0iiunilll‘·
1694 1279 1774 1336 Flfltss
1790 1279 1861 1334 ilas·

148 1406 217 1462 quae
231 1389 347 1446 silendo
375 1391 579 1462 compescant.
598 1386 716 1458 Eliphaz
740 1385 840 1457 itaque
867 1399 901 1437 ex
917 1397 978 1452 quo
1033 1374 1129 1430 cando
1144 1373 1261 1442 dicitur,
1275 1372 1347 1445 qula
1362 1373 1386 1427 is
1402 1371 1453 1444 qui
1469 1371 1500 1426 in
1514 1385 1546 1426 se
1561 1368 1740 1441 tranquillus
1753 1372 1796 1423 est
1811 1383 1861 1440 pe-

149 1478 186 1532 sit
198 1478 303 1533 ordine
317 1477 491 1543 ostenditur,
508 1491 578 1530 curn
591 1475 641 1530 ait:
655 1475 713 1530 Sed
727 1477 899 1540 conceptum
915 1485 976 1525 ser·
1032 1461 1188 1518 reuntibus
1204 1459 1392 1516 turbulentus
1407 1458 1535 1514 videtur.
1544 1457 1700 1530 Sequitur:

148 1581 263 1622 vermem
284 1567 458 1637 terrerequls
477 1563 678 1634 poteritfoui
702 1565 791 1618 etium
824 1557 976 1632 loquendo
1069 1557 1579 1627 l'ens.lo.Ruqz'tustecniscrcce
1595 1554 1861 1632 traametdentm

150 1671 181 1710 se
196 1655 384 1710 offensurum
414 1655 504 1710 novit.
522 1653 606 1708 Pravi
632 1653 720 1722 igitur
736 1651 812 1706 sicut
830 1650 858 1704 in
884 1663 976 1702 sensu
996 1661 1017 1712 Β
1032 1650 1201 1706 catulorum
1217 1647 1333 1702 bonum
1349 1647 1613 1702 contribuunt-
1628 1643 1705 1710 Quid
1719 1642 1800 1700 enim
1814 1659 1862 1703 ru·

148 1745 226 1800 leves
243 1749 321 1810 sont,
335 1743 374 1800 itu
390 1745 420 1800 in
436 1745 584 1798 locutione
600 1742 777 1814 precipites.
808 1735 977 1794 llincSalo-
1031 1737 1110 1808 gitus
1124 1735 1219 1791 leonis
1236 1734 1377 1807 appellat,
1395 1733 1463 1804 nisi,
1480 1739 1512 1790 ut
1525 1732 1616 1806 paulo
1635 1737 1704 1788 aute
1717 1731 1861 1803 praemisi·

149 1847 219 1888 ιιιοιι
234 1833 386 1898 aitzntlui
401 1827 976 1904 emittitaqnan1.caputcsljurgiorurn
1031 1843 1110 1888 mus.
1141 1825 1328 1882 severitatem
1358 1822 1524 1896 viriiqnid
1547 1837 1653 1878 vocem
1675 1819 1860 1890 leenaniei

150 1923 337 1990 (l'roo.xvrr‚
356 1920 604 1992 relinquitur.
1030 1913 1243 1988 loquacitatem
1271 1913 1432 1984 conjugis?
1461 1911 1537 1978 Quid
1563 1910 1668 1970 dentes
1693 1907 1860 1966 catulorum

185 2013 270 2066 l'rres.
292 2014 314 2064 ι.
344 2012 417 2066 licre
431 2009 559 2064 docuisti
574 2010 732 2076 plurimos,
757 2003 926 2076 etreliqua.
1030 2001 1164 2071 leonum,
1194 2001 1250 2057 nisi
1277 2000 1455 2058 edacitutem
1470 1998 1589 2072 prolis?
1615 1998 1691 2065 Quia
1712 1995 1860 2057 enimiilii

150 2101 264 2164 Magnae
291 2096 476 2152 celsitudinis
505 2096 558 2152 iste
572 2096 615 2150 vir
632 2097 694 2162 luit,
710 2095 761 2168 qui
785 2091 860 2146 inter
875 2106 977 2145 curam
1032 2091 1225 2146 convivantes
1238 2091 1358 2146 extincti
1375 2093 1455 2157 sunt,
1469 2088 1605 2146 dentium
1620 2087 1810 2160 expressione
1823 2085 1860 2142 si-

150 2185 272 2254 domns‚
287 2189 315 2240 ct
329 2184 539 2256 multiplicium
551 2200 651 2239 rerum
666 2181 844 2244 custodiam,
856 2177 979 2234 affectus
1030 2183 1171 2249 guantur.
1186 2181 1256 2242 Quae
1269 2184 1379 2234 crrncta
1391 2179 1465 2234 dum
1489 2177 1616 2234 coutrita
1630 2175 1750 2249 Eliphaz
1763 2174 1860 2233 exsul·

150 2273 314 2344 pignorum
331 2273 489 2344 studiaque
502 2271 653 2328 laborum.
679 2269 849 2326 erruliendis
866 2267 978 2322 creteris
1032 2273 1074 2324 tat
1090 2267 1231 2338 [exaltati.
1245 2267 1332 2340 quasi
1343 2268 1409 2338 jure
1422 2266 1567 2324 damnata
1585 2265 1751 2322 denuntiat.
1768 2265 1859 2334 Cuius

148 2355 977 2434 scimpenditlemporuliaregendadisposuit,aeterua
1030 2357 1131 2414 adhuc
1157 2357 1299 2414 duritiam
1335 2355 1547 2428 increpationis
1580 2354 1755 2426 ingeminat,
1789 2367 1859 2410 cnm

147 2451 341 2522 praedicando
355 2450 513 2505 nuntiavit.
538 2449 594 2506 Sed
608 2465 660 2504 seu
685 2447 823 2516 haretici,
839 2462 892 2501 seu
912 2461 976 2518 per·
1030 2445 1205 2516 subjungit:

147 2537 224 2594 versi
237 2537 371 2610 quilibet,
389 2554 457 2593 cum
473 2537 716 2608 bonajuslorum
729 2535 869 2606 referunt,
886 2549 921 2590 ca
936 2533 974 2590 ad
1065 2544 1150 2598 Vnus.
1181 2548 1223 2598 ιι.
1251 2543 1348 2612 liprv's
1374 2541 1474 2614 periit,
1502 2555 1535 2598 eo
1561 2539 1642 2613 quod
1661 2555 1722 2596 noo
1737 2539 1858 2596 liaberet

147 2632 358 2696 argumentum
374 2627 505 2682 oriminis
521 2627 651 2682 flectunt.
668 2629 740 2682 Nam
758 2623 907 2698 sequitur:
1025 2632 1172 2703 prmum,
1186 2639 1213 2690 32
1228 2633 1325 2689 camp·
1339 2632 1431 2688 120„ss
1455 2632 1688 2702 desimam,
1704 2661 1738 2670 ..
1763 2631 1858 2695 Quem

183 2718 265 2772 VERS·
282 2721 307 2771 5·
324 2717 413 2772 NW
428 2722 525 2772 cutem
543 2723 621 2772 uenit
636 2731 725 2783 snper
737 2721 765 2770 ιθ
777 2715 871 2786 pinpo
886 2717 913 2768 ιι
926 2712 974 2768 de·
1027 2723 1108 2778 enim
1121 2723 1243 2778 nomine
1257 2722 1340 2787 linis
1354 2722 1411 2777 nisi
1424 2721 1530 2779 beatus
1552 2720 1607 2777 tob
1622 2723 1695 2777 nota
1706 2719 1858 2776 varietatis

149 2807 260 2875 sedisti.
277 2837 310 2845 -
327 2805 371 2860 Ab
386 2805 497 2877 iniquis
510 2821 579 2861 Vero
592 2807 683 2860 morlo
699 2805 847 2860 bonorum
862 2801 973 2871 locuit),
1027 2811 1138 2882 signa?
1155 2811 1201 2867 vgl
1228 2825 1386 2884 aspersum
1410 2811 1536 2866 maculis
1560 2808 1784 2866 simulationis?
1801 2805 1858 2864 Sed

147 2899 199 2950 aut
213 2894 348 2966 ejusdem
371 2893 479 2964 liugom
493 2910 555 2948 suae
570 2893 745 2964 adjudicata
760 2891 928 2948 testimonio
944 2891 973 2946 in
1027 2900 1171 2956 nimirum
1199 2900 1298 2956 omnis
1315 2898 1480 2970 ‚hypocrita
1506 2898 1589 2966 tigris
1615 2901 1668 2964 est,
1684 2896 1757 2969 quia
1784 2896 1858 2952 dum

146 2983 269 3040 <trimme
300 2983 359 3039 viia
388 2983 578 3038 succumbat·
608 2983 662 3049 Oui
677 2982 767 3038 eiiam
782 2981 863 3036 1³0⁰&
880 2979 916 3037 ‘¹⁰
929 2981 975 3051 ju·
991 3011 1011 3062 q
1028 2988 1160 3044 mundus
1174 2987 1256 3044 color
1270 2987 1507 3044 dissimulatione
1527 2987 1643 3052 dicitur,
1659 2986 1801 3042 vitiorum
1815 2984 1858 3040 ni·

146 3073 200 3128 stis
215 3073 280 3128 eliis
295 3074 414 3142 cognita
435 3072 609 3145 loquuntur.
619 3071 670 3128 secl
684 3072 824 3143 hreeipsa
836 3070 972 3142 protinus
1028 3074 1150 3145 gredine
1178 3075 1415 3147 interrumpente
1441 3073 1582 3130 variatur.
1610 3075 1694 3146 Srepe
1722 3071 1796 3127 dum
1822 3071 1859 3126 de

145 3161 185 3216 ad
201 3161 356 3216 cumulum
371 3160 589 3232 objurgationis
604 3161 787 3234 pertrabunt.
816 3157 971 3230 Sequitur:

182 3253 263 3306 Vens.
280 3255 306 3306 6.
326 3251 382 3307 dei
395 3257 435 3306 est
446 3253 536 3306 timor
550 3249 778 3319 treus.fortitrcdo
789 3249 974 3317 irrepeban-

146 3339 188 3394 tiu
200 3345 252 3394 tuo
265 3345 292 3395 et
306 3341 450 3409 perfectio
462 3341 577 3395 uiarum
587 3345 726 3394 luterum?
736 3369 769 3377 —-
778 3339 849 3404 Ouae
864 3343 973 3392 cuncta

147 3427 293 3499 superiori
325 3429 480 3499 conjungit
514 3427 675 3482 sententio.
705 3425 759 3483 Sed
795 3425 971 3482 intuendum

146 3515 231 3570 valde
244 3520 298 3580 esi,
328 3517 399 3589 quin
413 3517 553 3589 quamvis
580 3515 823 3572 inconvenienter
837 3513 973 3570 inchoas-

145 3611 199 3671 set,
231 3611 428 3674 congruenter
455 3611 556 3663 tamen
586 3605 707 3661 ordines
734 3619 833 3660 rerum
858 3607 970 3660 narrat.

144 3697 277 3760 Quatuor
289 3695 401 3768 quippe
417 3696 515 3751 modis
532 3696 620 3752 vitain
637 3695 715 3750 beati
737 3695 792 3750 iob
812 3695 970 3751 virtutibus

143 3785 349 3840 enumerando
364 3783 506 3851 distinxit,
516 3785 590 3840 dum
603 3789 631 3838 ei
645 3785 742 3840 timori
757 3783 969 3848 fortitudinem,

143 3879 172 3929 et
193 3873 355 3929 fortitudini
384 3873 619 3946 patientiarum
647 3873 793 3945 patientioe
820 3871 972 3945 perfectio-

142 3979 213 4018 nem
227 3961 370 4033 junxitln
385 3963 430 4016 via
444 3977 577 4034 namque
590 3964 637 4016 liei
648 3963 738 4017 timor
748 3961 842 4030 gignit
855 3961 970 4016 fortitu-

141 4052 257 4118 dinem,
274 4055 304 4104 ut
328 4051 469 4106 Salomon
485 4052 542 4104 ait:
572 4075 584 4098 ιι
603 4052 632 4104 ln
659 4051 764 4105 timore
780 4051 839 4118 liei,
861 4049 972 4104 ilducia

140 4137 323 4197 fortitudinis
338 4139 439 4208 (Pron.
463 4153 525 4198 xrv.
540 4139 594 4210 aa).
614 4161 627 4188 ιι
643 4139 718 4204 Quia
733 4137 806 4192 dnm
821 4151 906 4192 mens
921 4153 973 4192 no-

1027 3161 1170 3219 castitatis
1183 3161 1332 3218 munditia
1345 3161 1503 3232 extollitur,
1519 3161 1607 3217 sorde
1623 3159 1755 3217 avaritia
1768 3159 1860 3216 foeda·

1027 3256 1084 3307 tur.
1100 3253 1172 3316 Quoe
1186 3249 1323 3306 videlieet
1336 3250 1418 3320 tigris
1441 3250 1520 3323 rapit
1544 3249 1690 3323 prredam,
1706 3248 1779 3322 qnia
1806 3248 1860 3304 bu·

1027 3343 1126 3398 manis
1142 3340 1198 3396 sibi
1225 3339 1377 3396 favoribus
1393 3347 1520 3413 usurpat
1532 3339 1668 3412 gloriam.
1688 3337 1764 3405 Quia
1777 3337 1858 3396 euim

1026 3433 1114 3503 rapta
1128 3429 1217 3485 laude
1231 3427 1390 3499 extollitur,
1407 3429 1492 3502 quasi
1509 3427 1613 3501 praeda
1628 3427 1761 3484 satiatur.
1773 3429 1859 3484 Tran-

1026 3518 1112 3574 slatio
1127 3523 1227 3574 antem
1257 3518 1450 3592 Septuaginta
1463 3522 1660 3591 interpretum
1679 3529 1741 3572 non
1766 3515 1859 3574 habet

1026 3609 1122 3678 tiprs's,
1133 3606 1197 3676 sed,
1206 3607 1410 3664 mtrvutcctcca
1419 3609 1520 3677 periit.
1532 3596 1731 3664 mirmicoleon
1744 3604 1858 3678 quippe

1026 3711 1155 3768 parvum
1170 3695 1315 3752 valdeest
1331 3695 1445 3752 animal
1467 3695 1600 3752 formicis
1615 3693 1800 3751 adversum?
1813 3693 1858 3750 oi-

1026 3786 1101 3842 citur
1116 3791 1217 3842 autem
1234 3786 1334 3843 Latine
1358 3785 1551 3843 formicarum
1566 3785 1624 3849 leo,
1647 3784 1695 3841 vel
1710 3788 1788 3840 certe
1800 3783 1858 3839 for·

1026 3875 1105 3932 mica
1119 3879 1146 3930 el
1159 3875 1215 3930 leo.
1245 3875 1321 3940 Quid
1351 3875 1382 3930 ιιι
1396 3875 1584 3931 micoleontls
1598 3873 1722 3930 nomine
1738 3869 1857 3946 liliplraz

1025 3965 1056 4020 in
1071 3963 1228 4020 beatoiob
1242 3964 1298 4019 nisi
1313 3978 1458 4036 pavorem
1482 3968 1511 4018 et
1525 3961 1686 4019 andaciam
1699 3961 1858 4033 reprehen-

1025 4049 1093 4107 dit?
1107 4055 1147 4106 lc
1164 4050 1190 4104 si
1205 4056 1305 4122 aperte
1320 4051 1399 4106 dicat
1411 4049 1614 4121 :iNoninjustc
1628 4061 1792 4120 percussus
1807 4061 1855 4114 es;

1026 4143 1131 4195 contra
1155 4141 1269 4193 erectos
1297 4137 1430 4204 timidus,
1460 4141 1565 4193 contra
1592 4135 1728 4192 subditos
1755 4133 1858 4190 audax

141 4235 202 4286 stra
216 4233 296 4283 recto
311 4232 392 4283 metu
409 4227 558 4284 conditori
575 4227 711 4283 omnium
730 4225 875 4298 jungitur,
891 4229 973 4296 pote·
1026 4227 1116 4284 fuisti.
1139 4229 1249 4283 Trrroe.
1276 4229 1344 4296 Leo,
1359 4229 1481 4300 propter
1503 4225 1652 4297 virtutem,
1672 4221 1855 4293 fluminum

142 4323 218 4374 stete
231 4317 364 4391 quadarn
392 4333 482 4390 supra
497 4317 600 4373 omnia
628 4315 809 4384 sublevatur,
830 4313 971 4371 fortitudo
989 4321 1149 4410 Dpropter
1163 4315 1306 4373 sevitiam
1321 4315 1487 4386 diabolum,
1503 4316 1650 4387 designat.
1661 4315 1703 4372 Dc
1718 4313 1855 4372 llomino:

141 4411 241 4463 autem
258 4405 376 4462 nonnisi
388 4405 419 4461 in
430 4406 607 4462 adversitate
620 4403 794 4462 ostenditur.
804 4403 885 4460 Unde
901 4419 971 4460 mox
1025 4431 1039 4460 ιι
1055 4408 1187 4464 vicitleo
1202 4407 1239 4464 de
1267 4406 1347 4464 tribu
1375 4405 1455 4464 inda
1470 4407 1572 4480 (apoc.
1588 4423 1618 4463 v.
1642 4405 1680 4480 ιιι1
1695 4424 1710 4458 ιι
1739 4405 1779 4462 lle
1793 4405 1856 4462 dia-

140 4495 283 4568 patientia
305 4493 496 4561 subrogatur.
526 4498 554 4549 et
582 4491 681 4548 statim
709 4497 776 4564 post
795 4491 967 4564 patientiam
1022 4497 1113 4554 bolo:
1140 4519 1155 4548 ιι
1183 4496 1377 4553 Adversarius
1405 4501 1503 4555 vester
1527 4495 1676 4564 diabolus,
1705 4494 1782 4552 sicut
1808 4493 1855 4551 leo

140 4585 256 4640 viarum
275 4583 416 4656 perfectio
441 4583 634 4638 subinfertur.
662 4583 709 4638 llle
722 4581 803 4637 enim
821 4582 968 4654 perlectus
1023 4587 1145 4658 rugiens
1159 4587 1186 4658 (l
1195 4588 1277 4643 Petr.
1292 4603 1320 4653 v,
1336 4587 1374 4658 8).
1388 4609 1402 4638 ιι
1426 4590 1537 4643 Leaenae
1551 4591 1652 4642 antem
1666 4585 1788 4642 nomine
1801 4583 1855 4640 all·

141 4673 243 4745 estqui
256 4687 327 4742 erga
337 4671 593 4744 imperfectionem
601 4671 728 4744 proximi
739 4671 897 4744 impatiens
908 4685 969 4726 non
1023 4676 1149 4750 quando
1178 4680 1283 4732 sancta
1299 4675 1427 4732 Ecclesia
1453 4675 1637 4746 designatur,
1666 4673 1739 4747 qula
1754 4671 1856 4729 audax

142 4767 195 4816 est.
213 4762 361 4834 Sequitur.

178 4848 260 4902 Vens,
276 4851 303 4900 ι.
317 4846 496 4912 Recordare,
513 4845 684 4911 obsecrate,
700 4847 766 4917 qrris
777 4859 913 4916 anquam
923 4845 969 4900 ia·

142 4949 249 4992 nocens
261 4936 375 5004 pertiti
388 4939 417 4992 et
430 4935 554 5007 reliqua.
581 4935 664 5007 Saepe
680 4935 761 4990 enim
775 4934 823 4990 iric
844 4939 873 4990 et
887 4934 970 4990 inno

140 5027 241 5082 centes
265 5029 400 5096 pareunt,
429 5023 481 5080 sed
517 5023 556 5080 ed
595 5027 739 5080 eternam
764 5023 890 5094 gloriam
918 5039 970 5097 pa-

138 5113 257 5170 reundo
278 5118 442 5170 servantur.
469 5113 544 5180 Quia
560 5114 607 5170 bie
628 5113 772 5169 innocens
799 5113 884 5186 perit,
906 5130 972 5187 pro.

138 5203 231 5276 pheta
245 5200 393 5260 affirmat:
409 5225 423 5254 «
437 5205 537 5260 iustus
566 5203 642 5276 perit
651 5206 680 5260 et
702 5217 793 5258 nomo
808 5205 915 5276 estqui
929 5221 973 5261 re·

139 5289 249 5359 cogitet
272 5293 344 5360 (leo.
362 5309 426 5360 nvn,
442 5297 479 5357 fl.
497 5317 511 5342 »
537 5293 578 5350 lie
603 5291 690 5348 rectis
712 5291 862 5364 Sapientia
883 5293 970 5350 dicit:

147 5401 160 5426 ιι
179 5381 292 5450 llaptus
307 5386 351 5435 est
368 5395 404 5434 ue
426 5380 537 5435 miditia
560 5383 689 5436 mutaret
711 5379 893 5436 intellectum
908 5382 973 5453 ejus

141 5469 229 5538 (Sep.
247 5485 285 5538 ιι,
303 5469 356 5539 ιι).
373 5489 386 5516 ιι
403 5467 559 5540 Sequitur:

176 5558 414 5626 venenarium
427 5556 527 5624 potius
542 5557 608 5612 cide
620 5573 668 5613 eos
680 5561 733 5629 qui
743 5539 973 5630 cpeicnwtni-

139 5647 333 5720 quitutem,et
347 5646 495 5704 serninuat
509 5644 675 5714 detumeat
688 5655 803 5706 metunt
815 5651 973 5722 cormonte

1023 4769 1067 4821 est
1081 4764 1113 4820 in
1130 4763 1274 4830 adverus,
1290 4767 1323 4819 ut
1335 4763 1431 4820 isdem
1447 4763 1502 4820 tob
1517 4764 1598 4821 aitte
1614 4765 1679 4820 Non
1692 4759 1855 4834 pertransi·

1024 4853 1066 4908 ιιι
1079 4863 1134 4924 per
1146 4863 1215 4908 eam
1229 4849 1325 4908 leaena
1337 4851 1412 4923 (Jci.
1430 4863 1529 4920 xxmr,
1543 4851 1581 4924 a).
1594 4855 1608 4902 ιι
1622 4847 1791 4924 Aliquando
1801 4849 1855 4906 Ba-

1024 4941 1149 5014 bylonia
1165 4945 1288 5014 proptor
1314 4939 1544 4999 immanitatem.
1572 4939 1666 5002 Catuli
1679 4945 1781 5000 autem
1795 4939 1855 4998 leo·

1025 5043 1099 5086 num
1114 5033 1184 5086 sunt
1195 5027 1320 5102 quilibet
1330 5027 1460 5104 reprobi,
1474 5029 1513 5088 ad
1527 5031 1664 5108 iniquam
1678 5031 1771 5089 vitam
1787 5045 1853 5088 ma-

1025 5117 1176 5190 lignorum
1223 5117 1381 5190 spirituum
1424 5123 1522 5177 errore
1567 5119 1708 5191 generati.
1754 5116 1854 5176 &nell
1953 5151 1957 5160 .

1025 5207 1135 5263 etenim
1149 5205 1205 5264 viri
1231 5207 1353 5265 sollicite
1368 5208 1539 5266 custodiunt
1554 5209 1739 5284 semetipsos,
1756 5209 1794 5261 lte
1806 5203 1853 5259 leo

1025 5295 1107 5352 idem
1127 5296 1270 5370 antiquus
1282 5297 1377 5354 hostis
1391 5304 1443 5356 eos
1455 5297 1512 5355 sub
1535 5299 1638 5372 aliqua
1651 5293 1783 5363 imagine
1797 5291 1853 5347 vir-

1025 5384 1094 5441 tutis
1109 5385 1235 5453 occidat,
1260 5401 1298 5443 ne
1326 5387 1427 5444 leena
1454 5403 1514 5443 vox
1525 5387 1650 5443 auribus
1675 5383 1851 5455 perstrepat,

1025 5471 1106 5530 idam
1120 5489 1158 5531 ne
1174 5475 1335 5547 Babylonis
1348 5477 1442 5549 gloria
1456 5474 1580 5531 censurii
1596 5469 1635 5527 ab
1649 5473 1752 5527 amore
1767 5471 1852 5528 coele-

1025 5563 1077 5619 stis
1103 5564 1207 5637 patriae
1232 5569 1355 5634 avertat,
1383 5579 1421 5620 ne
1449 5560 1618 5618 catulorum
1643 5560 1747 5618 daubi
1774 5575 1852 5616 mor·

1026 5651 1160 5722 deant,id
1172 5659 1263 5710 estne
1278 5653 1476 5725 reproborum
1486 5648 1587 5705 suado
1600 5649 1631 5706 in
1641 5647 1731 5707 corde
1743 5659 1853 5722 conva-⁴
