4160 6162
157 117 209 172 aba

584 115 731 172 EPITOME
751 115 935 172 MORALIUM
955 115 983 172 S.
1004 115 1106 171 GREG.
1127 119 1160 172 ΙΝ
1180 117 1253 174 JOB.
1274 149 1307 158 ·—
1329 121 1391 175 tin.
1413 122 1441 174 X.

1817 119 1869 172 ato

155 239 284 296 miserita
299 245 328 296 et
343 239 535 296 tenebrarum
550 244 627 296 terra
643 243 696 308 est,
712 237 784 311 quia
797 238 934 311 quisquis
949 238 988 294 ad
1002 239 1027 295 Α
1042 239 1195 296 tormentis
1223 241 1310 297 timor
1336 241 1472 298 dolorem
1499 242 1600 309 babet,
1625 239 1711 298 dolor
1732 239 1869 296 timorem

157 328 312 386 toleranda
336 329 401 400 ejus
423 327 502 386 mala
524 327 720 399 descenderit,
733 343 928 401 nequaquam
941 331 987 384 ut·

155 419 249 475 terius
263 419 302 475 ad
317 416 414 474 lucem
429 417 534 474 reddit.
548 418 701 492 Sequitur:
720 418 776 474 Ubi
787 418 895 475 umbra
907 433 987 474 mor-

156 509 195 564 tis
209 509 353 565 ataulfus
366 507 447 563 ordo.
465 539 498 547 -
514 507 594 564 Siout
619 523 701 563 mors
726 507 853 564 exterior
871 507 910 564 ab
925 507 986 564 ani·

154 613 208 654 ma
220 595 324 653 dividit
336 611 466 666 earnem,
480 595 521 653 ita
533 613 615 653 mors
629 595 750 654 interior
764 599 855 654 abeo
868 601 988 670 separat

155 686 301 742 animam.
318 684 428 742 Umbra
443 701 515 756 argo
536 685 641 743 mortis
665 691 710 742 est
729 685 896 743 obscuritas
916 685 986 742 divi-

154 773 256 842 sionis,
268 774 340 847 quia
354 773 516 830 damnatus
527 775 655 848 quisque
665 791 735 831 oum
745 778 856 830 aeterno
865 789 987 831 succen-

152 859 233 916 ditur
247 860 326 931 igne,
349 861 389 918 ab
406 861 523 918 interno
543 861 656 918 lumine
679 861 860 920 tenebratur.
876 865 987 919 Natura

150 963 224 1005 vero
236 949 313 1020 ignis
329 953 375 1006 est
387 955 449 1007 uta
464 951 562 1024 seipso
586 955 615 1007 et
626 948 857 1008 luccm'exibeat
870 955 899 1007 et
914 966 985 1007 oon-

152 1038 379 1096 cremationem.
397 1039 455 1097 Sed
470 1045 726 1112 transgressorum
739 1039 789 1098 illa
804 1039 890 1097 ultrix
902 1039 987 1096 flam-

150 1143 202 1184 ma
216 1129 491 1186 concremationem
514 1129 615 1198 habet,
640 1133 669 1185 et
689 1129 793 1186 lumen
806 1128 983 1186 nonhabet.

151 1217 225 1274 llinc
252 1217 333 1274 enirn
356 1223 401 1275 est
424 1217 508 1291 quod
530 1218 568 1274 de
589 1218 726 1291 reprobis
755 1218 865 1275 Veritas
889 1217 983 1274 dicit:

152 1329 166 1355 «
180 1306 359 1364 Disceditea
380 1324 439 1371 me,
457 1307 618 1380 maledicti,
631 1307 776 1378 inignem
796 1313 951 1376 aeteruum,
968 1329 983 1357 υ

1041 343 1102 384 non
1117 329 1217 398 habet,
1232 330 1303 404 quia
1318 343 1513 402 nequaquam
1537 335 1668 387 mentem
1689 333 1787 386 motus
1802 344 1869 384 aru-

1041 416 1108 488 cial,
1125 434 1194 476 cum
1207 419 1269 492 pati
1296 418 1417 491 exaperit
1424 419 1488 489 jam
1504 419 1585 492 quod
1602 419 1764 476 metuebat.
1780 417 1869 474 infcr-

1041 520 1116 562 num
1130 523 1201 564 vero
1224 512 1251 564 et
1266 507 1375 563 umbra
1393 505 1497 562 mortis
1509 507 1660 568 obscurat,
1677 513 1704 562 et
1718 507 1870 576 sempiter-

1041 612 1098 652 nus
1113 596 1223 653 horror
1243 597 1402 664 inhabitat,
1417 596 1488 670 quia
1501 597 1566 666 ejus
1576 595 1696 666 ignibus
1718 596 1826 666 traditi,
1842 599 1871 650 et

1040 684 1072 740 in
1080 684 1233 758 suppliciis
1243 685 1377 742 dolorem
1388 686 1527 756 sentiunt,
1535 684 1600 740 etin
1609 683 1719 740 doloris
1731 685 1870 754 angustia

1040 773 1170 847 pulsanti
1194 791 1225 832 se
1251 791 1368 848 semper
1382 791 1493 848 pavore
1508 774 1662 844 feriuntur,
1679 778 1710 828 ut
1735 779 1764 828 et
1787 773 1870 846 quod

1040 863 1155 934 timent,
1166 863 1299 934 tolerent,
1312 870 1339 920 et
1348 881 1450 920 rursus
1461 863 1544 937 quod
1556 863 1689 932 tolerant,
1700 862 1763 917 sine
1775 878 1870 918 cessa-

1040 949 1119 1008 tione
1141 952 1362 1024 pertimescant.
1389 955 1428 1008 be
1454 953 1501 1008 bis
1522 951 1631 1008 etenim
1647 950 1867 1022 scriptumest:

1041 1040 1153 1096 vermis
1173 1057 1278 1098 eorum
1294 1058 1355 1098 non
1374 1041 1526 1110 morietur,
1542 1045 1569 1096 et
1588 1041 1664 1112 ignis
1683 1055 1787 1095 eorum
1807 1051 1869 1093 non

1039 1130 1242 1202 exstinguetur
1269 1133 1376 1202 (llere.
1393 1147 1431 1200 rx,
1447 1133 1503 1200 48).
1532 1153 1545 1180 »ι
1568 1130 1643 1196 Quia
1656 1144 1727 1198 ergo
1742 1133 1770 1183 et
1785 1143 1868 1183 mors
1906 1127 1909 1138 '

1039 1220 1158 1294 perimit
1172 1227 1200 1278 et
1213 1237 1273 1279 non
1285 1222 1454 1293 exstinguit,
1471 1221 1557 1276 dolor
1571 1219 1692 1284 cruciat,
1705 1218 1756 1274 sed
1771 1217 1868 1273 nulla-

1038 1321 1126 1366 tenus
1135 1327 1280 1383 pavorem
1291 1311 1383 1382 fugat,
1396 1311 1522 1366 flamma
1536 1307 1685 1364 comburit
1694 1305 1748 1362 scd
1757 1321 1868 1378 nequa-

150 1395 310 1470 etreliqua
335 1396 453 1468 (Marta.
469 1405 538 1465 xxt,
553 1397 609 1468 41).
626 1395 700 1452 ilinc
725 1395 814 1453 etiam
838 1395 983 1470 perPsal-
1038 1413 1131 1470 quam
1154 1401 1292 1454 tenebras
1319 1398 1456 1466 discutit;
1481 1401 1628 1470 quantum
1658 1411 1712 1468 per
1734 1393 1869 1450 notitiam

150 1485 271 1541 mistam
287 1485 412 1541 dicitur:
430 1507 443 1534 «
457 1487 551 1558 Super
565 1501 617 1541 eos
641 1485 746 1542 cecidit
766 1485 854 1556 ignis,
872 1489 900 1542 et
922 1500 984 1542 non
1039 1487 1193 1559 praesentis
1219 1487 1286 1543 vitae
1306 1486 1462 1558 colligitur,
1483 1484 1630 1558 supplicia
1652 1483 1789 1539 ordinem
1807 1498 1869 1538 non

148 1573 289 1630 viderunt
318 1574 411 1630 solem
428 1575 522 1646 (Paul.
548 1575 820 1646 xn1,9).»flirum
845 1591 916 1632 vero
940 1589 986 1646 est
1002 1591 1025 1648 g
1039 1575 1161 1643 habent,
1187 1591 1256 1649 quae
1282 1591 1343 1631 non
1369 1591 1455 1632 suam
1486 1589 1539 1647 per
1562 1573 1665 1630 omnia
1694 1571 1868 1644 qualitatem

150 1663 236 1718 valde
250 1663 333 1736 quod
346 1662 463 1736 dieitur,
480 1663 531 1720 ubi
545 1664 651 1719 nullux
671 1665 754 1721 ordo.
778 1667 879 1738 Neque
902 1665 983 1721 enim
1039 1669 1148 1736 tenent.
1175 1665 1317 1731 Quamvis
1336 1663 1394 1720 illio
1407 1664 1485 1735 ignis
1513 1667 1541 1718 et
1558 1663 1606 1718 ad
1630 1655 1866 1717 consolationem

149 1752 340 1825 omnipotens
356 1755 434 1808 Deus
449 1753 502 1826 qui
516 1752 598 1810 mala
610 1753 687 1810 benc
700 1753 796 1826 punit,
810 1753 982 1811 inordinata
1036 1769 1099 1811 non
1119 1755 1207 1823 lueet,
1232 1757 1261 1812 et
1283 1757 1384 1811 tamen
1401 1753 1498 1823 magis
1517 1755 1664 1824 torqueat,
1688 1750 1727 1806 ad
1753 1747 1866 1820 aliquid

148 1856 215 1898 esse
227 1841 287 1898 ullo
302 1842 393 1898 modo
407 1841 455 1897 vel
469 1847 618 1898 tormenta
630 1847 699 1898 sunt
709 1842 808 1914 [sinitl.
824 1843 982 1909 Quomodo
1035 1842 1123 1900 lucet.
1138 1847 1211 1901 Nam
1236 1859 1380 1917 sequaces
1401 1856 1537 1916 quosque
1557 1856 1627 1896 suos
1640 1853 1743 1895 seeum
1757 1837 1788 1893 in
1805 1842 1866 1893 tor-

147 1944 282 2003 namque
296 1930 326 1985 io
351 1930 504 2004 suppliciis
518 1931 592 1986 ordo
607 1945 669 1986 non
683 1931 746 2000 erit,
760 1931 835 1988 dum
853 1929 982 1987 damna·
1035 1935 1138 1988 mento
1147 1931 1267 2004 reprobi
1282 1931 1406 1988 flamma
1419 1930 1583 1986 illustrante
1595 1927 1688 1984 visuri
1701 1931 1779 1993 sunt,
1792 1941 1866 2000 qno-

147 2022 215 2073 tum
229 2031 418 2090 quemquam
437 2018 523 2089 juxta
544 2017 671 2074 modum
697 2017 838 2089 criminis,
854 2025 884 2075 et
900 2022 982 2075 retri-
1036 2033 1104 2074 rum
1130 2035 1232 2076 amore
1264 2020 1463 2092 deliquerunt,
1498 2022 1647 2091 quatenus
1678 2015 1731 2088 qui
1759 2029 1864 2070 eorum

147 2105 235 2162 butio
249 2105 383 2179 sequitur
396 2105 537 2163 ultionis?
552 2105 625 2162 Hinc
637 2107 749 2180 quippe
761 2107 905 2180 seriptum
917 2111 979 2164 est:
1035 2107 1129 2164 vitam
1142 2109 1300 2165 carnaliter
1322 2113 1426 2164 contra
1438 2111 1587 2180 praecepta
1601 2103 1767 2164 conditoris
1780 2119 1864 2160 arna-

147 2215 162 2243 «
172 2195 308 2251 Potentes
319 2201 454 2268 potenter
461 2201 609 2253 tormenta
617 2197 771 2268 patiuntur
783 2195 862 2268 (Sap.
873 2213 910 2266 rr,
922 2203 980 2268 7)‚›»
1035 2201 1152 2270 verunt,
1165 2197 1300 2271 ipsorum
1314 2211 1435 2270 quoquc
1450 2212 1502 2252 eos
1514 2196 1647 2251 interitus
1661 2195 1692 2250 in
1703 2197 1865 2263 augmento

147 2288 176 2339 et
190 2282 362 2340 fortioribus
381 2285 484 2342 fortior
502 2285 592 2342 instat
615 2285 766 2343 cruciatio.
786 2287 843 2344 Sed
857 2291 979 2343 sanctus
1035 2302 1098 2342 suae
1113 2286 1316 2342 damnationis
1331 2284 1453 2355 affligat.
1476 2283 1561 2349 Quod
1575 2282 1708 2356 profecto
1731 2285 1865 2350 Evange-

146 2372 192 2428 vir
205 2377 274 2446 post
287 2371 430 2431 umbram
442 2375 546 2432 mortis
555 2375 661 2443 intulit,
671 2381 784 2450 quanta
797 2375 832 2434 sit
842 2373 978 2434 confusio
1032 2375 1073 2431 lio
1095 2379 1168 2431 teste
1198 2375 1383 2446 collegimus,
1407 2374 1438 2430 in
1460 2389 1531 2447 quo,
1554 2373 1675 2429 veritate
1697 2371 1864 2442 nuntiante,

144 2461 176 2517 in
209 2461 422 2520 damnatorum
458 2469 558 2522 mente
594 2465 764 2537 subjungit,
804 2467 876 2540 quia
910 2466 978 2540 ipsa
1032 2463 1116 2520 dives
1130 2462 1178 2520 ille
1194 2460 1607 2536 quemoontigitadinoendii
1619 2459 1721 2516 aeterni
1734 2464 1863 2515 tormen-

146 2565 268 2624 qnoque
284 2553 432 2626 supplicia
451 2569 519 2628 quae
540 2555 676 2612 ordinata
695 2571 749 2628 per
764 2555 910 2626 justitiam
925 2573 977 2614 ve·
1032 2556 1061 2609 ta
1076 2552 1267 2621 descendere,
1289 2552 1423 2625 quinque
1437 2551 1561 2606 fratrum
1572 2547 1750 2605 describitur
1757 2548 1863 2604 memi-

146 2639 243 2708 niunt,
259 2641 398 2698 ordinata
412 2641 517 2715 procul
532 2643 624 2698 dubio
638 2643 669 2699 in
681 2642 771 2699 corde
785 2643 977 2701 morientium
1032 2642 1119 2699 nisse.
1135 2641 1215 2699 Siout
1237 2656 1308 2712 ergo
1330 2640 1458 2698 coelestis
1485 2639 1562 2709 ignis
1584 2639 1688 2695 ardere
1717 2638 1799 2694 novit
1824 2637 1863 2694 ad

147 2743 209 2784 non
235 2735 313 2786 sunt.
327 2731 463 2804 Repedsis
482 2746 553 2802 ergo
576 2731 607 2788 in
631 2732 787 2805 suppliciis
812 2733 887 2789 ordo
914 2748 976 2790 non
1032 2731 1172 2787 solatium
1209 2745 1372 2802 puerorum
1410 2733 1443 2784 ut
1474 2727 1595 2784 vincula
1623 2727 1806 2794 incenderet,
1833 2729 1862 2781 ot

146 2817 211 2886 erit,
227 2817 298 2892 quia
312 2817 343 2874 in
357 2835 463 2876 eorum
490 2824 584 2876 morte
609 2821 738 2887 atrocius
760 2821 827 2894 ipsa
841 2821 976 2878 confusio
1031 2825 1134 2877 tamen
1154 2819 1258 2876 ardere
1273 2819 1309 2876 ad
1334 2817 1515 2890 supplicium
1530 2815 1624 2871 nescit
1638 2819 1669 2871 ut
1688 2815 1864 2870 vestimenta

146 2908 258 2964 mentis
297 2908 391 2964 sevit.
410 2911 528 2975 Quanta
549 2903 629 2965 enim
653 2909 730 2966 mira
748 2911 880 2983 potentia
899 2911 977 2983 judi-
995 2901 1280 2991 cincenderetitae
1295 2907 1414 2962 diverso
1427 2906 1571 2974 gehenne
1580 2904 1703 2959 flamma
1716 2903 1862 2974 reprobis,

145 2996 242 3054 cantis
268 2996 394 3070 equitas
420 2997 549 3068 ordinat,
568 3002 599 3055 ut
618 3013 710 3073 poena
732 2999 869 3055 animum
890 3001 978 3072 quasi
1033 3003 1060 3055 et
1081 3013 1275 3071 nequaquam
1295 2995 1374 3050 lueet
1400 2993 1439 3048 ad
1454 2991 1823 3082 consolationis>gratiam
1838 2993 1866 3045 et

144 3084 316 3144 inordinata
330 3085 505 3144 confundat.
513 3087 563 3144 Vel
575 3092 651 3145 corte
662 3087 767 3145 abesse
782 3088 856 3144 ordo
869 3087 980 3162 suppli·
1034 3093 1135 3144 tamon
1161 3087 1240 3141 lucet
1259 3085 1299 3140 ad
1322 3098 1455 3157 poenaur,
1478 3085 1510 3136 ut
1535 3081 1747 3136 damnatorum
1772 3077 1865 3134 oculis

146 3173 200 3230 ciis
213 3174 331 3247 dicitur,
346 3176 418 3250 quia
432 3177 617 3250 quibuslibet
631 3177 721 3234 rebus
735 3178 767 3234 in
777 3194 899 3252 poenam
913 3195 978 3235 sur·
1034 3175 1110 3247 iguis
1134 3173 1251 3247 suplicii
1281 3178 1308 3228 et
1331 3171 1415 3228 nulla
1442 3169 1573 3226 claritate
1602 3168 1738 3239 candeat,
1765 3171 1794 3222 et
1826 3166 1866 3222 ad

145 3263 287 3333 gentibus
301 3266 423 3340 propria
437 3266 565 3340 qualitas
580 3281 641 3324 non
663 3271 807 3324 servatur.
826 3268 976 3342 Sequitur:
1033 3263 1144 3321 doloris
1171 3259 1326 3319 cumulum
1350 3259 1447 3316 dilecti
1474 3257 1602 3332 qualiter
1621 3257 1801 3324 cruciantur,
1816 3272 1864 3312 02-

144 3353 189 3408 Et
203 3356 398 3424 serpae-nus
416 3356 526 3412 terror
539 3356 700 3414 inhabitat.
710 3388 747 3398 -
760 3361 792 3414 ln
807 3358 857 3430 huj
863 3375 898 3414 us
912 3358 979 3415 vitae
1033 3355 1146 3414 tendat.

760 3729 932 3820 LIBER
989 3728 1242 3818 DECIMUS.

895 3929 1120 3944 θ*

1032 4075 1113 4130 Sicut
1132 4073 1204 4129 urbs
1222 4077 1338 4145 patens,
1360 4076 1388 4128 et
1416 4071 1532 4142 absque
1559 4084 1714 4125 murorum
1737 4070 1863 4138 ambitu,

1033 4163 1074 4219 ita
1087 4161 1132 4218 vir
1146 4162 1272 4235 quinon
1287 4163 1384 4234 potest
1398 4159 1428 4215 in
1447 4159 1599 4232 loquendo
1623 4157 1761 4214 cohibere
1780 4160 1864 4232 spiri-

180 4245 265 4300 VBRS·
283 4247 307 4314 ¹2
323 4247 349 4299 2·
369 4243 558 4313 R0³P⁰²²d⁶²²³
579 4247 679 4299 aulem
702 4241 824 4312 SOPMY
844 4243 977 4298 Naama·
1033 4255 1097 4308 tum
1121 4267 1211 4307 suum
1234 4251 1336 4322 (Prae.
1353 4265 1423 4320 xxv,
1436 4249 1475 4318 2).
1488 4271 1501 4297 υ
1520 4247 1577 4304 Sed
1591 4247 1684 4303 virtus
1705 4264 1781 4304 verae
1798 4266 1862 4306 sen

146 4333 245 4400 ‘kileb
261 4332 339 4388 diff!
347 4347 358 4388 ·'
376 4331 408 4388 Ν
408 4330 525 4402 “nfuld
547 4331 601 4402 qut
622 4331 720 4386 multa
744 4331 888 4401 mittitur,
914 4344 975 4386 '2⁰72
1032 4339 1129 4396 tentiae
1144 4339 1287 4412 perditur,
1301 4355 1369 4413 quae
1382 4338 1439 4394 sud
1452 4336 1638 4393 discretionis
1653 4338 1789 4394 custodia
1801 4355 1862 4396 non

145 4421 247 4478 audiet
262 4420 276 4475 ‘f
290 4421 330 4476 Et
346 4421 392 4476 uri*
407 4419 545 4477 ambesus
560 4419 750 4489 justificatur
760 4422 774 4474 f
786 4451 819 4459 -
835 4421 895 4476 flos
909 4434 975 4476 esse
1030 4429 1187 4504 profertur,
1204 4429 1341 4504 Sequitur
1354 4447 1360 4483 ;

144 4507 320 4584 Pl⁰⁰⁸⁰iu¹¹¹
342 4507 425 4574 ⁵⁰l⁸¹2
450 4512 573 4564 mele
589 4507 675 4564 ‘15⁰5ss
694 4524 709 4564 θ
725 4507 842 4564 ditem
857 4523 976 4580 Semper
1064 4524 1147 4576 Vens.
1168 4524 1194 4576 3.
1226 4519 1292 4575 Tibi
1317 4519 1375 4574 soti
1402 4517 1543 4573 tacebunt
1570 4517 1711 4582 tornines,
1740 4521 1767 4570 et
1793 4531 1860 4571 eum

144 4597 358 4671 respondeant,
374 4611 413 4652 ne
423 4595 448 4651 si
462 4595 502 4653 ad
515 4595 633 4670 prolata
651 4597 841 4654 consentiant
854 4595 975 4652 inferio·
1029 4615 1148 4666 caemog
1160 4609 1300 4678 miseris,
1313 4623 1331 4663 a
1344 4607 1429 4662 ‚mtto
1438 4605 1641 4674 confutaberis
1652 4609 1710 4658 ς).-
1721 4603 1861 4674 lmperita

144 4685 975 4759 ‘0⁵0850Vid0811ffl1'·ollibusJUS‘OPUfflVOPbflquRm·
1029 4713 1125 4768 mens,
1156 4701 1187 4753 ut
1211 4697 1354 4764 diximus,
1384 4693 1512 4750 veritatis
1541 4693 1702 4748 sententias
1732 4692 1860 4760 graviter

143 4775 303 4833 libetfassla
316 4775 569 4848 [³1¹⁰]8011110Pissb
583 4773 677 4832 mulia
689 4775 796 4848 [muta]
812 4779 892 4838 sunl,
904 4774 976 4847 quia
1029 4781 1143 4848 tolerat,
1164 4785 1193 4836 et
1218 4779 1368 4836 silentium
1394 4793 1516 4850 poenarn
1541 4781 1635 4849 putat.
1654 4779 1737 4831 Ferre
1753 4793 1858 4834 rocem

144 4880 274 4936 quorum
288 4863 359 4920 vitia
383 4868 527 4932 resecant,
544 4863 679 4920 auditum
694 4866 830 4934 gravant.
849 4862 931 4919 Unde
947 4865 975 4918 et
1028 4869 1192 4937 convalet,
1205 4870 1277 4942 quia
1291 4873 1373 4925 tenta
1391 4867 1422 4923 in
1447 4867 1568 4922 vulnere
1583 4866 1630 4922 sui
1649 4871 1749 4922 reatus
1767 4867 1855 4936 dolet,

143 4953 185 5010 ad
210 4952 323 5009 odmen
345 4951 480 5024 trahitur,
504 4953 561 5008 boc
589 4952 670 5027 quod
695 4957 776 5009 recta
801 4951 974 5024 predicatio
1028 4959 1109 5014 unde
1131 4975 1204 5014 mox
1218 4975 1249 5014 se
1263 4957 1303 5013 ad
1318 4955 1523 5012 defensionem
1536 4961 1694 5029 praeparat,
1711 4961 1744 5012 ut
1757 4963 1857 5012 reatus

142 5046 249 5100 contra
274 5041 399 5098 crimina
424 5039 582 5116 profertur.
606 5044 662 5098 Neo
687 5040 824 5098 fallacem
850 5041 974 5114 quidem
1028 5046 1073 5102 sui
1096 5047 1310 5103 verecundiam
1340 5061 1394 5118 per
1419 5045 1511 5100 verba
1543 5061 1644 5117 pravae
1671 5044 1856 5100 refutationis

143 5133 263 5206 Sophar
286 5131 463 5188 sententiam
489 5131 620 5204 protulit,
647 5131 731 5204 quod
758 5131 802 5186 vir
827 5131 973 5187 verbosus
1027 5139 1116 5205 tegat.
1137 5135 1269 5192 Perversi
1295 5135 1376 5190 enim
1402 5134 1592 5191 correctionis
1613 5149 1728 5200 vocem,
1754 5135 1855 5185 contu-

139 5219 298 5294 justifioari
325 5233 519 5293 nequaquam
545 5220 647 5292 possit,
664 5219 738 5293 quia
755 5219 830 5275 dum
844 5220 972 5293 quisquc
1026 5223 1148 5280 melfam
1166 5223 1323 5281 derisionis
1338 5227 1453 5298 putant.
1470 5225 1626 5296 Sequitur:

140 5326 197 5384 per
208 5308 303 5366 verba
316 5307 430 5377 defluit,
446 5305 562 5380 perdita
576 5308 718 5378 gravitate
732 5307 851 5377 silentii,
862 5308 971 5364 mentis
1062 5315 1148 5370 Vnus.
1164 5317 1191 5370 t.
1207 5315 1321 5371 Dixisti
1333 5315 1409 5371 euim
1421 5332 1427 5372 :
1441 5315 1542 5370 Parus
1557 5317 1599 5369 est
1614 5321 1709 5364 senno
1719 5321 1811 5376 meus,
1826 5315 1854 5366 et

142 5397 250 5456 amittit
267 5399 364 5467 (Deest
387 5395 435 5452 bic
457 5395 673 5452 substantivum
694 5396 820 5469 aliquod
841 5399 969 5470 nomen).
1025 5403 1154 5460 mundus
1168 5419 1233 5458 aum
1255 5403 1457 5472 incompacta
1472 5407 1532 5456 tuo.
1547 5431 1576 5440 -
1599 5393 1758 5458 Quomodo
1772 5397 1852 5454 enim

140 5489 215 5546 ilino
236 5487 350 5562 quippe
375 5485 520 5557 scriptum
544 5487 607 5539 est:
632 5507 646 5534 «
660 5485 761 5542 Cultus
782 5486 903 5559 justitiae
932 5489 972 5545 si·
1025 5490 1131 5550 beatus
1145 5492 1202 5549 Job
1216 5508 1250 5550 se·
1263 5492 1413 5554 mundum
1427 5489 1525 5543 dicere
1539 5483 1644 5557 potuit,
1660 5484 1712 5558 qui
1725 5485 1778 5542 ait:
1792 5511 1805 5536 a
1823 5485 1851 5541 si

141 5578 269 5636 lentium
296 5579 366 5651 (faa.
387 5589 479 5644 mn,
508 5572 561 5646 17).
584 5593 598 5624 »r
626 5573 700 5632 Hine
732 5575 874 5636 Salomon
904 5577 970 5638 ait:
1023 5579 1185 5652 justificare
1196 5597 1246 5640 me
1255 5581 1377 5639 voluero
1388 5593 1422 5633 os
1430 5589 1531 5631 meum
1543 5573 1756 5630 condemnabit
1770 5575 1849 5629 met»

478 4098 589 4154 CAPUT
607 4099 649 4153 ΧΙ.
