4104 6162
121 187 175 247 sss
525 149 527 153 ’
645 181 893 246 cmmncuuu
910 179 1250 242 umrrsssa-cra.
1275 187 1308 242 u.
1776 185 1829 242 ιιι

122 313 249 380 propter
266 308 590 379 ttomectumtuumii
604 307 785 376 Timete).
802 304 950 364 lodicum
1006 306 1105 364 sends
1119 307 1296 365 mortalibus
1306 325 1369 366 non
1393 311 1492 368 solum
1507 311 1617 368 Veteris
1629 325 1664 367 aa
1680 309 1752 368 Novi
1764 313 1833 366 Tes·
1928 293 1942 300 '¹

122 396 269 466 videiieet,
296 403 323 454 et
346 403 467 470 propter
495 399 685 458 stomachum
701 413 709 454 ι
726 394 872 468 quoniam
887 395 950 466 ipse
1005 395 1129 452 tumenti
1144 397 1307 465 sententis,
1335 398 1388 453 sed
1411 399 1478 471 ipsa
1493 415 1615 472 qnoque
1639 399 1833 456 manifestant

123 487 323 557 Hieronymus
336 487 376 542 ait
389 487 419 546 in
432 487 556 560 epistola
565 486 606 544 sd
618 486 759 560 Ephesios
775 503 781 542 ι
795 485 880 540 Sicut
890 499 950 540 noc
1003 484 1152 557 exempla.
1169 489 1243 542 Nam
1258 486 1305 545 illc
1321 487 1374 559 qui
1386 493 1431 543 est
1443 489 1625 560 principium
1638 491 1754 549 viarum
1771 489 1831 556 Dei,

120 590 277 646 possemus
291 576 351 634 Deo
365 581 393 630 et
408 591 583 636 nemetense
592 576 704 634 servire
715 573 881 641 sitatibus,
892 574 948 640 ιι),
1005 572 1121 644 primus
1137 589 1190 646 par
1204 575 1377 647 superbiam
1390 575 1510 633 corruit.
1536 577 1617 634 Unde
1638 583 1667 633 et
1687 578 1832 644 Salvator,

122 667 165 722 sic
201 665 354 734 requirnnt
392 664 501 732 spirite
534 665 653 734 pariter
680 663 802 732 impleri
829 666 856 718 et
882 662 950 726 virm
1005 677 1043 720 ne
1069 662 1208 735 discipuli
1235 663 1273 720 de
1297 669 1420 736 accepta
1435 663 1590 734 signorum
1616 669 1760 739 potestate
1786 683 1835 722 sn·

121 753 288 826 (tietmar,
305 752 480 824 tittvinum
507 769 578 824 ergo
601 752 748 822 cosentit,
775 750 829 808 sed
852 748 950 808 modi·
1005 750 1167 822 perbirent,
1180 751 1357 825 prolapsum
1376 752 1519 824 angelum
1532 753 1576 808 eis
1592 754 1632 810 ad
1655 755 1832 812 memoriam

123 860 203 905 curn.
219 845 257 900 ite
272 841 413 901 carnibus
428 859 588 916 uunquam
600 842 659 902 tale
681 841 821 914 reperies.
849 841 881 898 ln
895 854 949 896 au·
1005 845 1136 910 revocat,
1152 841 1279 898 dicens:
1301 843 1440 900 Videbam
1464 843 1611 900 Salonem
1634 845 1712 900 sicut
1723 845 1834 914 fulgete

122 937 182 996 tem
196 929 349 998 tiorslium
362 931 438 995 libro
448 935 482 991 30
492 931 599 992 dieitur
620 931 691 1004 qula
706 929 840 1002 plerique
855 931 949 986 certa·
1005 930 1041 988 cle
1055 931 1129 988 crete
1143 931 1389 1002 codmtethec.
1405 947 1435 1002 x,
1453 933 1507 1004 tt).
1525 935 1564 988 be
1574 932 1734 1005 quostiam
1745 931 1833 987 beato

121 1018 212 1084 minis
223 1016 360 1074 ordinem
376 1018 560 1088 ignorantes,
576 1019 718 1078 edomare
734 1016 836 1086 gulam
860 1014 951 1084 negli-
1004 1017 1061 1074 lob
1078 1021 1154 1076 Dens
1169 1023 1230 1076 tam
1245 1020 1322 1077 mira
1336 1021 1367 1077 in
1384 1021 1571 1094 quibusiuit‚
1587 1026 1616 1077 et
1638 1035 1706 1092 qnae
1736 1019 1834 1076 ausint

122 1113 206 1180 gunt,
222 1113 251 1162 et
265 1111 370 1167 cetera
384 1107 635 1180 vitieexpugosre
650 1106 793 1168 nituntur.
807 1104 863 1164 Sed
875 1103 950 1162 dum
1004 1103 1147 1178 insinuat,
1163 1113 1195 1164 ιι
1208 1109 1310 1166 terrim
1324 1109 1439 1165 bomini
1454 1109 1593 1166 ostendat
1616 1108 1690 1181 quid
1718 1107 1793 1181 ipsa,
1807 1107 1834 1163 si

122 1200 224 1252 venter
238 1209 300 1259 non
315 1195 513 1265 restringitur,
530 1195 618 1260 simul
633 1199 747 1253 canera
762 1192 884 1252 virtutes
897 1205 951 1263 per
1002 1195 1188 1266 superbiam,
1205 1198 1243 1254 de
1255 1198 1391 1260 elationis
1406 1199 1568 1271 sesculpa
1578 1213 1726 1271 passurus
1741 1197 1788 1266 sit,
1808 1195 1833 1252 si

122 1284 220 1342 caruis
237 1283 509 1356 concupiscentiam
525 1283 703 1340 obruuntur.
720 1282 793 1342 iiiuc
808 1277 949 1351 estquod
1003 1281 1138 1342 leriendc
1148 1285 1189 1342 itti
1201 1302 1324 1358 parcere
1338 1287 1442 1357 noluit,
1458 1303 1549 1360 quem
1563 1286 1694 1344 creando
1722 1286 1753 1341 in
1768 1283 1831 1354 glo-

121 1387 183 1436 non
196 1371 272 1433 alius
283 1372 407 1444 quilibet
432 1389 537 1432 muros
549 1371 727 1440 Jerusalem,
744 1369 795 1426 sed
811 1368 950 1442 princeps
1003 1370 1049 1426 ria
1063 1377 1152 1432 tantae
1168 1375 1308 1432 claritatis
1322 1376 1456 1436 elevavit.
1472 1375 1643 1434 considerat
1653 1389 1725 1445 argo
1739 1375 1832 1430 bomo

122 1477 289 1534 coquorum
305 1461 449 1528 destruxit
479 1479 485 1516 :
511 1459 950 1534 qnmventermumnonres-
1002 1459 1223 1530 quidelatnsin
1240 1467 1316 1520 terra
1330 1470 1491 1534 mereatur,
1507 1464 1832 1536 sietpreaiatnsange·

122 1549 268 1620 ringitur,
279 1547 513 1610 virtutesanimoe
523 1549 630 1623 perdit.
647 1551 687 1610 Ee
702 1548 790 1617 igitur
801 1543 950 1608 sumenda
1002 1545 1039 1602 lis
1054 1549 1180 1617 angelus
1207 1552 1427 1622 prosternitur?
1455 1552 1538 1608 Unde
1552 1556 1582 1606 et
1605 1552 1683 1606 hana
1697 1566 1751 1624 par
1765 1563 1832 1622 pro-

122 1644 191 1706 sunt
204 1655 272 1712 qum
288 1644 401 1704 naturas
416 1639 577 1704 necessitas
599 1638 715 1712 querit,
738 1652 799 1700 non
820 1652 888 1708 que
900 1649 950 1692 ve
968 1635 1126 1718 Bpuatam
1137 1637 1228 1696 dicit:
1243 1639 1413 1696 inebrietur
1428 1642 1513 1696 estin
1528 1641 1602 1696 ιιι)
1616 1639 1737 1708 gladius
1749 1649 1830 1694 meus

120 1727 221 1800 inpias
235 1727 313 1800 gulos
328 1729 469 1800 steterit,
492 1729 565 1800 cuia
579 1727 657 1790 sicut
675 1727 745 1792 item
761 1726 791 1788 in
806 1721 949 1787 raserat
1003 1725 1073 1795 tiso.
1085 1743 1176 1796 ιιιιιι,
1192 1728 1230 1798 5),
1245 1743 1281 1784 ao
1300 1728 1324 1784 si
1338 1733 1439 1801 aparte
1451 1727 1579 1795 diceret;
1596 1725 1711 1799 qnaira
1725 1724 1830 1780 leriam

120 1816 280 1886 scribitur:
297 1817 391 1884 toties
408 1818 497 1890 primi
525 1817 656 1877 bominis
683 1817 787 1888 lapsus
814 1814 947 1882 iteratur,
1002 1813 1149 1885 superbos
1159 1819 1243 1874 ιιιιιι
1259 1817 1442 1889 perpendite,
1459 1815 1484 1871 si
1499 1815 1581 1888 ipsos
1594 1814 1685 1870 etiam
1699 1825 1777 1886 quos
1799 1811 1830 1866 in

119 1905 236 1978 quoties
251 1905 393 1979 quedem
408 1904 550 1972 alimenta
564 1904 651 1970 saluti
667 1903 777 1970 animm
800 1900 949 1966 contrane
1002 1901 1078 1956 coelo
1090 1902 1178 1972 juxte
1191 1920 1240 1960 me
1255 1905 1376 1962 condidi
1397 1909 1551 1978 percutere
1565 1919 1621 1976 pro
1636 1899 1772 1958 elationis
1786 1897 1829 1954 ri·

118 2007 172 2067 per
192 1993 291 2062 cuuis
307 1992 583 2064 reoncupiscaptiam
598 1995 769 2058 sumuntur.
1002 1989 1043 2046 tio
1056 2005 1117 2048 non
1143 1993 1288 2065 perperci.
1306 1995 1358 2049 Per
1372 1994 1451 2050 banc
1465 2008 1537 2064 ergo
1567 1994 1693 2050 Satanas
1704 1987 1828 2055 currerit,

155 2084 220 2151 ltili.
236 2081 427 2156 Compositus
440 2096 508 2140 rere
520 2081 656 2144 incessus
671 2095 742 2139 eum
763 2077 948 2150 ereligione,
1002 2093 1056 2150 per
1068 2079 1146 2138 bano
1161 2095 1317 2154 unumque
1330 2082 1487 2138 hominum
1504 2097 1536 2137 sa
1551 2083 1741 2153 spernentem
1757 2081 1829 2132 ster·

119 2171 185 2238 tum
209 2167 299 2235 etiarn
326 2161 380 2227 ab'
390 2168 545 2236 bonestgte
571 2166 702 2234 multum
728 2165 878 2225 abhorret.
905 2163 948 2220 Si·
1003 2167 1055 2222 nit.
1069 2170 1135 2223 liaeo
1148 2168 1174 2226 si
1186 2169 1217 2226 in
1230 2169 1321 2226 corde
1334 2175 1454 2242 recepta
1468 2170 1565 2239 tuerit,
1581 2184 1643 2225 non
1653 2167 1751 2222 solum
1761 2163 1828 2238 qui·

119 2260 170 2320 cui
197 2255 277 2318 euim
292 2271 326 2316 es
338 2256 424 2328 iuxta
441 2271 544 2314 vocem
559 2254 676 2316 Domini
690 2271 727 2310 ex
741 2252 841 2312 cordis
851 2251 948 2309 abun·
1002 2253 1133 2316 buslibet
1144 2257 1221 2314 vitiis
1237 2259 1390 2316 hominem
1405 2258 1494 2315 tradit
1510 2277 1517 2314 :
1533 2257 1585 2316 sed
1605 2257 1642 2314 de
1671 2255 1743 2328 ipsis
1755 2269 1829 2326 quo·

117 2343 222 2409 dantia
244 2343 386 2420 loqmtur,
406 2344 447 2409 sie
474 2343 626 2408 exterioris
649 2343 781 2407 bominis
796 2345 897 2398 motus
911 2355 948 2400 ex
1001 2358 1061 2416 que
1071 2345 1240 2414 virtutibus,
1257 2363 1335 2420 quas
1351 2348 1424 2405 iorte
1434 2349 1537 2418 egerit,
1557 2347 1613 2403 sibi
1626 2347 1704 2402 banc
1718 2343 1828 2399 servire

118 2433 261 2506 qusttate
275 2432 421 2500 interioris
435 2431 696 2499 [ermenwardus
707 2431 787 2494 enim
803 2429 947 2502 scriplum
1001 2431 1081 2504 iecit,
1095 2433 1169 2492 dum
1183 2435 1221 2492 de
1235 2437 1402 2494 bissenam
1418 2437 1545 2507 gloriam
1559 2435 1675 2508 quaerit.
1688 2433 1768 2489 Alios
1778 2445 1829 2486 au·

118 2526 166 2592 est
180 2539 186 2581 ;
202 2523 337 2590 amictus
350 2524 495 2594 corporis,
510 2527 537 2578 et
553 2521 631 2580 risus
651 2521 797 2590 dentium,
813 2525 840 2576 ιι
852 2519 946 2578 incra·
1002 2525 1109 2578 temes
1123 2524 1339 2597 temporalibus
1353 2526 1454 2598 rebus,
1469 2525 1543 2582 alios
1568 2541 1604 2582 ex
1625 2520 1829 2596 spiritualibus

119 2627 169 2670 ιιι
182 2611 320 2682 bittine,
335 2611 495 2674 muntiant
510 2610 546 2676 de
567 2625 600 2669 eo
616 2609 721 2682 (ecce.
736 2625 794 2672 ιιι,
809 2612 866 2674 27).
890 2609 946 2664 Ns·
1002 2614 1103 2670 ιιιιιι,
1120 2616 1194 2672 Nem
1205 2613 1282 2672 alius
1297 2615 1465 2674 intumescit
1477 2631 1564 2686 auro,
1593 2613 1671 2670 elius
1698 2609 1827 2684 eloquio,

119 2705 192 2770 turae
213 2699 326 2776 qnippe
338 2698 380 2759 nil
392 2698 527 2765 sucatum
541 2698 649 2774 placat,
663 2698 716 2762 seri
739 2698 839 2772 petius
854 2712 948 2770 quen·
1001 2699 1078 2763 etius
1094 2701 1206 2761 intimis
1216 2703 1318 2774 rebus,
1332 2704 1408 2762 alius
1422 2704 1602 2761 celestibus.
1630 2705 1694 2759 Una
1708 2699 1829 2756 eadem-

120 2795 185 2853 tum
199 2790 319 2860 auctori
347 2789 483 2862 ejusdem
511 2794 626 2854 naturae
640 2789 805 2862 displiceat,
816 2787 880 2861 ipse
894 2791 948 2844 tes·
1002 2804 1062 2864 que
1076 2805 1123 2848 res
1138 2795 1239 2850 tamen
1251 2797 1319 2848 ante
1335 2793 1384 2849 [lei
1396 2793 1500 2849 oculos
1512 2792 1629 2863 agitur3
1644 2789 1784 2863 quemvis
1799 2785 1829 2841 in

119 2879 325 2954 tetendimus
339 2896 392 2954 per
408 2880 586 2955 Prophetiam
598 2897 605 2935 ι
619 2881 681 2937 Pro
695 2894 728 2939 eo
742 2879 820 2950 quod
828 2879 950 2934 ιιιυιιιι
1003 2877 1191 2940 diversorum
1206 2881 1348 2940 cordibus
1363 2881 1490 2949 diverso,
1505 2897 1543 2937 na
1556 2880 1698 2950 cognosci
1723 2877 1829 2941 vatem,

118 2976 190 3036 sunt
204 2970 275 3038 fitia
287 2970 370 3042 Sion,
386 2976 412 3030 ιι
435 2975 531 3036 erecto
559 2970 791 3038 ambulaverunt
819 2968 907 3036 cotto,
921 2971 949 3024 ei
1004 2966 1116 3030 amictu
1128 2967 1276 3041 pallietur,
1290 2969 1347 3026 nisi
1361 2970 1435 3026 torte
1455 2970 1526 3042 quia
1540 2974 1611 3025 tunc
1637 2964 1831 3042 periculosior

119 3059 242 3128 nutibus
253 3061 409 3128 erutorum
420 3059 515 3127 ruent,
536 3063 563 3116 et
575 3057 775 3130 plaudebant,
803 3055 949 3116 eternis·
1004 3061 1060 3126 est,
1076 3072 1146 3118 oum
1160 3057 1198 3114 de
1214 3057 1369 3118 virtutibus
1383 3058 1519 3131 pullulat,
1536 3058 1680 3131 quoniam
1692 3056 1723 3110 in
1734 3069 1769 3110 eo
1780 3052 1831 3125 qul

121 3148 237 3218 iebant,
264 3155 292 3208 et
316 3149 443 3220 pedibus
457 3149 518 3206 suis
534 3151 695 3218 composito
710 3145 811 3217 gradu
832 3144 949 3204 meede-
1005 3149 1127 3203 senctus
1149 3145 1278 3206 creditur
1299 3147 1399 3204 nullus
1428 3147 1506 3206 banc
1520 3161 1645 3216 arguere
1665 3142 1830 3218 presumit.

120 3237 205 3311 bont,
220 3237 386 3304 (ιιιιιιιιιι
402 3238 545 3296 Dominus
561 3237 699 3294 verticem
713 3236 850 3306 filiorum
864 3234 948 3301 Sion,
1006 3233 1165 3296 ilitioribus
1177 3239 1287 3302 autem,
1303 3234 1351 3292 rel
1365 3235 1484 3301 divitiis,
1493 3235 1540 3292 vel
1552 3233 1710 3291 virtutibus
1721 3231 1761 3288 ob
1775 3230 1833 3286 hoc

119 3333 146 3384 et
157 3327 303 3392 Dominus
314 3327 427 3395 crinem
439 3342 544 3396 eorum
556 3325 683 3392 undabit
697 3325 768 3396 (Iso.
782 3340 820 3394 ιιι,
838 3329 879 3390 lo,
894 3327 948 3392 itt,
1005 3321 1110 3384 durius
1137 3321 1320 3396 dominatur,
1350 3325 1422 3397 quia
1450 3326 1532 3398 apud
1556 3324 1623 3381 illos
1635 3339 1671 3379 eo
1686 3321 1833 3392 majorem

119 3420 149 3472 et
164 3419 271 3486 cratera
280 3430 375 3488 nsque
384 3413 468 3475 mnu:
480 3415 518 3470 Et
530 3415 586 3472 erit
597 3428 654 3484 pre
664 3413 752 3470 sueni
760 3413 850 3473 odore
858 3411 948 3483 fetor,
1004 3409 1225 3474 intumescendi
1238 3414 1395 3472 materiam
1408 3415 1508 3484 habet,
1525 3431 1587 3489 quo
1614 3415 1645 3470 iu
1660 3412 1702 3470 eis
1725 3407 1833 3483 maiori

120 3511 148 3562 et
159 3520 219 3575 pro
235 3519 309 3562 zena
320 3505 490 3576 suetonius,
510 3509 538 3564 et
548 3519 607 3574 pro
622 3503 775 3572 crispante
788 3502 872 3560 crine
890 3500 952 3558 coi-
1005 3505 1160 3579 potestate,
1172 3507 1224 3560 aut
1237 3503 1428 3562 laudabiliori
1439 3506 1593 3563 sanctitate
1604 3503 1731 3560 fulcitur.

121 3596 238 3673 citium,
254 3599 282 3657 et
303 3608 360 3666 pro
385 3594 484 3671 [mtto
505 3593 799 3664 pectoroir'citiciurn
820 3591 891 3658 tiso.
908 3605 950 3660 ιιι,
1040 3594 1105 3654 llil.
1122 3592 1171 3663 liis
1185 3609 1256 3654 vero
1270 3593 1388 3652 indiciis
1402 3595 1646 3669 deprehanditur,
1661 3605 1835 3666 quempos-

119 3688 178 3752 ιι).
198 3685 323 3758 Sapctus
337 3681 516 3744 Ambrosius
539 3682 570 3743 in
584 3681 660 3750 libro
685 3679 857 3746 (libiciorum
881 3677 953 3736 dieii
1006 3679 1123 3750 sederit,
1138 3697 1257 3755 semper
1270 3683 1351 3742 bunc
1373 3685 1413 3741 ad
1440 3686 1611 3742 inferendas
1637 3680 1835 3740 contumelias

119 3774 159 3830 da
185 3771 305 3842 duobus
332 3771 445 3838 clericis
471 3771 524 3849 qni
561 3769 728 3831 inordinate
760 3769 950 3838 incedebant,
1005 3768 1077 3826 iacit
1100 3771 1294 3843 precipitem,
1321 3773 1361 3830 sd
1389 3773 1576 3830 sufferendas
1603 3787 1674 3828 vero
1703 3771 1833 3844 pigrum.

120 3861 207 3936 quod
230 3865 365 3936 ternpore
390 3859 590 3936 processionis
613 3863 692 3916 retro
712 3873 744 3922 sa
759 3856 887 3928 iaciebat
900 3871 951 3914 eos
1007 3856 1081 3918 ilinc
1095 3857 1126 3914 in
1140 3874 1176 3916 ea
1188 3875 1219 3918 re
1234 3875 1328 3931 quam
1342 3867 1448 3933 sponte
1463 3877 1524 3917 non
1537 3859 1659 3933 appetit,
1683 3858 1771 3914 nullis
1786 3871 1835 3912 cs·

119 3949 270 4022 incedere,
284 3950 355 4030 qnia
369 3948 505 4018 videlicet
519 3964 610 4006 usum
632 3946 747 4014 malum
770 3960 863 4018 quam
886 3959 951 4003 cor·
1006 3943 1226 4006 hortationibus
1246 3945 1325 4006 ilecti
1348 3948 1469 4020 petitum.
1491 3947 1537 4002 Ad
1552 3948 1609 4002 boc
1631 3949 1731 4002 autem
1751 3941 1835 4015 quod

118 4039 217 4110 rigare
231 4039 262 4096 in
278 4037 320 4108 eis
335 4053 397 4108 non
412 4041 539 4114 poterat,
556 4036 654 4104 videre
681 4050 743 4098 non
759 4032 950 4108 petiebatur:
1006 4031 1132 4090 latenter
1145 4033 1295 4094 desideret
1307 4036 1414 4108 quant
1428 4049 1481 4108 per
1496 4033 1722 4090 similitudinem
1738 4035 1770 4086 ut
1788 4045 1836 4086 co

117 4143 252 4202 quorum
268 4143 346 4196 unus
360 4131 468 4205 postea
482 4125 635 4200 sicutipse
649 4122 737 4188 reteri
752 4121 872 4200 publice
887 4119 952 4194 lap·
1008 4126 1106 4192 gater,
1121 4125 1150 4180 et
1164 4123 1228 4196 ipse
1241 4139 1274 4180 se
1287 4123 1404 4193 ingerit,
1421 4124 1445 4180 si
1456 4123 1610 4192 conungat
1622 4127 1684 4178 ute
1699 4118 1782 4175 nullo
1793 4117 1836 4173 in·

120 4209 185 4285 s'us,
200 4221 290 4290 atque
305 4215 342 4274 de
357 4230 413 4272 suo
435 4213 531 4284 gradu
551 4212 683 4284 deiectus
711 4215 766 4268 est.
793 4207 951 4282 Gregorius
1007 4210 1125 4270 vitetur.
1141 4214 1264 4286 Semper
1274 4213 1372 4274 aliena
1384 4229 1477 4288 opera
1492 4212 1626 4286 despicit,
1647 4223 1767 4283 semper
1781 4221 1836 4263 sua

122 4321 247 4380 quoque
272 4303 473 4370 nazianzenus,
499 4304 530 4360 in
546 4300 679 4361 secundo
695 4304 799 4366 contra
813 4313 950 4374 paganos
1008 4301 1144 4371 miratur,
1176 4303 1366 4373 singulariter
1393 4319 1424 4360 se
1452 4307 1561 4362 cuncta
1585 4317 1674 4373 agere
1689 4297 1791 4364 credit,
1808 4299 1836 4352 et

120 4393 199 4460 libro
212 4394 253 4453 ita
266 4393 303 4451 de
316 4392 434 4452 triliano
458 4395 596 4464 apostata
619 4387 706 4454 refert
725 4407 732 4446 :
749 4388 826 4458 tlibi,
840 4388 948 4464 inquit,
969 4362 992 4420 ὓ
1009 4391 1035 4446 si
1048 4391 1148 4450 nullus
1161 4391 1385 4461 robaudarerit,
1400 4393 1465 4468 ipse
1477 4397 1659 4452 tamensuas
1668 4387 1773 4446 laudes
1784 4389 1836 4442 aut

120 4481 196 4556 olim
210 4481 348 4554 ejusdem
369 4479 479 4542 iuliani
494 4495 594 4536 mores
609 4478 754 4552 comperti
779 4479 859 4543 sunt,
874 4476 950 4534 dum
1005 4481 1124 4552 tacitus,
1139 4483 1293 4544 autetiam
1307 4499 1362 4556 per
1373 4483 1579 4540 ostentationis
1593 4497 1700 4538 vocem
1713 4477 1833 4535 clamat.

120 4571 204 4631 hunc
218 4569 258 4626 ab
272 4569 394 4628 athenis
407 4567 518 4630 clarius
531 4567 733 4642 agnovissem.
758 4564 951 4636 Consideravi
1005 4572 1039 4625 ln
1052 4568 1167 4634 ιιιιιιιιι
1180 4587 1249 4629 sero
1262 4572 1322 4632 sire
1334 4571 1366 4630 in
1378 4571 1479 4628 latitia
1493 4587 1570 4644 pane
1582 4583 1702 4642 semper
1708 4565 1834 4622 modum

122 4659 204 4732 enim
224 4660 333 4730 virum,
344 4663 373 4714 et
385 4673 448 4715 non
462 4656 581 4719 trustra.
608 4659 695 4720 Vates
719 4654 800 4726 enirn
811 4654 951 4726 egregius
1005 4657 1131 4730 excedit,
1145 4657 1296 4726 clamosus
1309 4659 1341 4722 in
1356 4676 1440 4732 soce,
1454 4660 1486 4716 in
1506 4657 1622 4720 silentio
1635 4656 1756 4724 nimius,
1769 4667 1833 4708 ver-

122 4755 168 4814 est
179 4748 234 4832 gui
248 4748 325 4822 bene
344 4745 522 4807 considerat.
551 4749 619 4806 Erat
630 4745 720 4816 igitur
733 4745 765 4802 in
782 4759 819 4810 eo
830 4744 950 4825 incons-
1003 4745 1051 4804 bis
1065 4752 1094 4812 et
1112 4747 1219 4817 babitu
1233 4749 1427 4822 compositus,
1444 4748 1562 4807 senone
1588 4745 1761 4816 dissipatus.
1776 4741 1835 4796 ιιι-

121 4839 354 4910 tantiarporpm,
364 4837 499 4904 incessus
511 4834 639 4906 agenor,
652 4833 751 4906 serris
765 4832 951 4905 inflexibilis,
1004 4835 1136 4903 militatis
1147 4837 1278 4910 speciem
1290 4837 1442 4906 interdum
1451 4836 1593 4904 assumit3
1610 4833 1663 4890 ssd
1673 4831 1718 4888 rel
1730 4829 1833 4889 oculo-

120 4927 240 5000 bumert
251 4925 417 5008 jactabiles,
442 4924 520 4982 oculi
549 4925 608 4984 huo
634 4923 765 5001 illucque
784 4922 953 4992 discurrere:
1003 4939 1073 4991 rum
1087 4928 1174 4995 nutu,
1190 4925 1236 4982 rel
1248 4941 1397 4999 sermone,
1410 4925 1510 5000 qualis
1523 4925 1604 4986 intus
1619 4923 1656 4980 sit
1670 4925 1739 4997 post
1759 4935 1833 4996 pan-

120 5021 177 5088 tes,
193 5014 286 5102 pcges
300 5013 500 5092 impatientes,
516 5028 604 5082 nares
631 5013 778 5087 spirgntes
795 5015 949 5090 contemp·
1004 5011 1101 5081 lulum
1114 5012 1283 5086 innotescit,
1306 5014 1360 5089 qui
1386 5031 1468 5089 seps
1481 5028 1595 5085 magna
1616 5012 1700 5084 gerit,
1715 5010 1740 5067 si
1768 5011 1833 5066 haec

120 5109 197 5174 tum,
212 5103 290 5162 risus
302 5101 500 5169 incontinens,
517 5106 546 5158 et
568 5103 656 5174 quasi
677 5101 873 5158 subbulliens.
893 5099 950 5161 Sed
1001 5101 1088 5175 jgste
1103 5118 1193 5172 suum
1207 5101 1364 5176 arbitrium
1378 5117 1466 5175 egere
1476 5102 1717 5176 permittentem
1729 5102 1832 5155 eontra

119 5194 197 5270 quid
207 5208 261 5268 per
273 5193 414 5264 universa
427 5191 588 5251 discurret
602 5190 688 5251 Hunc
703 5195 771 5261 gnte
782 5205 875 5263 opera
887 5189 950 5269 ridi
1004 5189 1132 5272 hemiles
1144 5207 1263 5266 semper
1282 5192 1395 5266 paridi,
1419 5207 1598 5266 semperque
1619 5186 1830 5262 suspectione

120 5287 150 5340 et
164 5281 247 5342 dixi:
273 5283 293 5344 Q
316 5279 406 5369 quale
433 5278 550 5352 malum
578 5277 669 5350 nutrit
694 5277 867 5364 respublica¹
894 5279 951 5350 ito-
1004 5279 1118 5359 babent
1130 5281 1287 5372 proprium
1302 5286 1335 5343 ut
1350 5297 1577 5356 semperopars
1597 5293 1655 5336 sus
1673 5273 1831 5350 parvipen-

120 5371 311 5433 manorum?
1004 5369 1087 5428 dant
1102 5361 1829 5444 Undaetinjudiciocumipsajndexeoslauda·

157 5463 212 5518 liii.
227 5457 447 5518 Sanetriabaec
461 5458 542 5524 vilia,
562 5473 698 5532 perque
725 5456 859 5528 maligno
873 5455 951 5516 besti
1004 5460 1080 5518 serit
1105 5459 1231 5518 dicens:
1257 5462 1366 5532 Vertite,
1389 5459 1534 5517 benedicti
1554 5455 1656 5512 Patris
1684 5453 1750 5520 met,
1773 5455 1828 5508 etc.

121 5549 266 5618 maxime,
281 5553 310 5613 et
334 5547 483 5619 religionis
498 5545 692 5622 professores,
708 5552 736 5604 et
749 5546 873 5620 insuper
885 5562 950 5620 om·
1006 5549 1124 5621 (Matre.
1133 5567 1197 5620 ιιι,
1205 5551 1324 5626 tt),ipsi
1334 5551 1511 5607 consuetam
1519 5543 1619 5602 adbuc
1629 5541 1828 5600 humilitatem

121 5659 162 5704 ne
188 5641 360 5701 humanum
386 5653 483 5716 genus
505 5637 684 5707 succumbit,
712 5653 807 5718 ςιιιιι
827 5637 886 5699 sint
899 5653 951 5716 pa·
1004 5638 1569 5718 retemtasmspoudseuntzemtae,
1590 5635 1781 5710 pecndotsta
1796 5645 1832 5690 ve
