4106 6148
112 88 180 142 1033

720 85 899 143 EPISTOLAE
923 83 966 139 ET
984 81 1197 138 rntvnnats.

1760 93 1828 148 rost
1872 61 1877 70 ’

105 205 233 262 Andrem
240 209 268 261 et
282 204 487 261 bartholomei
495 205 546 278 qni
556 205 724 278 appellatur
732 205 937 262 Honorii.lmo
957 202 1143 259 dvocabulo
1167 209 1370 278 nuncupatur,
1387 206 1463 262 inter
1476 205 1565 262 binos
1581 222 1678 264 annos
1693 225 1711 265 a
1737 211 1827 268 nobis

105 300 136 350 et
148 293 273 350 ecclesia
289 310 350 350 una
366 294 397 349 in
412 294 525 364 integra
540 293 710 365 (pudicitur
725 295 819 350 sancti
833 291 936 361 nrrgeli

103 399 177 437 crim
191 381 286 438 vineis
301 387 329 438 et
343 381 426 439 terris
441 383 520 438 circa
533 381 664 455 seposita
684 383 831 439 territorio
846 382 937 438 Alba·

101 471 193 527 nansi
229 470 367 528 milliario
392 471 431 527 ab
453 471 527 526 urbe
548 473 641 528 Roma
663 471 732 544 plus
758 472 890 527 minus...
907 470 938 526 in

103 564 210 616 monte
227 560 279 633 qui
292 559 399 616 dicitur
413 560 604 631 Crescentuli,
622 560 773 634 simulque
801 561 894 617 vinee
907 559 938 616 in

104 649 223 718 integro
239 665 308 704 eum
323 649 445 705 introitu
460 665 515 704 suo
529 652 619 722 atque
634 649 774 704 redimire
787 649 825 706 ad
839 649 936 705 calca-

105 739 183 795 torio
198 755 254 794 suo
269 739 356 811 posit,
374 738 520 795 territorio
549 738 719 806 libanensi,
744 738 775 794 iu
800 737 867 795 loco
886 739 939 812 qui

105 833 234 884 vocatur
248 831 339 884 Cassa
354 844 442 885 nova.
460 831 532 884 item
547 828 641 884 vineoe
655 829 742 902 petiae
762 833 893 901 quatuor
907 829 939 884 in

106 916 220 987 integre
235 933 303 972 cnm
318 917 462 972 redimine
478 922 505 972 ct
518 917 678 973 calcatorio
695 935 749 975 suo
764 917 794 973 in
817 917 939 974 introitu

106 1021 163 1060 suo
189 1005 326 1076 ejusdem
343 1005 486 1062 territorio
501 1005 531 1062 in
556 1005 622 1062 loco
648 1006 701 1079 qui
725 1009 851 1062 vocatur
866 1005 937 1072 lusi,

106 1099 197 1166 atque
212 1094 301 1151 vinea
319 1111 388 1150 cum
401 1095 547 1152 redimine
560 1111 595 1150 ac
611 1095 771 1152 calcatorio
795 1111 850 1151 suo
869 1111 939 1151 cum

107 1184 229 1240 introitu
241 1201 296 1240 suo
306 1200 324 1240 a
335 1184 481 1241 territorio
493 1185 655 1254 Arieicnsa,
667 1185 755 1258 posit.
768 1186 799 1241 in
809 1185 876 1242 loco
887 1185 939 1258 qui

108 1276 232 1329 vocatur
255 1273 496 1330 decantemus
513 1275 707 1331 concedimus
729 1274 817 1331 vobis
841 1274 939 1330 casale

107 1362 160 1434 qui
176 1362 346 1435 appellatur
359 1361 500 1419 zinziomi
515 1379 584 1420 cum
600 1363 726 1420 ecelesia
742 1367 854 1420 sancte
884 1366 939 1419 lda-

106 1451 170 1522 rioe,
186 1451 291 1515 vineis,
307 1451 402 1522 terris,
424 1467 476 1508 seu
498 1451 697 1525 aquimolum,
714 1459 743 1508 et
768 1452 885 1526 scriptis
899 1452 937 1508 si-

993 290 1057 361 jam
1073 291 1102 346 d.
1122 293 1305 349 monasterio
1327 295 1498 351 subtractus
1514 311 1578 350 csse
1599 299 1661 368 (sic)
1678 301 1826 366 ¹eognovi-

996 395 1075 434 mus.
1091 383 1165 436 Nam
1181 382 1232 454 qui
1249 397 1280 438 se
1302 383 1539 439 misericordia...
1554 384 1716 458 inopiaque
1731 388 1827 459 ipsius

998 483 1066 524 ven.
1093 470 1265 525 monasterii
1292 472 1510 544 percogitantes
1537 474 1750 546 omnipotentis
1776 478 1826 544 llej

998 572 1101 613 amore
1126 557 1296 630 animasque
1317 559 1465 628 mercede,
1480 577 1534 617 nec
1560 577 1621 618 non
1648 578 1703 635 pro
1720 579 1824 620 mona-

997 647 1123 704 chorum
1140 647 1249 703 iratum
1266 649 1399 706 subsidia
1411 651 1474 722 (sir)
1487 651 1642 708 reddimus
1656 657 1746 725 atque
1757 669 1827 709 con·

995 734 1153 792 firmamus
1177 736 1276 806 vobis,
1294 739 1397 793 vestris
1419 740 1641 795 successorihus
1663 741 1693 796 in
1720 758 1825 814 perpe·

996 829 1081 881 tuum
1098 825 1190 898 proed.
1204 843 1339 882 massam
1361 827 1390 882 in
1415 827 1573 896 integrum,
1592 846 1652 884 una
1676 847 1745 886 eum
1764 831 1826 886 suis

996 914 1156 982 casalibus,
1175 915 1287 971 seilicet
1310 917 1438 986 llojana,
1461 918 1583 988 Tojana,
1609 920 1730 986 Oriona,
1747 921 1826 976 aluti-

994 1003 1120 1076 quina...
1139 1007 1282 1068 Suranco,
1298 1008 1453 1067 ttetrnano.
1470 1006 1568 1061 casale
1596 1009 1750 1078 bagiano,
1776 1012 1826 1064 Te-

995 1107 1137 1160 mazano,
1155 1094 1279 1149 Centum
1295 1093 1387 1162 cellre,
1405 1093 1613 1164 Corilianotct.
1624 1097 1825 1154 Catilianovct

994 1182 1192 1252 camilliano),
1216 1182 1380 1244 l'rizanelle,
1400 1183 1579 1254 Cenbriano,
1600 1184 1758 1252 Collieello,
1773 1189 1823 1242 tu-

992 1269 1123 1340 lianello,
1141 1271 1313 1344 sepuliano,
1330 1275 1466 1344 puteum,
1483 1271 1520 1328 de
1533 1272 1633 1328 casale
1650 1273 1824 1330 Fulicanum

994 1374 1063 1415 cum
1078 1359 1147 1415 rivis
1160 1361 1295 1433 etaquis,
1310 1367 1337 1416 et
1352 1377 1421 1416 curn
1437 1361 1526 1432 casis,
1541 1361 1635 1417 vineis
1658 1366 1685 1417 et
1701 1362 1784 1418 terris
1797 1368 1826 1420 et

994 1447 1084 1514 silvis,
1101 1449 1250 1521 campis...
1267 1450 1400 1523 pascuis,
1412 1449 1540 1518 salectis,
1554 1450 1712 1506 arboribus
1728 1452 1824 1524 pomi·

106 1538 167 1593 cuti
181 1539 323 1595 manibus
335 1540 439 1595 vestris
447 1539 584 1596 detinetis
590 1540 691 1611 jamd.
702 1540 938 1596 territoriodlba·
959 1535 1063 1610 pteris
1091 1543 1119 1594 et
1145 1538 1343 1604 infructiferis,
1358 1539 1467 1612 puteis,
1484 1539 1628 1611 lontibus,
1644 1541 1713 1596 riris
1736 1557 1824 1614 aquae

104 1641 205 1694 nens.,
218 1629 350 1700 positum
362 1627 501 1684 milliario
512 1629 551 1684 ab
569 1629 641 1684 urbe
653 1631 746 1686 Roma
755 1629 823 1702 plus
836 1629 937 1684 minus

105 1716 192 1772 tertio
205 1717 357 1774 decimo...
370 1717 460 1774 etiam
475 1717 544 1773 duae
557 1718 643 1790 petite
657 1717 815 1774 vinearum
830 1719 860 1774 in
871 1717 938 1774 loco

104 1805 159 1876 qui
173 1809 297 1861 vocatur
312 1806 442 1868 Honorii‚
459 1805 604 1861 territorio
628 1807 760 1861 arciens.
777 1810 890 1880 Nempe
910 1810 939 1862 et

104 1891 136 1948 in
150 1893 355 1966 suprascripto
370 1894 515 1950 territorio
529 1895 668 1950 arciense
682 1893 712 1949 in
726 1893 792 1950 loco
808 1894 860 1966 qni
884 1911 937 1950 vo-

106 1985 205 2038 catur.
222 2025 228 2037 .
246 1998 298 2038 um
313 1981 345 2038 in
356 1984 433 2057 pede
449 1982 529 2039 silice
544 1982 653 2054 maj0ri
678 1984 738 2054 (stc)
758 1983 835 2055 juris
848 1999 938 2040 vene-

105 2069 210 2125 rabilis
221 2068 368 2127 diaconiae
381 2075 492 2127 sanate
506 2071 603 2128 itariae
613 2087 681 2143 qnae
692 2071 860 2144 appellatur
870 2074 938 2130 Cos-

106 2158 200 2214 medi.
228 2158 293 2216 Pari
316 2158 409 2217 modo
435 2160 640 2226 concedimus,
656 2176 691 2216 ac
721 2160 938 2217 confirmamus

105 2246 195 2303 vobis
207 2247 396 2305 medietatem
413 2248 444 2305 in
457 2249 607 2320 integrum
623 2249 661 2305 de
677 2265 738 2305 uno
758 2249 809 2305 iilo
835 2249 937 2306 salinae

104 2336 136 2392 in
152 2336 220 2392 loco
231 2336 284 2410 qui
299 2342 446 2394 vocantur
454 2341 609 2394 Fossatum
620 2339 746 2410 majore,
756 2338 842 2394 sicuti
852 2339 937 2395 vobis

34 2451 35 2484 3
107 2441 162 2498 per
178 2427 395 2498 scripturarum
411 2427 519 2483 seriem
534 2427 633 2482 evenit
654 2426 693 2482 ab
717 2426 828 2483 bared.
843 2443 938 2500 quon-

34 2567 35 2576 .
104 2515 178 2572 dam
194 2515 319 2572 domino
332 2516 385 2589 qui
397 2516 505 2573 dicitur
530 2516 739 2574 cacoinbucte.
757 2517 895 2574 Similiter
909 2523 937 2575 et

110 2604 204 2661 alium
211 2621 307 2660 unum
315 2603 399 2660 iilum
406 2604 592 2675 inintegrum
603 2605 655 2677 qui
663 2603 833 2676 appellatur
841 2605 937 2662 saneti

34 2723 35 2756 3
104 2691 248 2764 sylvestri
259 2691 289 2747 in
300 2691 368 2748 loeo
379 2694 494 2764 Campo
506 2692 621 2763 maiore
631 2692 706 2763 juris
717 2692 853 2764 ejusdem
864 2709 938 2766 prae·

104 2780 157 2836 lati
176 2779 267 2836 vestri
291 2780 476 2837 monasterii.
491 2780 585 2838 Etiam
610 2781 827 2838 confirmamus
850 2783 937 2839 vobis

992 1626 1143 1698 perennis,
1152 1626 1285 1682 edificiis
1297 1629 1449 1700 parietinis
1461 1629 1592 1702 antiquis
1602 1629 1823 1700 adjacentibus-

993 1729 1051 1786 que
1064 1716 1135 1780 suis,
1148 1715 1263 1772 cultum
1277 1716 1325 1772 rel
1338 1716 1484 1772 incultum
1495 1733 1566 1772 cum
1577 1717 1739 1789 aquimolis
1750 1717 1822 1785 suis,

993 1817 1048 1858 nec
1068 1819 1129 1858 non
1144 1807 1255 1859 etcum
1271 1805 1394 1860 colonos
1409 1811 1437 1861 et
1452 1805 1573 1862 colonas
1587 1807 1660 1876 (sir),
1677 1806 1821 1863 masculis

993 1889 1139 1945 etleminis
1152 1891 1354 1964 omnibusque
1365 1892 1405 1947 ad
1413 1893 1553 1948 eamdem
1567 1909 1701 1950 massam
1712 1895 1763 1966 qui
1775 1910 1824 1951 ro·

993 1983 1077 2034 catur
1087 1981 1207 2042 Ortana,
1218 1981 1279 2036 sive
1289 1997 1351 2052 qno
1362 1981 1420 2036 alio
1434 1981 1580 2038 vocabulo
1596 1987 1820 2054 nuncupentur,

993 2069 1169 2141 generaliter
1182 2073 1210 2126 et
1223 2070 1254 2125 in
1266 2069 1382 2139 integro
1397 2070 1614 2143 pertinentibus
1627 2089 1634 2139 ;
1650 2071 1821 2144 pariterque

992 2158 1190 2214 concedimus
1206 2163 1296 2231 atque
1320 2157 1537 2215 confirmamus
1559 2159 1643 2215 vobis
1665 2159 1822 2216 ecelesiam

992 2264 1085 2305 unam
1100 2248 1129 2304 in
1146 2248 1293 2318 integram
1320 2253 1523 2318 cogromento
1547 2247 1641 2304 sancti
1657 2247 1820 2316 luvenalis,

992 2352 1062 2392 cum
1078 2337 1172 2406 terris,
1186 2336 1279 2404 silvis,
1296 2341 1387 2409 atque
1400 2335 1526 2408 olivetis,
1544 2337 1691 2393 universis
1703 2337 1819 2393 arbori-

991 2423 1060 2494 bus,
1077 2424 1190 2482 cultum
1205 2423 1251 2480 rel
1265 2424 1422 2494 incultum,
1434 2424 1536 2481 omnia
1552 2426 1607 2481 sita
1618 2424 1820 2497 suprascripto

992 2514 1137 2570 territorio
1146 2515 1256 2571 ortano
1264 2513 1402 2570 milliario
1410 2514 1450 2569 ab
1461 2513 1533 2570 urbe
1543 2513 1712 2586 itomaplus
1720 2513 1821 2570 minus

991 2602 1255 2676 quinquagesimo.
1282 2606 1390 2659 lterum
1431 2602 1599 2659 stabilimus
1631 2601 1717 2658 vobis
1745 2601 1822 2660 inira

992 2693 1133 2764 scriptam
1142 2692 1289 2748 civilatem
1297 2693 1440 2749 Ortanam
1449 2693 1525 2749 casis
1533 2693 1572 2748 ad
1584 2692 1821 2765 suprascriptam

992 2779 1148 2836 ecclesiam
1171 2780 1266 2836 saneti
1289 2779 1439 2835 luvenalis
1462 2779 1671 2853 pertinentem,
1685 2785 1713 2836 et
1727 2780 1823 2836 omni-

103 2867 294 2943 aqnimolum
309 2867 371 2925 duo
386 2867 531 2926 molentes
544 2867 575 2925 in
598 2869 730 2940 integros
755 2870 786 2926 in
809 2870 935 2928 fluvium
957 2901 977 2960 C
991 2868 1049 2925 bus
1061 2867 1268 2925 immobilibus
1282 2867 1354 2924 locis
1369 2884 1436 2941 quae
1446 2867 1522 2939 juris
1542 2867 1737 2941 suprascripti
1752 2884 1818 2925 ven.

103 2957 229 3019 Tiberis,
250 2957 337 3028 juxta
359 2956 462 3015 schola
476 2957 624 3015 Frisorum
638 2958 937 3032 posit.,sicutivobis
991 2957 1164 3016 manasterii
1188 2957 1339 3031 pertinuit,
1368 2962 1430 3014 tam
1458 2957 1536 3014 inira
1564 2959 1676 3014 Ortana
1703 2957 1821 3014 civitate

102 3045 241 3118 ejusdem
257 3045 447 3120 aquimolo...
464 3047 620 3120 quondam
636 3045 701 3104 Alto
716 3051 837 3116 Amara,
847 3055 937 3123 atque
991 3063 1146 3122 quemque
1159 3047 1249 3103 etiam
1265 3046 1377 3119 ubique
1392 3046 1421 3102 in
1436 3046 1502 3118 ejus
1528 3045 1674 3102 territorio
1696 3045 1733 3103 de
1749 3045 1820 3102 loris

102 3135 199 3192 alium
220 3134 409 3208 aquimolum
432 3135 593 3192 molentem
617 3138 766 3194 nnumin
785 3139 936 3209 integrum
992 3133 1821 3210 suntpositae.itemqueconfirmamusvobisPaternum

103 3241 174 3281 cum
187 3223 398 3294 ligamentorio
410 3229 440 3281 et
452 3225 573 3281 introitu
584 3241 640 3282 suo
653 3231 682 3282 et
694 3229 855 3284 cumomni
866 3243 936 3285 oon·
990 3227 1022 3283 in
1037 3227 1186 3298 integrum
1198 3241 1268 3282 cum
1283 3225 1367 3281 omni
1381 3241 1436 3281 sua
1451 3225 1642 3298 pertinentia,
1651 3241 1721 3282 cum
1732 3223 1820 3294 cesis,

102 3319 206 3371 zatnra
222 3329 277 3370 sua
300 3318 329 3370 et
350 3313 493 3370 omnibus
509 3313 549 3370 ad
563 3331 633 3371 eum
661 3316 837 3389 pertinente,
852 3318 936 3375 sicuti
990 3315 1085 3372 vineis
1099 3320 1128 3371 et
1140 3316 1225 3371 terris
1251 3314 1344 3384 silvis,
1357 3314 1460 3387 pratis,
1477 3313 1605 3382 salectis,
1622 3317 1734 3370 etcum
1753 3330 1820 3372 om-

103 3403 248 3460 manibus
263 3403 369 3460 restris
392 3403 540 3472 detinetis,
557 3405 602 3460 vel
626 3406 719 3462 secuti
741 3423 759 3462 a
782 3407 937 3480 predeces-
990 3405 1080 3462 nibus
1093 3403 1132 3460 ad
1147 3419 1217 3460 eum
1233 3403 1409 3474 generaliter
1421 3408 1450 3458 et
1461 3402 1575 3472 integre
1602 3403 1820 3476 pertinentibus

104 3511 172 3550 sore
187 3497 291 3550 nostro
305 3509 388 3568 papa
398 3493 515 3567 agapiti
527 3493 740 3553 sanctissimi...
750 3512 805 3570 per
819 3497 864 3554 sui
876 3498 935 3571 pri-
991 3501 1053 3552 tam
1074 3493 1151 3550 infra
1177 3509 1209 3549 se
1232 3509 1325 3566 quam
1341 3492 1431 3548 etiam
1445 3493 1483 3548 de
1507 3491 1588 3560 ioris,
1610 3493 1698 3565 posit,
1713 3492 1820 3550 inires-

103 3583 204 3654 vilegii
217 3583 330 3656 pagina
351 3583 437 3640 vobis
454 3584 602 3640 concessit
625 3588 715 3658 atque
735 3569 951 3658 confirmavit,'
991 3584 1101 3658 scripto
1110 3581 1255 3639 territorio
1266 3581 1510 3650 Ortan03alfines
1521 3581 1586 3652 ejus
1597 3580 1636 3638 ab
1650 3597 1710 3637 uno
1723 3581 1821 3638 laetere

104 3671 136 3726 in
151 3671 357 3742 suprascripto
381 3671 474 3727 fluvio
489 3673 601 3728 Tiberis
624 3677 693 3728 ante
716 3673 850 3737 clavaca,
866 3687 936 3726 cum
990 3671 1108 3737 caselle,
1123 3674 1151 3724 et
1177 3683 1196 3724 a
1221 3668 1355 3723 secundo
1376 3669 1467 3723 latere
1493 3667 1622 3722 fluvium
1646 3669 1821 3724 decurrente

105 3773 187 3828 aqua
202 3760 273 3828 post
287 3772 318 3812 sa
334 3756 374 3814 ad
389 3757 483 3812 ubam
498 3757 686 3829 aquimolum
700 3757 882 3824 laciendum,
894 3758 938 3814 in·
992 3758 1068 3828 (sic),
1083 3761 1112 3812 et
1123 3771 1142 3811 a
1155 3755 1239 3812 tertio
1254 3755 1345 3810 latere
1359 3755 1563 3816 corelianoet
1577 3770 1596 3810 a
1608 3759 1716 3827 quarto
1730 3755 1821 3811 latere

106 3849 149 3900 ter
164 3842 272 3900 affines
282 3843 322 3900 ab
336 3843 497 3901 unolatme
513 3844 702 3918 aquimolum
717 3851 827 3902 sanctae
841 3846 936 3902 tlariae
991 3845 1087 3903 casele
1106 3844 1183 3916 juris
1205 3845 1377 3901 Pinatorum
1403 3848 1432 3901 et
1454 3843 1636 3915 septiniano.
1651 3844 1821 3924 lterumque

105 3933 137 3990 in
150 3932 304 4006 capitoleo
319 3937 348 3990 et
361 3932 550 4006 aquimolum
566 3934 671 3990 lconis
682 3935 935 4007 protoseminarii,
991 3932 1081 3989 etiam
1096 3931 1265 3989 stabilimus
1277 3932 1362 3988 vobis
1374 3932 1517 3990 omnibus
1526 3931 1735 3988 immobilibus
1748 3932 1822 3989 locis

106 4028 135 4080 et
150 4023 315 4080 asecundo
336 4022 427 4080 latere
450 4023 594 4080 medietas
611 4023 704 4097 ipsius
718 4024 862 4094 fluminis,
878 4029 937 4082 eta
991 4035 1060 4093 quoe
1072 4021 1123 4092 jus
1148 4020 1346 4094 suprascripti
1365 4020 1456 4076 vestri
1471 4021 1645 4077 monasterii
1657 4020 1763 4093 pertin.
1778 4020 1821 4076 in·

33 4179 34 4182 ¹
106 4113 192 4168 tertio
206 4111 298 4168 latere
324 4111 513 4186 aquimolum
539 4111 709 4170 Tlreolilacti
732 4114 786 4187 qui
812 4117 937 4170 vocatur
992 4108 1038 4165 ira
1053 4109 1200 4166 civitatem
1212 4107 1380 4175 Gallesana,
1390 4109 1459 4165 etin
1475 4109 1540 4180 ejus
1549 4107 1661 4182 ubique
1678 4108 1821 4166 territorio

107 4199 348 4270 Numencrdario,
359 4205 388 4258 et
397 4201 585 4274 aquimolum
596 4201 634 4258 de
647 4203 830 4260 monasterio
841 4203 936 4260 sancti
993 4197 1055 4254 sive
1067 4197 1098 4254 in
1111 4197 1158 4254 his
1173 4198 1263 4255 trium
1282 4197 1446 4254 fundorum
1459 4198 1511 4270 qui
1526 4197 1716 4271 appellantur
1730 4199 1820 4254 Caza-

33 4361 34 4364 ,
108 4290 213 4348 Ciriaci
228 4289 282 4364 qui
296 4289 385 4347 estin
408 4289 458 4346 via
473 4292 554 4360 Late,
568 4295 596 4348 et
617 4307 635 4348 a
649 4295 758 4365 quarto
784 4291 875 4350 latere
888 4293 937 4350 via
992 4303 1078 4360 num,
1092 4287 1243 4344 Pusiniam
1268 4291 1297 4344 et
1324 4290 1398 4345 Casa
1421 4287 1592 4344 Namiense.
1607 4290 1715 4343 Verum
1731 4288 1821 4344 etiam

108 4379 232 4438 Publica
244 4379 321 4452 juris
334 4379 382 4437 oui
397 4380 539 4450 existens,
555 4395 664 4454 nempe
677 4387 705 4438 et
719 4384 937 4439 monasterium
993 4382 1021 4434 et
1040 4393 1143 4434 massa
1157 4393 1225 4451 quas
1239 4381 1365 4433 vocatur
1379 4375 1540 4433 Preciliaao
1568 4377 1655 4432 vobis
1681 4375 1819 4432 concedi·

108 4467 139 4525 in
160 4469 310 4539 integrum
336 4469 388 4541 qui
411 4471 536 4525 vocatur
562 4467 657 4525 sancti
680 4469 845 4528 terentiani
868 4485 939 4525 cum
992 4482 1061 4522 mus
1081 4483 1150 4522 cum
1176 4465 1319 4523 omnibus
1333 4465 1373 4522 ad
1388 4481 1456 4521 eam
1484 4463 1660 4535 generaliter
1672 4464 1821 4537 pertinen-

108 4557 250 4614 omnibns
263 4556 442 4632 subscriptis
457 4557 536 4614 cellis
550 4556 940 4626 suis,videlicetsenetiste-
994 4555 1084 4627 tibus,
1105 4556 1162 4612 sita
1183 4554 1327 4612 territorio
1356 4553 1521 4620 savinensi,
1533 4552 1608 4624 juris
1633 4556 1743 4608 sanotae
1765 4555 1821 4608 lto·

108 4646 200 4720 pbani
210 4651 304 4720 atque
320 4651 430 4704 sanctae
443 4645 549 4714 itariae,
562 4645 623 4703 sive
639 4645 713 4703 cella
739 4647 835 4703 sanati
850 4649 939 4703 Bene·
993 4660 1092 4702 manee
1107 4644 1258 4724 ecelesia,
1271 4645 1347 4700 inter
1359 4642 1464 4699 affines
1476 4641 1516 4698 ab
1530 4657 1591 4698 uno
1607 4641 1698 4698 latere
1721 4656 1823 4698 massa

33 4787 34 4790 ,
108 4733 187 4809 dicti,
203 4741 231 4792 et
246 4735 344 4792 sancti
369 4735 521 4806 sylvestri,
541 4739 569 4792 et
594 4735 688 4810 sancti
708 4735 784 4796 Val..
802 4735 847 4792 vel
870 4751 940 4792 eum
993 4749 1062 4808 quae
1075 4737 1200 4790 vocatur
1222 4735 1328 4800 Paura,
1343 4736 1371 4788 et
1394 4747 1413 4788 e
1438 4730 1571 4787 secundo
1595 4729 1685 4786 latere
1706 4729 1771 4786 rivo
1785 4729 1823 4785 de

33 4873 34 4904 ,
108 4825 250 4882 omnibus
264 4839 373 4896 eorum
393 4825 578 4897 pertinentiis
600 4826 692 4882 situm
708 4825 853 4883 territorio
867 4825 941 4882 Poli—
995 4822 1126 4880 Utriculo
1154 4823 1206 4896 qni
1232 4826 1357 4879 vocatur
1383 4821 1534 4890 ltutino,a
1563 4819 1648 4876 tertio
1673 4819 1763 4876 latere
1776 4835 1824 4876 res

33 4969 35 4982 ,
110 4915 286 4987 marcianae,
311 4912 387 4985 juris
413 4927 481 4969 ven.
510 4914 687 4970 monasterii
711 4914 806 4971 sancti
834 4913 941 4970 Christi
995 4912 1168 4970 monasterii
1188 4916 1298 4968 sancte
1320 4910 1426 4980 Marioe,
1447 4913 1475 4966 et
1493 4913 1634 4982 aquario
1659 4909 1749 4966 latere
1777 4925 1824 4965 res

111 5003 251 5077 martyris
263 4999 423 5069 Laurentii,
436 5001 600 5058 Praesertim
612 5001 687 5057 dum
698 5007 871 5060 sanctorum
882 5003 941 5060 sul·
995 5002 1168 5058 monasterii
1182 5001 1277 5057 sancti
1293 4999 1464 5057 salvatoris
1479 5001 1587 5055 Verum
1604 4999 1694 5055 etiam
1709 5003 1738 5053 et
1752 5011 1823 5052 eon·

33 5507 37 5544 l

33 5589 37 5632 l

113 5091 208 5164 tregia
221 5091 317 5148 cristo
332 5091 427 5148 noctis
442 5106 532 5164 opere
545 5089 727 5148 convalescit
746 5092 829 5148 nisus
855 5093 942 5150 luerit
996 5107 1117 5148 mamus
1131 5090 1217 5147 vobis
1237 5105 1285 5146 res
1312 5105 1381 5162 quas
1399 5087 1635 5161 jurisdictionem
1660 5091 1689 5141 et
1711 5085 1825 5154 justae

112 5181 187 5254 (sic).
199 5181 290 5252 igitur
304 5179 377 5253 quia
388 5179 499 5253 petiita
512 5177 600 5237 nobis
611 5183 664 5238 tua
675 5177 853 5250 religiositas
866 5197 941 5254 qua·
995 5183 1095 5237 vestro
1120 5177 1303 5235 monasterio
1335 5177 1501 5251 pertinente
1536 5173 1597 5245 (sic)
1621 5172 1652 5226 in
1679 5170 1825 5228 territorio

33 5260 38 5338 J
113 5273 201 5327 tenus
227 5269 475 5326 confirmaremus
498 5267 584 5326 vobis
610 5267 643 5325 in
666 5267 814 5326 honorem
838 5268 890 5325 Dei
911 5285 942 5326 se
996 5266 1161 5341 Nepetimo,
1177 5269 1206 5324 et
1220 5269 1296 5325 Casa
1310 5265 1401 5334 mala,
1418 5280 1485 5337 que
1500 5265 1544 5317 est
1569 5257 1656 5316 tundi
1670 5258 1723 5332 qui
1735 5273 1826 5316 voca·

33 5339 39 5432 ⁵,
114 5356 274 5414 salvatoris
282 5356 401 5414 Domini
410 5357 505 5415 nostri
514 5359 583 5414 lesu
593 5357 699 5415 Christi
709 5357 864 5415 Centone·
873 5373 942 5418 cum
996 5360 1044 5413 tur
1058 5357 1133 5414 Casa
1156 5369 1236 5414 nova
1250 5361 1279 5412 et
1305 5351 1451 5410 Bobarics
1471 5353 1561 5421 atque
1585 5347 1750 5420 Boltcjano,
1766 5362 1828 5405 una

33 5433 35 5456 '
114 5443 256 5502 omnibus
264 5445 728 5520 suispertinentiis,etreddimus
739 5446 943 5521 suprascripto
997 5462 1068 5504 cum
1081 5445 1173 5502 servis
1184 5452 1212 5503 et
1224 5443 1350 5508 ancillis,
1362 5438 1475 5495 ibidem
1485 5436 1688 5495 residentibus
1700 5437 1828 5494 adeam·

114 5532 296 5593 monasterio
303 5550 407 5594 massa
416 5535 469 5609 qui
479 5539 603 5594 voeatm
617 5535 803 5609 ortana,sive
813 5535 943 5610 quorffio
996 5536 1067 5594 dem
1078 5536 1145 5609 jam
1159 5535 1200 5594 di.
1215 5535 1313 5591 vestro
1326 5527 1510 5588 monasterio
1526 5527 1755 5603 pertinentibus.
1769 5528 1829 5584 Neo

257 5643 379 5701 Panos.
400 5644 522 5702 cxxxrrt
1612 5639 1646 5693 33
