<?xml version="1.0" encoding="UTF-8"?>
<!DOCTYPE html PUBLIC "-//W3C//DTD XHTML 1.0 Transitional//EN"
    "http://www.w3.org/TR/xhtml1/DTD/xhtml1-transitional.dtd">
<html xmlns="http://www.w3.org/1999/xhtml" xml:lang="en" lang="en">
 <head>
  <title>
</title>
<meta http-equiv="Content-Type" content="text/html;charset=utf-8" />
  <meta name='ocr-system' content='tesseract 3.04.00' />
  <meta name='ocr-capabilities' content='ocr_page ocr_carea ocr_par ocr_line ocrx_word'/>
</head>
<body>
  <div class='ocr_page' id='page_1' title='image "./patrologiaecurs107unkngoog/patrologiaecurs107unkngoog_0369.png"; bbox 0 0 4110 6138; ppageno 0'>
   <div class='ocr_carea' id='block_1_1' title="bbox 111 89 1817 194">
    <p class='ocr_par' dir='ltr' id='par_1_1' title="bbox 111 89 1817 194">
     <span class='ocr_line' id='line_1_1' title="bbox 111 89 1817 194; baseline 0.013 -24"><span class='ocrx_word' id='word_1_1' title='bbox 111 117 164 171; x_wconf 83' lang='lat' dir='ltr'><strong>ris</strong></span> <span class='ocrx_word' id='word_1_2' title='bbox 504 89 506 93; x_wconf 71' lang='grc'>’</span> <span class='ocrx_word' id='word_1_3' title='bbox 770 117 952 178; x_wconf 78' lang='lat' dir='ltr'><strong>suasoriis</strong></span> <span class='ocrx_word' id='word_1_4' title='bbox 971 119 1139 190; x_wconf 78' lang='lat' dir='ltr'><strong>cumcun.</strong></span> <span class='ocrx_word' id='word_1_5' title='bbox 1167 134 1171 146; x_wconf 60' lang='grc'><strong>«</strong></span> <span class='ocrx_word' id='word_1_6' title='bbox 1206 133 1218 142; x_wconf 92' lang='grc'><strong>··</strong></span> <span class='ocrx_word' id='word_1_7' title='bbox 1759 133 1817 194; x_wconf 83' lang='lat' dir='ltr'><strong>rao</strong></span> 
     </span>
    </p>
   </div>
   <div class='ocr_carea' id='block_1_2' title="bbox 90 239 1850 4143">
    <p class='ocr_par' dir='ltr' id='par_1_2' title="bbox 90 239 1850 4143">
     <span class='ocr_line' id='line_1_2' title="bbox 111 239 1818 333; baseline 0.013 -39"><span class='ocrx_word' id='word_1_8' title='bbox 111 239 239 296; x_wconf 92' lang='lat' dir='ltr'><strong>chorum</strong></span> <span class='ocrx_word' id='word_1_9' title='bbox 253 240 267 296; x_wconf 84' lang='lat' dir='ltr'><strong>l</strong></span> <span class='ocrx_word' id='word_1_10' title='bbox 280 240 350 307; x_wconf 91' lang='lat' dir='ltr'><strong>Quis</strong></span> <span class='ocrx_word' id='word_1_11' title='bbox 363 255 498 316; x_wconf 87' lang='lat' dir='ltr'><strong>unquam</strong></span> <span class='ocrx_word' id='word_1_12' title='bbox 511 259 562 301; x_wconf 84' lang='lat' dir='ltr'><strong>rex</strong></span> <span class='ocrx_word' id='word_1_13' title='bbox 575 249 627 302; x_wconf 86' lang='lat' dir='ltr'><strong>aiii</strong></span> <span class='ocrx_word' id='word_1_14' title='bbox 645 245 807 320; x_wconf 90' lang='lat' dir='ltr'><strong>imperator</strong></span> <span class='ocrx_word' id='word_1_15' title='bbox 828 245 859 303; x_wconf 94' lang='lat' dir='ltr'><strong>in</strong></span> <span class='ocrx_word' id='word_1_16' title='bbox 876 249 937 302; x_wconf 89' lang='lat' dir='ltr'><strong>tan·</strong></span> <span class='ocrx_word' id='word_1_17' title='bbox 990 245 1073 303; x_wconf 87' lang='lat' dir='ltr'><strong>sione</strong></span> <span class='ocrx_word' id='word_1_18' title='bbox 1087 247 1212 321; x_wconf 89' lang='lat' dir='ltr'><strong>qnidam</strong></span> <span class='ocrx_word' id='word_1_19' title='bbox 1225 250 1313 324; x_wconf 87' lang='lat' dir='ltr'><strong>quasi</strong></span> <span class='ocrx_word' id='word_1_20' title='bbox 1326 251 1386 309; x_wconf 90' lang='lat' dir='ltr'><strong>fide</strong></span> <span class='ocrx_word' id='word_1_21' title='bbox 1398 253 1547 325; x_wconf 86' lang='lat' dir='ltr'><strong>vacillant,</strong></span> <span class='ocrx_word' id='word_1_22' title='bbox 1557 255 1683 330; x_wconf 91' lang='lat' dir='ltr'><strong>qnidam</strong></span> <span class='ocrx_word' id='word_1_23' title='bbox 1693 257 1818 333; x_wconf 89' lang='lat' dir='ltr'><strong>insuper</strong></span> 
     </span>
     <span class='ocr_line' id='line_1_3' title="bbox 111 327 1817 421; baseline 0.013 -38"><span class='ocrx_word' id='word_1_24' title='bbox 111 327 148 384; x_wconf 88' lang='lat' dir='ltr'><strong>tis</strong></span> <span class='ocrx_word' id='word_1_25' title='bbox 158 328 264 385; x_wconf 89' lang='lat' dir='ltr'><strong>mundi</strong></span> <span class='ocrx_word' id='word_1_26' title='bbox 278 327 414 402; x_wconf 90' lang='lat' dir='ltr'><strong>partibus</strong></span> <span class='ocrx_word' id='word_1_27' title='bbox 425 327 592 406; x_wconf 87' lang='lat' dir='ltr'><strong>imperavit,</strong></span> <span class='ocrx_word' id='word_1_28' title='bbox 609 339 661 392; x_wconf 88' lang='lat' dir='ltr'><strong>aut</strong></span> <span class='ocrx_word' id='word_1_29' title='bbox 674 347 710 393; x_wconf 78' lang='lat' dir='ltr'><strong>ex</strong></span> <span class='ocrx_word' id='word_1_30' title='bbox 738 339 799 392; x_wconf 90' lang='lat' dir='ltr'><strong>tani</strong></span> <span class='ocrx_word' id='word_1_31' title='bbox 813 330 937 392; x_wconf 87' lang='lat' dir='ltr'><strong>diversis</strong></span> <span class='ocrx_word' id='word_1_32' title='bbox 989 332 1069 392; x_wconf 89' lang='lat' dir='ltr'><strong>stulti</strong></span> <span class='ocrx_word' id='word_1_33' title='bbox 1083 333 1226 408; x_wconf 89' lang='lat' dir='ltr'><strong>garriunt,</strong></span> <span class='ocrx_word' id='word_1_34' title='bbox 1238 355 1292 396; x_wconf 92' lang='lat' dir='ltr'><strong>cur</strong></span> <span class='ocrx_word' id='word_1_35' title='bbox 1306 339 1480 400; x_wconf 83' lang='lat' dir='ltr'><strong>incendium</strong></span> <span class='ocrx_word' id='word_1_36' title='bbox 1491 361 1552 402; x_wconf 92' lang='lat' dir='ltr'><strong>non</strong></span> <span class='ocrx_word' id='word_1_37' title='bbox 1562 347 1749 421; x_wconf 85' lang='lat' dir='ltr'><strong>represserit;</strong></span> <span class='ocrx_word' id='word_1_38' title='bbox 1764 348 1817 406; x_wconf 91' lang='lat' dir='ltr'><strong>do·</strong></span> 
     </span>
     <span class='ocr_line' id='line_1_4' title="bbox 109 415 1818 505; baseline 0.013 -33"><span class='ocrx_word' id='word_1_39' title='bbox 109 415 284 474; x_wconf 91' lang='lat' dir='ltr'><strong>nationibus</strong></span> <span class='ocrx_word' id='word_1_40' title='bbox 299 417 356 474; x_wconf 92' lang='lat' dir='ltr'><strong>sihi</strong></span> <span class='ocrx_word' id='word_1_41' title='bbox 369 423 466 476; x_wconf 88' lang='lat' dir='ltr'><strong>tantas</strong></span> <span class='ocrx_word' id='word_1_42' title='bbox 485 420 616 491; x_wconf 80' lang='lat' dir='ltr'><strong>legiones</strong></span> <span class='ocrx_word' id='word_1_43' title='bbox 632 423 783 494; x_wconf 80' lang='lat' dir='ltr'><strong>conduxit,</strong></span> <span class='ocrx_word' id='word_1_44' title='bbox 806 428 936 498; x_wconf 86' lang='lat' dir='ltr'><strong>quantas</strong></span> <span class='ocrx_word' id='word_1_45' title='bbox 987 423 1034 482; x_wconf 91' lang='lat' dir='ltr'><strong>lor</strong></span> <span class='ocrx_word' id='word_1_46' title='bbox 1045 424 1097 498; x_wconf 91' lang='lat' dir='ltr'><strong>qui</strong></span> <span class='ocrx_word' id='word_1_47' title='bbox 1111 425 1149 483; x_wconf 94' lang='lat' dir='ltr'><strong>de</strong></span> <span class='ocrx_word' id='word_1_48' title='bbox 1163 421 1254 500; x_wconf 88' lang='lat' dir='ltr'><strong>priori</strong></span> <span class='ocrx_word' id='word_1_49' title='bbox 1269 419 1429 486; x_wconf 77' lang='lat' dir='ltr'><strong>adustione</strong></span> <span class='ocrx_word' id='word_1_50' title='bbox 1444 433 1617 505; x_wconf 77' lang='lat' dir='ltr'><strong>contigerat,</strong></span> <span class='ocrx_word' id='word_1_51' title='bbox 1632 437 1721 494; x_wconf 89' lang='lat' dir='ltr'><strong>nohis</strong></span> <span class='ocrx_word' id='word_1_52' title='bbox 1732 453 1818 495; x_wconf 74' lang='lat' dir='ltr'><strong>rene</strong></span> 
     </span>
     <span class='ocr_line' id='line_1_5' title="bbox 109 505 1817 598; baseline 0.012 -36"><span class='ocrx_word' id='word_1_53' title='bbox 109 505 246 563; x_wconf 84' lang='lat' dir='ltr'><strong>videlicet</strong></span> <span class='ocrx_word' id='word_1_54' title='bbox 257 507 321 578; x_wconf 89' lang='lat' dir='ltr'><strong>iste,</strong></span> <span class='ocrx_word' id='word_1_55' title='bbox 333 508 492 578; x_wconf 86' lang='lat' dir='ltr'><strong>cujuslibet</strong></span> <span class='ocrx_word' id='word_1_56' title='bbox 506 526 595 569; x_wconf 90' lang='lat' dir='ltr'><strong>sexus</strong></span> <span class='ocrx_word' id='word_1_57' title='bbox 614 517 642 570; x_wconf 90' lang='lat' dir='ltr'><strong>et</strong></span> <span class='ocrx_word' id='word_1_58' title='bbox 666 514 759 572; x_wconf 67' lang='lat' dir='ltr'><strong>artatis</strong></span> <span class='ocrx_word' id='word_1_59' title='bbox 784 515 815 571; x_wconf 93' lang='lat' dir='ltr'><strong>in</strong></span> <span class='ocrx_word' id='word_1_60' title='bbox 831 513 936 572; x_wconf 79' lang='lat' dir='ltr'>Christi</span> <span class='ocrx_word' id='word_1_61' title='bbox 987 517 1074 570; x_wconf 87' lang='lat' dir='ltr'><strong>vatus</strong></span> <span class='ocrx_word' id='word_1_62' title='bbox 1089 519 1145 587; x_wconf 90' lang='lat' dir='ltr'><strong>est,</strong></span> <span class='ocrx_word' id='word_1_63' title='bbox 1166 521 1195 572; x_wconf 90' lang='lat' dir='ltr'><strong>et</strong></span> <span class='ocrx_word' id='word_1_64' title='bbox 1221 517 1261 574; x_wconf 92' lang='lat' dir='ltr'><strong>ob</strong></span> <span class='ocrx_word' id='word_1_65' title='bbox 1285 518 1342 576; x_wconf 91' lang='lat' dir='ltr'><strong>hoc</strong></span> <span class='ocrx_word' id='word_1_66' title='bbox 1367 517 1494 590; x_wconf 80' lang='lat' dir='ltr'>exigitis,</span> <span class='ocrx_word' id='word_1_67' title='bbox 1523 527 1556 580; x_wconf 97' lang='grc' dir='ltr'><strong>ιιι</strong></span> <span class='ocrx_word' id='word_1_68' title='bbox 1570 525 1712 596; x_wconf 82' lang='lat' dir='ltr'><strong>quedam</strong></span> <span class='ocrx_word' id='word_1_69' title='bbox 1728 525 1817 598; x_wconf 89' lang='lat' dir='ltr'><strong>quasi</strong></span> 
     </span>
     <span class='ocr_line' id='line_1_6' title="bbox 110 593 1818 685; baseline 0.013 -35"><span class='ocrx_word' id='word_1_70' title='bbox 110 593 225 664; x_wconf 89' lang='lat' dir='ltr'><strong>militia,</strong></span> <span class='ocrx_word' id='word_1_71' title='bbox 239 596 405 654; x_wconf 86' lang='lat' dir='ltr'><strong>voluntarie</strong></span> <span class='ocrx_word' id='word_1_72' title='bbox 426 599 542 669; x_wconf 77' lang='lat' dir='ltr'><strong>iuratae</strong></span> <span class='ocrx_word' id='word_1_73' title='bbox 558 601 713 676; x_wconf 85' lang='lat' dir='ltr'><strong>disponit?</strong></span> <span class='ocrx_word' id='word_1_74' title='bbox 741 606 835 671; x_wconf 84' lang='lat' dir='ltr'><strong>Quem</strong></span> <span class='ocrx_word' id='word_1_75' title='bbox 850 603 936 677; x_wconf 89' lang='lat' dir='ltr'><strong>quasi</strong></span> <span class='ocrx_word' id='word_1_76' title='bbox 988 603 1082 662; x_wconf 87' lang='lat' dir='ltr'><strong>sicera</strong></span> <span class='ocrx_word' id='word_1_77' title='bbox 1096 605 1259 664; x_wconf 86' lang='lat' dir='ltr'><strong>verborum</strong></span> <span class='ocrx_word' id='word_1_78' title='bbox 1271 607 1357 665; x_wconf 87' lang='lat' dir='ltr'><strong>vohis</strong></span> <span class='ocrx_word' id='word_1_79' title='bbox 1373 609 1557 678; x_wconf 86' lang='lat' dir='ltr'><strong>conficiatur,</strong></span> <span class='ocrx_word' id='word_1_80' title='bbox 1574 627 1642 685; x_wconf 79' lang='lat' dir='ltr'><strong>quai</strong></span> <span class='ocrx_word' id='word_1_81' title='bbox 1668 614 1818 672; x_wconf 76' lang='lat' dir='ltr'><strong>maerenti·</strong></span> 
     </span>
     <span class='ocr_line' id='line_1_7' title="bbox 109 684 1815 771; baseline 0.013 -31"><span class='ocrx_word' id='word_1_82' title='bbox 109 687 287 758; x_wconf 71' lang='lat' dir='ltr'><strong>presentem</strong></span> <span class='ocrx_word' id='word_1_83' title='bbox 302 684 458 754; x_wconf 88' lang='lat' dir='ltr'><strong>intuentes,</strong></span> <span class='ocrx_word' id='word_1_84' title='bbox 477 690 658 748; x_wconf 84' lang='lat' dir='ltr'><strong>etvexillum</strong></span> <span class='ocrx_word' id='word_1_85' title='bbox 676 692 867 750; x_wconf 89' lang='lat' dir='ltr'><strong>institutionis</strong></span> <span class='ocrx_word' id='word_1_86' title='bbox 891 708 936 748; x_wconf 92' lang='lat' dir='ltr'><strong>se·</strong></span> <span class='ocrx_word' id='word_1_87' title='bbox 986 692 1046 749; x_wconf 90' lang='lat' dir='ltr'><strong>hus</strong></span> <span class='ocrx_word' id='word_1_88' title='bbox 1074 695 1259 768; x_wconf 80' lang='lat' dir='ltr'><strong>propinetur,</strong></span> <span class='ocrx_word' id='word_1_89' title='bbox 1284 699 1312 753; x_wconf 92' lang='lat' dir='ltr'><strong>et</strong></span> <span class='ocrx_word' id='word_1_90' title='bbox 1337 696 1393 753; x_wconf 87' lang='lat' dir='ltr'><strong>illis</strong></span> <span class='ocrx_word' id='word_1_91' title='bbox 1422 697 1612 771; x_wconf 89' lang='lat' dir='ltr'><strong>aliquatenus</strong></span> <span class='ocrx_word' id='word_1_92' title='bbox 1628 707 1815 763; x_wconf 89' lang='lat' dir='ltr'><strong>succenseat.</strong></span> 
     </span>
     <span class='ocr_line' id='line_1_8' title="bbox 109 773 1816 859; baseline 0.012 -29"><span class='ocrx_word' id='word_1_93' title='bbox 109 777 246 848; x_wconf 75' lang='lat' dir='ltr'><strong>quantes,</strong></span> <span class='ocrx_word' id='word_1_94' title='bbox 256 773 421 834; x_wconf 91' lang='lat' dir='ltr'><strong>diabolicas</strong></span> <span class='ocrx_word' id='word_1_95' title='bbox 436 779 514 836; x_wconf 90' lang='lat' dir='ltr'><strong>acics</strong></span> <span class='ocrx_word' id='word_1_96' title='bbox 528 779 649 838; x_wconf 88' lang='lat' dir='ltr'><strong>viriliter</strong></span> <span class='ocrx_word' id='word_1_97' title='bbox 662 781 837 854; x_wconf 74' lang='lat' dir='ltr'><strong>infringunt·</strong></span> <span class='ocrx_word' id='word_1_98' title='bbox 867 781 935 850; x_wconf 56' lang='lat' dir='ltr'><strong>Qui*</strong></span> <span class='ocrx_word' id='word_1_99' title='bbox 988 781 1073 846; x_wconf 85' lang='lat' dir='ltr'><strong>Quod</strong></span> <span class='ocrx_word' id='word_1_100' title='bbox 1083 782 1208 856; x_wconf 91' lang='lat' dir='ltr'><strong>quidem</strong></span> <span class='ocrx_word' id='word_1_101' title='bbox 1223 799 1280 854; x_wconf 90' lang='lat' dir='ltr'><strong>ego</strong></span> <span class='ocrx_word' id='word_1_102' title='bbox 1294 784 1346 842; x_wconf 88' lang='lat' dir='ltr'><strong>diu</strong></span> <span class='ocrx_word' id='word_1_103' title='bbox 1359 790 1517 844; x_wconf 90' lang='lat' dir='ltr'><strong>cunctatus</strong></span> <span class='ocrx_word' id='word_1_104' title='bbox 1544 787 1651 859; x_wconf 87' lang='lat' dir='ltr'><strong>rehigi.</strong></span> <span class='ocrx_word' id='word_1_105' title='bbox 1676 793 1816 850; x_wconf 90' lang='lat' dir='ltr'><strong>ltartinus</strong></span> 
     </span>
     <span class='ocr_line' id='line_1_9' title="bbox 109 863 1816 951; baseline 0.009 -30"><span class='ocrx_word' id='word_1_106' title='bbox 109 865 168 922; x_wconf 90' lang='lat' dir='ltr'><strong>bus</strong></span> <span class='ocrx_word' id='word_1_107' title='bbox 183 864 252 922; x_wconf 93' lang='lat' dir='ltr'><strong>illuc</strong></span> <span class='ocrx_word' id='word_1_108' title='bbox 265 866 473 939; x_wconf 89' lang='lat' dir='ltr'><strong>propheticum</strong></span> <span class='ocrx_word' id='word_1_109' title='bbox 488 863 655 945; x_wconf 82' lang='lat' dir='ltr'><strong>coaptatur,</strong></span> <span class='ocrx_word' id='word_1_110' title='bbox 672 879 761 930; x_wconf 84' lang='lat' dir='ltr'><strong>erunt</strong></span> <span class='ocrx_word' id='word_1_111' title='bbox 781 875 863 931; x_wconf 80' lang='lat' dir='ltr'><strong>oculi</strong></span> <span class='ocrx_word' id='word_1_112' title='bbox 881 873 933 941; x_wconf 84' lang='grc' dir='ltr'>ιιιι,</span> <span class='ocrx_word' id='word_1_113' title='bbox 988 870 1107 937; x_wconf 79' lang='lat' dir='ltr'><strong>etenim,</strong></span> <span class='ocrx_word' id='word_1_114' title='bbox 1124 863 1211 945; x_wconf 79' lang='lat' dir='ltr'><strong>cujus</strong></span> <span class='ocrx_word' id='word_1_115' title='bbox 1223 865 1369 948; x_wconf 89' lang='lat' dir='ltr'><strong>obsequio</strong></span> <span class='ocrx_word' id='word_1_116' title='bbox 1382 873 1537 932; x_wconf 88' lang='lat' dir='ltr'><strong>dehetiste</strong></span> <span class='ocrx_word' id='word_1_117' title='bbox 1552 892 1651 934; x_wconf 88' lang='lat' dir='ltr'><strong>sermo</strong></span> <span class='ocrx_word' id='word_1_118' title='bbox 1665 877 1816 951; x_wconf 85' lang='lat' dir='ltr'><strong>iamiilari,</strong></span> 
     </span>
     <span class='ocr_line' id='line_1_10' title="bbox 110 953 1819 1042; baseline 0.009 -32"><span class='ocrx_word' id='word_1_119' title='bbox 110 953 241 1010; x_wconf 82' lang='lat' dir='ltr'><strong>uidentes</strong></span> <span class='ocrx_word' id='word_1_120' title='bbox 254 960 465 1024; x_wconf 68' lang='lat' dir='ltr'><strong>preceptorem</strong></span> <span class='ocrx_word' id='word_1_121' title='bbox 480 963 564 1014; x_wconf 81' lang='lat' dir='ltr'><strong>tuum</strong></span> <span class='ocrx_word' id='word_1_122' title='bbox 585 959 655 1031; x_wconf 82' lang='lat' dir='ltr'><strong>(Iso.</strong></span> <span class='ocrx_word' id='word_1_123' title='bbox 676 977 745 1033; x_wconf 86' lang='lat' dir='ltr'><strong>xxx,</strong></span> <span class='ocrx_word' id='word_1_124' title='bbox 761 961 817 1033; x_wconf 70' lang='grc' dir='ltr'>ιο).</span> <span class='ocrx_word' id='word_1_125' title='bbox 852 960 935 1016; x_wconf 89' lang='lat' dir='ltr'><strong>Deni-</strong></span> <span class='ocrx_word' id='word_1_126' title='bbox 987 960 1086 1033; x_wconf 90' lang='lat' dir='ltr'><strong>major</strong></span> <span class='ocrx_word' id='word_1_127' title='bbox 1097 965 1143 1018; x_wconf 90' lang='lat' dir='ltr'><strong>est</strong></span> <span class='ocrx_word' id='word_1_128' title='bbox 1154 978 1249 1035; x_wconf 89' lang='lat' dir='ltr'><strong>quam</strong></span> <span class='ocrx_word' id='word_1_129' title='bbox 1259 963 1318 1020; x_wconf 89' lang='lat' dir='ltr'><strong>dici</strong></span> <span class='ocrx_word' id='word_1_130' title='bbox 1334 968 1434 1038; x_wconf 82' lang='lat' dir='ltr'><strong>queat.</strong></span> <span class='ocrx_word' id='word_1_131' title='bbox 1453 966 1557 1034; x_wconf 81' lang='lat' dir='ltr'><strong>Quem,</strong></span> <span class='ocrx_word' id='word_1_132' title='bbox 1571 966 1646 1024; x_wconf 89' lang='lat' dir='ltr'><strong>sicut</strong></span> <span class='ocrx_word' id='word_1_133' title='bbox 1655 966 1693 1024; x_wconf 88' lang='lat' dir='ltr'><strong>de</strong></span> <span class='ocrx_word' id='word_1_134' title='bbox 1707 983 1743 1025; x_wconf 91' lang='lat' dir='ltr'><strong>eo</strong></span> <span class='ocrx_word' id='word_1_135' title='bbox 1753 983 1819 1042; x_wconf 90' lang='lat' dir='ltr'><strong>per·</strong></span> 
     </span>
     <span class='ocr_line' id='line_1_11' title="bbox 107 1042 1817 1126; baseline 0.009 -28"><span class='ocrx_word' id='word_1_136' title='bbox 107 1058 168 1116; x_wconf 90' lang='lat' dir='ltr'><strong>que</strong></span> <span class='ocrx_word' id='word_1_137' title='bbox 180 1042 276 1099; x_wconf 89' lang='lat' dir='ltr'><strong>fidelis</strong></span> <span class='ocrx_word' id='word_1_138' title='bbox 290 1043 392 1117; x_wconf 92' lang='lat' dir='ltr'><strong>opinio</strong></span> <span class='ocrx_word' id='word_1_139' title='bbox 413 1049 466 1117; x_wconf 87' lang='lat' dir='ltr'><strong>est,</strong></span> <span class='ocrx_word' id='word_1_140' title='bbox 486 1047 570 1121; x_wconf 93' lang='lat' dir='ltr'><strong>quod</strong></span> <span class='ocrx_word' id='word_1_141' title='bbox 596 1050 803 1125; x_wconf 89' lang='lat' dir='ltr'><strong>unusquisque</strong></span> <span class='ocrx_word' id='word_1_142' title='bbox 818 1055 934 1107; x_wconf 87' lang='lat' dir='ltr'><strong>sancto·</strong></span> <span class='ocrx_word' id='word_1_143' title='bbox 987 1049 1114 1119; x_wconf 89' lang='lat' dir='ltr'><strong>hibetur,</strong></span> <span class='ocrx_word' id='word_1_144' title='bbox 1131 1067 1348 1126; x_wconf 82' lang='lat' dir='ltr'><strong>usquequaque</strong></span> <span class='ocrx_word' id='word_1_145' title='bbox 1371 1056 1448 1110; x_wconf 87' lang='lat' dir='ltr'><strong>Deus</strong></span> <span class='ocrx_word' id='word_1_146' title='bbox 1475 1052 1649 1125; x_wconf 87' lang='lat' dir='ltr'><strong>mirificans,</strong></span> <span class='ocrx_word' id='word_1_147' title='bbox 1677 1056 1766 1116; x_wconf 89' lang='lat' dir='ltr'><strong>etiam</strong></span> <span class='ocrx_word' id='word_1_148' title='bbox 1785 1057 1817 1114; x_wconf 93' lang='lat' dir='ltr'><strong>in</strong></span> 
     </span>
     <span class='ocr_line' id='line_1_12' title="bbox 107 1132 1817 1220; baseline 0.009 -31"><span class='ocrx_word' id='word_1_149' title='bbox 107 1149 177 1190; x_wconf 91' lang='lat' dir='ltr'><strong>rum</strong></span> <span class='ocrx_word' id='word_1_150' title='bbox 194 1132 331 1190; x_wconf 90' lang='lat' dir='ltr'><strong>cumillis</strong></span> <span class='ocrx_word' id='word_1_151' title='bbox 346 1139 448 1204; x_wconf 81' lang='lat' dir='ltr'><strong>surget</strong></span> <span class='ocrx_word' id='word_1_152' title='bbox 472 1137 502 1192; x_wconf 90' lang='lat' dir='ltr'><strong>in</strong></span> <span class='ocrx_word' id='word_1_153' title='bbox 526 1139 758 1210; x_wconf 76' lang='lat' dir='ltr'><strong>regeneratione,</strong></span> <span class='ocrx_word' id='word_1_154' title='bbox 783 1156 860 1214; x_wconf 89' lang='lat' dir='ltr'><strong>quos</strong></span> <span class='ocrx_word' id='word_1_155' title='bbox 879 1141 933 1196; x_wconf 88' lang='lat' dir='ltr'><strong>Do·</strong></span> <span class='ocrx_word' id='word_1_156' title='bbox 987 1139 1045 1196; x_wconf 91' lang='lat' dir='ltr'><strong>hoc</strong></span> <span class='ocrx_word' id='word_1_157' title='bbox 1056 1139 1212 1212; x_wconf 87' lang='lat' dir='ltr'><strong>glorificat,</strong></span> <span class='ocrx_word' id='word_1_158' title='bbox 1228 1142 1312 1216; x_wconf 94' lang='lat' dir='ltr'><strong>quod</strong></span> <span class='ocrx_word' id='word_1_159' title='bbox 1325 1143 1425 1200; x_wconf 80' lang='lat' dir='ltr'><strong>omnis</strong></span> <span class='ocrx_word' id='word_1_160' title='bbox 1445 1143 1498 1217; x_wconf 91' lang='lat' dir='ltr'><strong>qui</strong></span> <span class='ocrx_word' id='word_1_161' title='bbox 1512 1144 1549 1202; x_wconf 93' lang='lat' dir='ltr'><strong>de</strong></span> <span class='ocrx_word' id='word_1_162' title='bbox 1561 1144 1612 1202; x_wconf 93' lang='lat' dir='ltr'><strong>illo</strong></span> <span class='ocrx_word' id='word_1_163' title='bbox 1627 1149 1655 1204; x_wconf 89' lang='lat' dir='ltr'><strong>et</strong></span> <span class='ocrx_word' id='word_1_164' title='bbox 1680 1144 1817 1220; x_wconf 89' lang='lat' dir='ltr'><strong>prosaice</strong></span> 
     </span>
     <span class='ocr_line' id='line_1_13' title="bbox 107 1214 1818 1308; baseline 0.008 -30"><span class='ocrx_word' id='word_1_165' title='bbox 107 1215 191 1278; x_wconf 89' lang='lat' dir='ltr'><strong>mino</strong></span> <span class='ocrx_word' id='word_1_166' title='bbox 206 1214 371 1296; x_wconf 89' lang='lat' dir='ltr'><strong>acquisivit.</strong></span> <span class='ocrx_word' id='word_1_167' title='bbox 388 1227 463 1282; x_wconf 88' lang='lat' dir='ltr'><strong>Cum</strong></span> <span class='ocrx_word' id='word_1_168' title='bbox 476 1219 566 1298; x_wconf 88' lang='lat' dir='ltr'><strong>igitur</strong></span> <span class='ocrx_word' id='word_1_169' title='bbox 582 1227 711 1286; x_wconf 90' lang='lat' dir='ltr'><strong>universi</strong></span> <span class='ocrx_word' id='word_1_170' title='bbox 724 1219 851 1302; x_wconf 82' lang='lat' dir='ltr'><strong>hujusce</strong></span> <span class='ocrx_word' id='word_1_171' title='bbox 874 1226 934 1286; x_wconf 90' lang='lat' dir='ltr'><strong>ins·</strong></span> <span class='ocrx_word' id='word_1_172' title='bbox 986 1229 1015 1285; x_wconf 90' lang='lat' dir='ltr'><strong>et</strong></span> <span class='ocrx_word' id='word_1_173' title='bbox 1029 1221 1159 1298; x_wconf 89' lang='lat' dir='ltr'><strong>metrico,</strong></span> <span class='ocrx_word' id='word_1_174' title='bbox 1190 1231 1249 1287; x_wconf 91' lang='lat' dir='ltr'><strong>sive</strong></span> <span class='ocrx_word' id='word_1_175' title='bbox 1265 1232 1355 1289; x_wconf 89' lang='lat' dir='ltr'><strong>etiam</strong></span> <span class='ocrx_word' id='word_1_176' title='bbox 1381 1233 1549 1306; x_wconf 86' lang='lat' dir='ltr'><strong>rhythmice</strong></span> <span class='ocrx_word' id='word_1_177' title='bbox 1571 1235 1764 1308; x_wconf 89' lang='lat' dir='ltr'><strong>scripserunt,</strong></span> <span class='ocrx_word' id='word_1_178' title='bbox 1788 1240 1818 1294; x_wconf 91' lang='lat' dir='ltr'><strong>et</strong></span> 
     </span>
     <span class='ocr_line' id='line_1_14' title="bbox 107 1309 1817 1399; baseline 0.009 -33"><span class='ocrx_word' id='word_1_179' title='bbox 107 1309 250 1367; x_wconf 88' lang='lat' dir='ltr'><strong>titutionis</strong></span> <span class='ocrx_word' id='word_1_180' title='bbox 264 1311 330 1382; x_wconf 86' lang='lat' dir='ltr'><strong>ejus</strong></span> <span class='ocrx_word' id='word_1_181' title='bbox 351 1328 506 1386; x_wconf 80' lang='lat' dir='ltr'><strong>sequaces,</strong></span> <span class='ocrx_word' id='word_1_182' title='bbox 534 1315 564 1372; x_wconf 94' lang='lat' dir='ltr'><strong>in</strong></span> <span class='ocrx_word' id='word_1_183' title='bbox 579 1333 675 1374; x_wconf 90' lang='lat' dir='ltr'><strong>unum</strong></span> <span class='ocrx_word' id='word_1_184' title='bbox 699 1317 932 1386; x_wconf 84' lang='lat' dir='ltr'><strong>coactituerint3</strong></span> <span class='ocrx_word' id='word_1_185' title='bbox 986 1319 1081 1375; x_wconf 87' lang='lat' dir='ltr'><strong>saneti</strong></span> <span class='ocrx_word' id='word_1_186' title='bbox 1104 1323 1132 1376; x_wconf 89' lang='lat' dir='ltr'><strong>et</strong></span> <span class='ocrx_word' id='word_1_187' title='bbox 1159 1320 1362 1393; x_wconf 71' lang='lat' dir='ltr'><strong>penituisse,</strong></span> <span class='ocrx_word' id='word_1_188' title='bbox 1386 1325 1415 1378; x_wconf 88' lang='lat' dir='ltr'><strong>et</strong></span> <span class='ocrx_word' id='word_1_189' title='bbox 1441 1321 1520 1378; x_wconf 91' lang='lat' dir='ltr'><strong>dulci</strong></span> <span class='ocrx_word' id='word_1_190' title='bbox 1536 1323 1703 1380; x_wconf 82' lang='lat' dir='ltr'><strong>admodum</strong></span> <span class='ocrx_word' id='word_1_191' title='bbox 1727 1329 1817 1399; x_wconf 90' lang='lat' dir='ltr'><strong>atque</strong></span> 
     </span>
     <span class='ocr_line' id='line_1_15' title="bbox 106 1399 1816 1484; baseline 0.009 -29"><span class='ocrx_word' id='word_1_192' title='bbox 106 1399 196 1476; x_wconf 90' lang='lat' dir='ltr'><strong>quale</strong></span> <span class='ocrx_word' id='word_1_193' title='bbox 212 1399 331 1472; x_wconf 90' lang='lat' dir='ltr'><strong>signum</strong></span> <span class='ocrx_word' id='word_1_194' title='bbox 343 1403 529 1474; x_wconf 89' lang='lat' dir='ltr'><strong>apostolatus</strong></span> <span class='ocrx_word' id='word_1_195' title='bbox 548 1407 706 1464; x_wconf 84' lang='lat' dir='ltr'><strong>Benedicta</strong></span> <span class='ocrx_word' id='word_1_196' title='bbox 725 1411 796 1464; x_wconf 87' lang='lat' dir='ltr'><strong>tunc</strong></span> <span class='ocrx_word' id='word_1_197' title='bbox 817 1407 864 1466; x_wconf 88' lang='lat' dir='ltr'><strong>iile</strong></span> <span class='ocrx_word' id='word_1_198' title='bbox 881 1423 932 1465; x_wconf 88' lang='lat' dir='ltr'><strong>co·</strong></span> <span class='ocrx_word' id='word_1_199' title='bbox 987 1411 1108 1480; x_wconf 88' lang='lat' dir='ltr'><strong>compto</strong></span> <span class='ocrx_word' id='word_1_200' title='bbox 1123 1406 1242 1480; x_wconf 92' lang='lat' dir='ltr'><strong>eloquio</strong></span> <span class='ocrx_word' id='word_1_201' title='bbox 1256 1413 1431 1478; x_wconf 89' lang='lat' dir='ltr'><strong>noscuntur,</strong></span> <span class='ocrx_word' id='word_1_202' title='bbox 1449 1425 1517 1483; x_wconf 77' lang='lat' dir='ltr'><strong>quae</strong></span> <span class='ocrx_word' id='word_1_203' title='bbox 1544 1411 1729 1484; x_wconf 87' lang='lat' dir='ltr'><strong>pertulerunt</strong></span> <span class='ocrx_word' id='word_1_204' title='bbox 1753 1409 1816 1470; x_wconf 80' lang='lat' dir='ltr'><strong>edi·</strong></span> 
     </span>
     <span class='ocr_line' id='line_1_16' title="bbox 106 1489 1818 1570; baseline 0.008 -25"><span class='ocrx_word' id='word_1_205' title='bbox 106 1490 212 1563; x_wconf 89' lang='lat' dir='ltr'><strong>piosus</strong></span> <span class='ocrx_word' id='word_1_206' title='bbox 228 1489 371 1548; x_wconf 85' lang='lat' dir='ltr'><strong>exercitus</strong></span> <span class='ocrx_word' id='word_1_207' title='bbox 385 1494 518 1566; x_wconf 88' lang='lat' dir='ltr'><strong>seipsum</strong></span> <span class='ocrx_word' id='word_1_208' title='bbox 533 1495 708 1554; x_wconf 80' lang='lat' dir='ltr'><strong>exhibebit?</strong></span> <span class='ocrx_word' id='word_1_209' title='bbox 721 1499 743 1556; x_wconf 94' lang='grc'>0</span> <span class='ocrx_word' id='word_1_210' title='bbox 756 1497 839 1570; x_wconf 62' lang='lat' dir='ltr'><strong>quali</strong></span> <span class='ocrx_word' id='word_1_211' title='bbox 862 1512 932 1568; x_wconf 88' lang='lat' dir='ltr'><strong>gau·</strong></span> <span class='ocrx_word' id='word_1_212' title='bbox 986 1493 1075 1552; x_wconf 92' lang='lat' dir='ltr'><strong>disse.</strong></span> <span class='ocrx_word' id='word_1_213' title='bbox 1104 1497 1138 1552; x_wconf 88' lang='grc' dir='ltr'><strong>Ει</strong></span> <span class='ocrx_word' id='word_1_214' title='bbox 1155 1494 1310 1564; x_wconf 92' lang='lat' dir='ltr'><strong>nimirum,</strong></span> <span class='ocrx_word' id='word_1_215' title='bbox 1339 1496 1397 1554; x_wconf 91' lang='lat' dir='ltr'><strong>nisi</strong></span> <span class='ocrx_word' id='word_1_216' title='bbox 1422 1497 1594 1568; x_wconf 78' lang='lat' dir='ltr'><strong>Juhentium</strong></span> <span class='ocrx_word' id='word_1_217' title='bbox 1614 1500 1774 1558; x_wconf 88' lang='lat' dir='ltr'><strong>auctoritas</strong></span> <span class='ocrx_word' id='word_1_218' title='bbox 1788 1503 1818 1560; x_wconf 90' lang='lat' dir='ltr'><strong>et</strong></span> 
     </span>
     <span class='ocr_line' id='line_1_17' title="bbox 106 1577 1818 1659; baseline 0.007 -24"><span class='ocrx_word' id='word_1_219' title='bbox 106 1579 157 1636; x_wconf 94' lang='lat' dir='ltr'><strong>dio</strong></span> <span class='ocrx_word' id='word_1_220' title='bbox 172 1584 242 1637; x_wconf 91' lang='lat' dir='ltr'><strong>tnnc</strong></span> <span class='ocrx_word' id='word_1_221' title='bbox 261 1577 309 1637; x_wconf 87' lang='lat' dir='ltr'><strong>ille</strong></span> <span class='ocrx_word' id='word_1_222' title='bbox 328 1581 511 1654; x_wconf 84' lang='lat' dir='ltr'><strong>tripudiabit,</strong></span> <span class='ocrx_word' id='word_1_223' title='bbox 527 1585 579 1659; x_wconf 90' lang='lat' dir='ltr'><strong>qul</strong></span> <span class='ocrx_word' id='word_1_224' title='bbox 604 1602 667 1644; x_wconf 89' lang='lat' dir='ltr'><strong>sese</strong></span> <span class='ocrx_word' id='word_1_225' title='bbox 688 1585 745 1644; x_wconf 90' lang='lat' dir='ltr'><strong>illis</strong></span> <span class='ocrx_word' id='word_1_226' title='bbox 759 1587 933 1644; x_wconf 81' lang='lat' dir='ltr'><strong>cohortibus</strong></span> <span class='ocrx_word' id='word_1_227' title='bbox 986 1583 1028 1640; x_wconf 89' lang='lat' dir='ltr'><strong>rei</strong></span> <span class='ocrx_word' id='word_1_228' title='bbox 1039 1584 1199 1640; x_wconf 89' lang='lat' dir='ltr'><strong>necessitas</strong></span> <span class='ocrx_word' id='word_1_229' title='bbox 1213 1589 1341 1654; x_wconf 87' lang='lat' dir='ltr'><strong>urgeret,</strong></span> <span class='ocrx_word' id='word_1_230' title='bbox 1368 1584 1592 1659; x_wconf 87' lang='lat' dir='ltr'><strong>inconsequens</strong></span> <span class='ocrx_word' id='word_1_231' title='bbox 1614 1588 1818 1656; x_wconf 82' lang='lat' dir='ltr'><strong>videretur,ut</strong></span> 
     </span>
     <span class='ocr_line' id='line_1_18' title="bbox 106 1667 1816 1750; baseline 0.005 -24"><span class='ocrx_word' id='word_1_232' title='bbox 106 1667 274 1727; x_wconf 86' lang='lat' dir='ltr'><strong>immiscere</strong></span> <span class='ocrx_word' id='word_1_233' title='bbox 300 1672 449 1744; x_wconf 91' lang='lat' dir='ltr'><strong>potuerit!</strong></span> <span class='ocrx_word' id='word_1_234' title='bbox 475 1677 558 1732; x_wconf 91' lang='lat' dir='ltr'><strong>Nunc</strong></span> <span class='ocrx_word' id='word_1_235' title='bbox 590 1692 705 1746; x_wconf 87' lang='lat' dir='ltr'><strong>omnes,</strong></span> <span class='ocrx_word' id='word_1_236' title='bbox 735 1676 784 1734; x_wconf 86' lang='lat' dir='ltr'><strong>vel</strong></span> <span class='ocrx_word' id='word_1_237' title='bbox 801 1676 868 1734; x_wconf 93' lang='lat' dir='ltr'><strong>loco</strong></span> <span class='ocrx_word' id='word_1_238' title='bbox 884 1676 933 1734; x_wconf 87' lang='lat' dir='ltr'><strong>vel</strong></span> <span class='ocrx_word' id='word_1_239' title='bbox 986 1671 1022 1742; x_wconf 89' lang='lat' dir='ltr'><strong>is,</strong></span> <span class='ocrx_word' id='word_1_240' title='bbox 1052 1672 1105 1747; x_wconf 89' lang='lat' dir='ltr'><strong>qui</strong></span> <span class='ocrx_word' id='word_1_241' title='bbox 1131 1673 1168 1730; x_wconf 89' lang='lat' dir='ltr'><strong>de</strong></span> <span class='ocrx_word' id='word_1_242' title='bbox 1188 1674 1310 1731; x_wconf 89' lang='lat' dir='ltr'><strong>homine</strong></span> <span class='ocrx_word' id='word_1_243' title='bbox 1325 1679 1354 1732; x_wconf 88' lang='lat' dir='ltr'><strong>et</strong></span> <span class='ocrx_word' id='word_1_244' title='bbox 1373 1675 1446 1731; x_wconf 90' lang='lat' dir='ltr'><strong>nihil</strong></span> <span class='ocrx_word' id='word_1_245' title='bbox 1475 1675 1577 1747; x_wconf 90' lang='lat' dir='ltr'><strong>hahet,</strong></span> <span class='ocrx_word' id='word_1_246' title='bbox 1599 1681 1628 1733; x_wconf 89' lang='lat' dir='ltr'><strong>et</strong></span> <span class='ocrx_word' id='word_1_247' title='bbox 1649 1692 1768 1750; x_wconf 90' lang='lat' dir='ltr'><strong>parum,</strong></span> <span class='ocrx_word' id='word_1_248' title='bbox 1784 1679 1816 1735; x_wconf 93' lang='lat' dir='ltr'><strong>id</strong></span> 
     </span>
     <span class='ocr_line' id='line_1_19' title="bbox 106 1761 1816 1838; baseline 0.003 -20"><span class='ocrx_word' id='word_1_249' title='bbox 106 1761 214 1818; x_wconf 84' lang='lat' dir='ltr'><strong>allecta</strong></span> <span class='ocrx_word' id='word_1_250' title='bbox 243 1761 339 1834; x_wconf 78' lang='lat' dir='ltr'><strong>uetat,</strong></span> <span class='ocrx_word' id='word_1_251' title='bbox 370 1763 401 1818; x_wconf 85' lang='lat' dir='ltr'><strong>iit</strong></span> <span class='ocrx_word' id='word_1_252' title='bbox 426 1779 496 1820; x_wconf 92' lang='lat' dir='ltr'><strong>euin</strong></span> <span class='ocrx_word' id='word_1_253' title='bbox 511 1766 609 1822; x_wconf 89' lang='lat' dir='ltr'><strong>cordis</strong></span> <span class='ocrx_word' id='word_1_254' title='bbox 637 1765 778 1824; x_wconf 90' lang='lat' dir='ltr'><strong>intuitum</strong></span> <span class='ocrx_word' id='word_1_255' title='bbox 792 1767 932 1838; x_wconf 86' lang='lat' dir='ltr'><strong>dirigant.</strong></span> <span class='ocrx_word' id='word_1_256' title='bbox 987 1767 1099 1820; x_wconf 87' lang='lat' dir='ltr'><strong>tentare</strong></span> <span class='ocrx_word' id='word_1_257' title='bbox 1107 1769 1312 1835; x_wconf 82' lang='lat' dir='ltr'><strong>praesumeret.</strong></span> <span class='ocrx_word' id='word_1_258' title='bbox 1326 1761 1382 1820; x_wconf 90' lang='lat' dir='ltr'><strong>Sed</strong></span> <span class='ocrx_word' id='word_1_259' title='bbox 1395 1763 1434 1820; x_wconf 88' lang='lat' dir='ltr'><strong>ad</strong></span> <span class='ocrx_word' id='word_1_260' title='bbox 1448 1779 1533 1837; x_wconf 89' lang='lat' dir='ltr'><strong>spem</strong></span> <span class='ocrx_word' id='word_1_261' title='bbox 1546 1781 1740 1822; x_wconf 89' lang='lat' dir='ltr'><strong>communem</strong></span> <span class='ocrx_word' id='word_1_262' title='bbox 1750 1781 1816 1824; x_wconf 92' lang='lat' dir='ltr'><strong>cor-</strong></span> 
     </span>
     <span class='ocr_line' id='line_1_20' title="bbox 106 1847 1816 1929; baseline 0.003 -22"><span class='ocrx_word' id='word_1_263' title='bbox 106 1850 215 1908; x_wconf 86' lang='lat' dir='ltr'><strong>Omnia</strong></span> <span class='ocrx_word' id='word_1_264' title='bbox 226 1851 306 1908; x_wconf 88' lang='lat' dir='ltr'><strong>enini</strong></span> <span class='ocrx_word' id='word_1_265' title='bbox 319 1851 461 1910; x_wconf 90' lang='lat' dir='ltr'><strong>omnibus</strong></span> <span class='ocrx_word' id='word_1_266' title='bbox 476 1852 573 1912; x_wconf 86' lang='lat' dir='ltr'><strong>lactus</strong></span> <span class='ocrx_word' id='word_1_267' title='bbox 587 1853 640 1912; x_wconf 87' lang='lat' dir='ltr'><strong>est.</strong></span> <span class='ocrx_word' id='word_1_268' title='bbox 653 1847 833 1913; x_wconf 85' lang='lat' dir='ltr'><strong>itabeianlni</strong></span> <span class='ocrx_word' id='word_1_269' title='bbox 847 1857 933 1929; x_wconf 88' lang='lat' dir='ltr'><strong>pueri</strong></span> <span class='ocrx_word' id='word_1_270' title='bbox 986 1850 1033 1906; x_wconf 85' lang='lat' dir='ltr'><strong>dis</strong></span> <span class='ocrx_word' id='word_1_271' title='bbox 1049 1849 1153 1908; x_wconf 80' lang='lat' dir='ltr'><strong>oeissos</strong></span> <span class='ocrx_word' id='word_1_272' title='bbox 1168 1851 1327 1920; x_wconf 87' lang='lat' dir='ltr'><strong>reducens,</strong></span> <span class='ocrx_word' id='word_1_273' title='bbox 1339 1868 1438 1926; x_wconf 89' lang='lat' dir='ltr'><strong>spero,</strong></span> <span class='ocrx_word' id='word_1_274' title='bbox 1453 1849 1600 1926; x_wconf 88' lang='lat' dir='ltr'><strong>quoniam</strong></span> <span class='ocrx_word' id='word_1_275' title='bbox 1610 1853 1753 1924; x_wconf 85' lang='lat' dir='ltr'><strong>Christus,</strong></span> <span class='ocrx_word' id='word_1_276' title='bbox 1763 1853 1816 1928; x_wconf 92' lang='lat' dir='ltr'><strong>qui</strong></span> 
     </span>
     <span class='ocr_line' id='line_1_21' title="bbox 106 1933 1815 2017; baseline 0.002 -21"><span class='ocrx_word' id='word_1_277' title='bbox 106 1940 236 1998; x_wconf 75' lang='lat' dir='ltr'><strong>toi-mam</strong></span> <span class='ocrx_word' id='word_1_278' title='bbox 250 1943 282 1996; x_wconf 92' lang='lat' dir='ltr'><strong>in</strong></span> <span class='ocrx_word' id='word_1_279' title='bbox 295 1955 389 2014; x_wconf 92' lang='lat' dir='ltr'><strong>puero</strong></span> <span class='ocrx_word' id='word_1_280' title='bbox 404 1957 499 2014; x_wconf 90' lang='lat' dir='ltr'><strong>quam</strong></span> <span class='ocrx_word' id='word_1_281' title='bbox 522 1948 706 2017; x_wconf 89' lang='lat' dir='ltr'><strong>sequantur;</strong></span> <span class='ocrx_word' id='word_1_282' title='bbox 731 1949 764 2001; x_wconf 91' lang='lat' dir='ltr'><strong>ut</strong></span> <span class='ocrx_word' id='word_1_283' title='bbox 786 1944 932 2017; x_wconf 92' lang='lat' dir='ltr'><strong>quoniam</strong></span> <span class='ocrx_word' id='word_1_284' title='bbox 986 1933 1136 1995; x_wconf 86' lang='lat' dir='ltr'><strong>benedicit</strong></span> <span class='ocrx_word' id='word_1_285' title='bbox 1150 1939 1265 2011; x_wconf 83' lang='lat' dir='ltr'><strong>pusillis</strong></span> <span class='ocrx_word' id='word_1_286' title='bbox 1278 1945 1306 1996; x_wconf 90' lang='lat' dir='ltr'><strong>et</strong></span> <span class='ocrx_word' id='word_1_287' title='bbox 1316 1940 1494 2012; x_wconf 85' lang='lat' dir='ltr'><strong>majoribus,</strong></span> <span class='ocrx_word' id='word_1_288' title='bbox 1510 1957 1572 1998; x_wconf 94' lang='lat' dir='ltr'><strong>non</strong></span> <span class='ocrx_word' id='word_1_289' title='bbox 1586 1941 1735 2000; x_wconf 89' lang='lat' dir='ltr'><strong>desereret</strong></span> <span class='ocrx_word' id='word_1_290' title='bbox 1756 1944 1815 2000; x_wconf 93' lang='lat' dir='ltr'><strong>hoc</strong></span> 
     </span>
     <span class='ocr_line' id='line_1_22' title="bbox 105 2027 1816 2106; baseline 0.002 -20"><span class='ocrx_word' id='word_1_291' title='bbox 105 2028 147 2086; x_wconf 91' lang='lat' dir='ltr'><strong>ad</strong></span> <span class='ocrx_word' id='word_1_292' title='bbox 159 2027 330 2100; x_wconf 86' lang='lat' dir='ltr'><strong>exemplum</strong></span> <span class='ocrx_word' id='word_1_293' title='bbox 343 2031 425 2085; x_wconf 88' lang='lat' dir='ltr'><strong>isaac</strong></span> <span class='ocrx_word' id='word_1_294' title='bbox 438 2031 498 2086; x_wconf 85' lang='lat' dir='ltr'><strong>ileo</strong></span> <span class='ocrx_word' id='word_1_295' title='bbox 510 2031 593 2088; x_wconf 92' lang='lat' dir='ltr'><strong>obliti</strong></span> <span class='ocrx_word' id='word_1_296' title='bbox 609 2036 687 2102; x_wconf 91' lang='lat' dir='ltr'><strong>sunt,</strong></span> <span class='ocrx_word' id='word_1_297' title='bbox 704 2032 868 2106; x_wconf 89' lang='lat' dir='ltr'><strong>primordia</strong></span> <span class='ocrx_word' id='word_1_298' title='bbox 878 2047 932 2089; x_wconf 89' lang='lat' dir='ltr'><strong>sua</strong></span> <span class='ocrx_word' id='word_1_299' title='bbox 986 2028 1070 2101; x_wconf 91' lang='lat' dir='ltr'><strong>quod</strong></span> <span class='ocrx_word' id='word_1_300' title='bbox 1085 2027 1256 2084; x_wconf 90' lang='lat' dir='ltr'><strong>ohedientia</strong></span> <span class='ocrx_word' id='word_1_301' title='bbox 1272 2032 1398 2085; x_wconf 91' lang='lat' dir='ltr'><strong>conatur</strong></span> <span class='ocrx_word' id='word_1_302' title='bbox 1412 2029 1586 2104; x_wconf 84' lang='lat' dir='ltr'><strong>obsequens</strong></span> <span class='ocrx_word' id='word_1_303' title='bbox 1605 2030 1732 2105; x_wconf 91' lang='lat' dir='ltr'><strong>imperio</strong></span> <span class='ocrx_word' id='word_1_304' title='bbox 1746 2031 1816 2089; x_wconf 88' lang='lat' dir='ltr'><strong>cha-</strong></span> 
     </span>
     <span class='ocr_line' id='line_1_23' title="bbox 104 2115 1850 2194; baseline 0.003 -22"><span class='ocrx_word' id='word_1_305' title='bbox 104 2119 234 2172; x_wconf 91' lang='lat' dir='ltr'><strong>caveant</strong></span> <span class='ocrx_word' id='word_1_306' title='bbox 244 2115 431 2174; x_wconf 85' lang='lat' dir='ltr'><strong>fermentare.</strong></span> <span class='ocrx_word' id='word_1_307' title='bbox 448 2119 490 2174; x_wconf 81' lang='lat' dir='ltr'><strong>Ac</strong></span> <span class='ocrx_word' id='word_1_308' title='bbox 505 2117 648 2194; x_wconf 87' lang='lat' dir='ltr'><strong>deinceps</strong></span> <span class='ocrx_word' id='word_1_309' title='bbox 668 2120 780 2194; x_wconf 93' lang='lat' dir='ltr'><strong>quique</strong></span> <span class='ocrx_word' id='word_1_310' title='bbox 795 2136 848 2194; x_wconf 91' lang='lat' dir='ltr'><strong>per</strong></span> <span class='ocrx_word' id='word_1_311' title='bbox 861 2121 932 2177; x_wconf 83' lang='lat' dir='ltr'><strong>aita-</strong></span> <span class='ocrx_word' id='word_1_312' title='bbox 986 2116 1090 2172; x_wconf 85' lang='lat' dir='ltr'><strong>ritatis.</strong></span> <span class='ocrx_word' id='word_1_313' title='bbox 1108 2120 1182 2173; x_wconf 88' lang='lat' dir='ltr'><strong>Nem</strong></span> <span class='ocrx_word' id='word_1_314' title='bbox 1196 2117 1261 2190; x_wconf 90' lang='lat' dir='ltr'><strong>ipse</strong></span> <span class='ocrx_word' id='word_1_315' title='bbox 1287 2115 1369 2174; x_wconf 89' lang='lat' dir='ltr'><strong>volat</strong></span> <span class='ocrx_word' id='word_1_316' title='bbox 1395 2133 1486 2190; x_wconf 88' lang='lat' dir='ltr'><strong>super</strong></span> <span class='ocrx_word' id='word_1_317' title='bbox 1499 2129 1615 2191; x_wconf 88' lang='lat' dir='ltr'><strong>pennas</strong></span> <span class='ocrx_word' id='word_1_318' title='bbox 1643 2125 1813 2192; x_wconf 85' lang='lat' dir='ltr'><strong>ventorum,</strong></span> <span class='ocrx_word' id='word_1_319' title='bbox 1844 2177 1850 2188; x_wconf 87' lang='grc'>,</span> 
     </span>
     <span class='ocr_line' id='line_1_24' title="bbox 102 2203 1812 2283; baseline 0.003 -22"><span class='ocrx_word' id='word_1_320' title='bbox 102 2207 171 2261; x_wconf 90' lang='lat' dir='ltr'><strong>tum</strong></span> <span class='ocrx_word' id='word_1_321' title='bbox 186 2203 389 2262; x_wconf 70' lang='lat' dir='ltr'><strong>successiones</strong></span> <span class='ocrx_word' id='word_1_322' title='bbox 401 2206 461 2263; x_wconf 89' lang='lat' dir='ltr'><strong>sint</strong></span> <span class='ocrx_word' id='word_1_323' title='bbox 474 2207 594 2280; x_wconf 79' lang='lat' dir='ltr'><strong>perfecti</strong></span> <span class='ocrx_word' id='word_1_324' title='bbox 609 2224 717 2278; x_wconf 89' lang='lat' dir='ltr'><strong>sensn;</strong></span> <span class='ocrx_word' id='word_1_325' title='bbox 731 2214 763 2266; x_wconf 91' lang='lat' dir='ltr'><strong>ut</strong></span> <span class='ocrx_word' id='word_1_326' title='bbox 775 2226 793 2268; x_wconf 88' lang='lat' dir='ltr'><strong>a</strong></span> <span class='ocrx_word' id='word_1_327' title='bbox 807 2215 933 2283; x_wconf 88' lang='lat' dir='ltr'><strong>paterna</strong></span> <span class='ocrx_word' id='word_1_328' title='bbox 986 2205 1132 2262; x_wconf 86' lang='lat' dir='ltr'><strong>excellens</strong></span> <span class='ocrx_word' id='word_1_329' title='bbox 1160 2221 1283 2264; x_wconf 89' lang='lat' dir='ltr'><strong>omnem</strong></span> <span class='ocrx_word' id='word_1_330' title='bbox 1310 2207 1594 2280; x_wconf 91' lang='lat' dir='ltr'><strong>contemplationem</strong></span> <span class='ocrx_word' id='word_1_331' title='bbox 1620 2205 1812 2278; x_wconf 86' lang='lat' dir='ltr'><strong>angelorum:</strong></span> 
     </span>
     <span class='ocr_line' id='line_1_25' title="bbox 104 2288 1814 2370; baseline 0.004 -22"><span class='ocrx_word' id='word_1_332' title='bbox 104 2289 151 2349; x_wconf 84' lang='lat' dir='ltr'><strong>sul</strong></span> <span class='ocrx_word' id='word_1_333' title='bbox 165 2288 276 2349; x_wconf 88' lang='lat' dir='ltr'><strong>nutritii</strong></span> <span class='ocrx_word' id='word_1_334' title='bbox 292 2293 400 2367; x_wconf 90' lang='lat' dir='ltr'><strong>pietate</strong></span> <span class='ocrx_word' id='word_1_335' title='bbox 416 2308 476 2352; x_wconf 92' lang='lat' dir='ltr'><strong>non</strong></span> <span class='ocrx_word' id='word_1_336' title='bbox 491 2295 682 2366; x_wconf 88' lang='lat' dir='ltr'><strong>degenerent.</strong></span> <span class='ocrx_word' id='word_1_337' title='bbox 705 2301 744 2354; x_wconf 86' lang='lat' dir='ltr'><strong>Ne</strong></span> <span class='ocrx_word' id='word_1_338' title='bbox 759 2298 833 2354; x_wconf 82' lang='lat' dir='ltr'><strong>torte</strong></span> <span class='ocrx_word' id='word_1_339' title='bbox 849 2299 873 2353; x_wconf 91' lang='lat' dir='ltr'><strong>si</strong></span> <span class='ocrx_word' id='word_1_340' title='bbox 892 2299 932 2356; x_wconf 91' lang='lat' dir='ltr'><strong>ab</strong></span> <span class='ocrx_word' id='word_1_341' title='bbox 985 2295 1049 2370; x_wconf 88' lang='lat' dir='ltr'><strong>ipse</strong></span> <span class='ocrx_word' id='word_1_342' title='bbox 1064 2295 1219 2352; x_wconf 90' lang='lat' dir='ltr'><strong>descendit</strong></span> <span class='ocrx_word' id='word_1_343' title='bbox 1233 2296 1273 2353; x_wconf 88' lang='lat' dir='ltr'><strong>ad</strong></span> <span class='ocrx_word' id='word_1_344' title='bbox 1287 2295 1429 2354; x_wconf 86' lang='lat' dir='ltr'><strong>interiora</strong></span> <span class='ocrx_word' id='word_1_345' title='bbox 1443 2301 1537 2370; x_wconf 85' lang='lat' dir='ltr'><strong>terrie,</strong></span> <span class='ocrx_word' id='word_1_346' title='bbox 1549 2297 1714 2354; x_wconf 83' lang='lat' dir='ltr'><strong>lactescens</strong></span> <span class='ocrx_word' id='word_1_347' title='bbox 1735 2302 1814 2355; x_wconf 91' lang='lat' dir='ltr'><strong>tene·</strong></span> 
     </span>
     <span class='ocr_line' id='line_1_26' title="bbox 102 2380 1813 2458; baseline 0.004 -21"><span class='ocrx_word' id='word_1_348' title='bbox 102 2380 302 2438; x_wconf 87' lang='lat' dir='ltr'><strong>excellentiori</strong></span> <span class='ocrx_word' id='word_1_349' title='bbox 315 2383 412 2454; x_wconf 91' lang='lat' dir='ltr'><strong>gradu</strong></span> <span class='ocrx_word' id='word_1_350' title='bbox 433 2383 604 2453; x_wconf 88' lang='lat' dir='ltr'><strong>ceciderint,</strong></span> <span class='ocrx_word' id='word_1_351' title='bbox 626 2385 747 2455; x_wconf 87' lang='lat' dir='ltr'><strong>gravius</strong></span> <span class='ocrx_word' id='word_1_352' title='bbox 770 2381 929 2442; x_wconf 88' lang='lat' dir='ltr'><strong>elidantur.</strong></span> <span class='ocrx_word' id='word_1_353' title='bbox 984 2383 1145 2440; x_wconf 90' lang='lat' dir='ltr'><strong>ritudinem</strong></span> <span class='ocrx_word' id='word_1_354' title='bbox 1160 2383 1367 2456; x_wconf 86' lang='lat' dir='ltr'><strong>parvulorum.</strong></span> <span class='ocrx_word' id='word_1_355' title='bbox 1386 2389 1452 2458; x_wconf 86' lang='lat' dir='ltr'><strong>lpse</strong></span> <span class='ocrx_word' id='word_1_356' title='bbox 1476 2385 1546 2442; x_wconf 86' lang='lat' dir='ltr'><strong>tacit</strong></span> <span class='ocrx_word' id='word_1_357' title='bbox 1559 2390 1592 2442; x_wconf 91' lang='lat' dir='ltr'><strong>ut</strong></span> <span class='ocrx_word' id='word_1_358' title='bbox 1606 2385 1749 2443; x_wconf 89' lang='lat' dir='ltr'><strong>animalia</strong></span> <span class='ocrx_word' id='word_1_359' title='bbox 1761 2403 1813 2444; x_wconf 79' lang='lat' dir='ltr'><strong>vo</strong></span> 
     </span>
     <span class='ocr_line' id='line_1_27' title="bbox 104 2471 1812 2548; baseline 0.002 -20"><span class='ocrx_word' id='word_1_360' title='bbox 104 2471 160 2528; x_wconf 92' lang='lat' dir='ltr'><strong>Sed</strong></span> <span class='ocrx_word' id='word_1_361' title='bbox 174 2475 203 2528; x_wconf 87' lang='lat' dir='ltr'><strong>et</strong></span> <span class='ocrx_word' id='word_1_362' title='bbox 216 2486 272 2528; x_wconf 90' lang='lat' dir='ltr'><strong>nos</strong></span> <span class='ocrx_word' id='word_1_363' title='bbox 286 2471 459 2546; x_wconf 86' lang='lat' dir='ltr'><strong>quicunque</strong></span> <span class='ocrx_word' id='word_1_364' title='bbox 471 2473 665 2547; x_wconf 87' lang='lat' dir='ltr'><strong>deliquimus,</strong></span> <span class='ocrx_word' id='word_1_365' title='bbox 678 2474 762 2532; x_wconf 89' lang='lat' dir='ltr'><strong>nullo</strong></span> <span class='ocrx_word' id='word_1_366' title='bbox 782 2474 875 2531; x_wconf 94' lang='lat' dir='ltr'><strong>modo</strong></span> <span class='ocrx_word' id='word_1_367' title='bbox 891 2475 930 2532; x_wconf 89' lang='lat' dir='ltr'><strong>ah</strong></span> <span class='ocrx_word' id='word_1_368' title='bbox 983 2471 1045 2530; x_wconf 89' lang='lat' dir='ltr'><strong>lent</strong></span> <span class='ocrx_word' id='word_1_369' title='bbox 1059 2473 1256 2548; x_wconf 87' lang='lat' dir='ltr'><strong>sequentihus</strong></span> <span class='ocrx_word' id='word_1_370' title='bbox 1272 2473 1355 2544; x_wconf 91' lang='lat' dir='ltr'><strong>rotis,</strong></span> <span class='ocrx_word' id='word_1_371' title='bbox 1370 2471 1435 2547; x_wconf 89' lang='lat' dir='ltr'><strong>ipse</strong></span> <span class='ocrx_word' id='word_1_372' title='bbox 1455 2477 1487 2531; x_wconf 88' lang='lat' dir='ltr'><strong>ut</strong></span> <span class='ocrx_word' id='word_1_373' title='bbox 1502 2473 1598 2532; x_wconf 90' lang='lat' dir='ltr'><strong>stellio</strong></span> <span class='ocrx_word' id='word_1_374' title='bbox 1615 2474 1745 2532; x_wconf 90' lang='lat' dir='ltr'><strong>brachiis</strong></span> <span class='ocrx_word' id='word_1_375' title='bbox 1766 2475 1812 2532; x_wconf 92' lang='lat' dir='ltr'><strong>ni-</strong></span> 
     </span>
     <span class='ocr_line' id='line_1_28' title="bbox 103 2561 1811 2639; baseline 0.002 -22"><span class='ocrx_word' id='word_1_376' title='bbox 103 2561 255 2635; x_wconf 90' lang='lat' dir='ltr'><strong>speranda</strong></span> <span class='ocrx_word' id='word_1_377' title='bbox 268 2561 424 2620; x_wconf 87' lang='lat' dir='ltr'><strong>clementia</strong></span> <span class='ocrx_word' id='word_1_378' title='bbox 447 2563 646 2634; x_wconf 84' lang='lat' dir='ltr'><strong>deficiamus;</strong></span> <span class='ocrx_word' id='word_1_379' title='bbox 674 2565 747 2639; x_wconf 89' lang='lat' dir='ltr'><strong>quia</strong></span> <span class='ocrx_word' id='word_1_380' title='bbox 770 2565 875 2622; x_wconf 86' lang='lat' dir='ltr'><strong>vivens</strong></span> <span class='ocrx_word' id='word_1_381' title='bbox 902 2570 932 2623; x_wconf 91' lang='lat' dir='ltr'><strong>et</strong></span> <span class='ocrx_word' id='word_1_382' title='bbox 983 2565 1048 2620; x_wconf 90' lang='lat' dir='ltr'><strong>tens</strong></span> <span class='ocrx_word' id='word_1_383' title='bbox 1060 2563 1232 2620; x_wconf 90' lang='lat' dir='ltr'><strong>moreturin</strong></span> <span class='ocrx_word' id='word_1_384' title='bbox 1247 2562 1363 2620; x_wconf 76' lang='lat' dir='ltr'><strong>sedibus</strong></span> <span class='ocrx_word' id='word_1_385' title='bbox 1377 2561 1466 2634; x_wconf 89' lang='lat' dir='ltr'><strong>regis.</strong></span> <span class='ocrx_word' id='word_1_386' title='bbox 1476 2562 1509 2620; x_wconf 84' lang='lat' dir='ltr'><strong>Et</strong></span> <span class='ocrx_word' id='word_1_387' title='bbox 1519 2563 1566 2621; x_wconf 90' lang='lat' dir='ltr'><strong>cui</strong></span> <span class='ocrx_word' id='word_1_388' title='bbox 1577 2563 1755 2638; x_wconf 87' lang='lat' dir='ltr'><strong>patriarchis</strong></span> <span class='ocrx_word' id='word_1_389' title='bbox 1765 2565 1811 2622; x_wconf 86' lang='lat' dir='ltr'><strong>vel</strong></span> 
     </span>
     <span class='ocr_line' id='line_1_29' title="bbox 90 2651 1814 2726; baseline 0.002 -22"><span class='ocrx_word' id='word_1_390' title='bbox 90 2655 171 2724; x_wconf 82' lang='lat' dir='ltr'><strong>post</strong></span> <span class='ocrx_word' id='word_1_391' title='bbox 184 2651 298 2708; x_wconf 92' lang='lat' dir='ltr'><strong>obitum</strong></span> <span class='ocrx_word' id='word_1_392' title='bbox 314 2656 449 2709; x_wconf 80' lang='lat' dir='ltr'><strong>mortuas</strong></span> <span class='ocrx_word' id='word_1_393' title='bbox 461 2654 621 2719; x_wconf 85' lang='lat' dir='ltr'><strong>suscitavit,</strong></span> <span class='ocrx_word' id='word_1_394' title='bbox 641 2655 794 2713; x_wconf 85' lang='lat' dir='ltr'><strong>confracta</strong></span> <span class='ocrx_word' id='word_1_395' title='bbox 816 2659 931 2713; x_wconf 89' lang='lat' dir='ltr'><strong>restau-</strong></span> <span class='ocrx_word' id='word_1_396' title='bbox 982 2653 1135 2726; x_wconf 72' lang='lat' dir='ltr'><strong>prophete</strong></span> <span class='ocrx_word' id='word_1_397' title='bbox 1150 2653 1330 2722; x_wconf 90' lang='lat' dir='ltr'><strong>cecinerunt,</strong></span> <span class='ocrx_word' id='word_1_398' title='bbox 1341 2653 1406 2725; x_wconf 86' lang='lat' dir='ltr'><strong>ejus</strong></span> <span class='ocrx_word' id='word_1_399' title='bbox 1417 2652 1523 2710; x_wconf 88' lang='lat' dir='ltr'><strong>laudes</strong></span> <span class='ocrx_word' id='word_1_400' title='bbox 1536 2652 1729 2710; x_wconf 78' lang='lat' dir='ltr'><strong>Hebraeorum</strong></span> <span class='ocrx_word' id='word_1_401' title='bbox 1741 2666 1814 2725; x_wconf 91' lang='lat' dir='ltr'><strong>pue·</strong></span> 
     </span>
     <span class='ocr_line' id='line_1_30' title="bbox 101 2739 1813 2814; baseline 0.001 -18"><span class='ocrx_word' id='word_1_402' title='bbox 101 2740 188 2808; x_wconf 89' lang='lat' dir='ltr'><strong>ravit,</strong></span> <span class='ocrx_word' id='word_1_403' title='bbox 204 2739 362 2814; x_wconf 89' lang='lat' dir='ltr'><strong>desperata</strong></span> <span class='ocrx_word' id='word_1_404' title='bbox 372 2743 496 2800; x_wconf 87' lang='lat' dir='ltr'><strong>curavit.</strong></span> <span class='ocrx_word' id='word_1_405' title='bbox 981 2742 1006 2798; x_wconf 91' lang='lat' dir='ltr'><strong>ri</strong></span> <span class='ocrx_word' id='word_1_406' title='bbox 1021 2741 1233 2798; x_wconf 89' lang='lat' dir='ltr'><strong>clamaverunt.</strong></span> <span class='ocrx_word' id='word_1_407' title='bbox 1247 2744 1363 2814; x_wconf 76' lang='lat' dir='ltr'><strong>litargo</strong></span> <span class='ocrx_word' id='word_1_408' title='bbox 1377 2741 1460 2798; x_wconf 90' lang='lat' dir='ltr'><strong>dedit</strong></span> <span class='ocrx_word' id='word_1_409' title='bbox 1469 2741 1646 2798; x_wconf 88' lang='lat' dir='ltr'><strong>excellentes</strong></span> <span class='ocrx_word' id='word_1_410' title='bbox 1657 2742 1745 2813; x_wconf 87' lang='lat' dir='ltr'><strong>viros,</strong></span> <span class='ocrx_word' id='word_1_411' title='bbox 1759 2739 1813 2814; x_wconf 91' lang='lat' dir='ltr'><strong>qui</strong></span> 
     </span>
     <span class='ocr_line' id='line_1_31' title="bbox 140 2823 1812 2910; baseline -0.001 -24"><span class='ocrx_word' id='word_1_412' title='bbox 140 2825 172 2886; x_wconf 84' lang='lat' dir='ltr'><strong>Et</strong></span> <span class='ocrx_word' id='word_1_413' title='bbox 185 2823 323 2904; x_wconf 85' lang='lat' dir='ltr'><strong>quamvis</strong></span> <span class='ocrx_word' id='word_1_414' title='bbox 339 2846 399 2888; x_wconf 90' lang='lat' dir='ltr'><strong>non</strong></span> <span class='ocrx_word' id='word_1_415' title='bbox 414 2823 572 2888; x_wconf 81' lang='lat' dir='ltr'><strong>fecerimus</strong></span> <span class='ocrx_word' id='word_1_416' title='bbox 586 2829 857 2904; x_wconf 83' lang='lat' dir='ltr'><strong>ejusvcluntetem,</strong></span> <span class='ocrx_word' id='word_1_417' title='bbox 872 2834 929 2890; x_wconf 89' lang='lat' dir='ltr'><strong>Do·</strong></span> <span class='ocrx_word' id='word_1_418' title='bbox 961 2905 964 2910; x_wconf 28' lang='grc' dir='ltr'>Ι</span> <span class='ocrx_word' id='word_1_419' title='bbox 983 2829 1143 2886; x_wconf 87' lang='lat' dir='ltr'><strong>mandatas</strong></span> <span class='ocrx_word' id='word_1_420' title='bbox 1159 2829 1301 2886; x_wconf 86' lang='lat' dir='ltr'><strong>excubias</strong></span> <span class='ocrx_word' id='word_1_421' title='bbox 1314 2829 1457 2886; x_wconf 88' lang='lat' dir='ltr'><strong>ducentes</strong></span> <span class='ocrx_word' id='word_1_422' title='bbox 1471 2829 1502 2886; x_wconf 97' lang='lat' dir='ltr'><strong>in</strong></span> <span class='ocrx_word' id='word_1_423' title='bbox 1514 2827 1637 2886; x_wconf 92' lang='lat' dir='ltr'><strong>laudem</strong></span> <span class='ocrx_word' id='word_1_424' title='bbox 1652 2827 1732 2886; x_wconf 89' lang='lat' dir='ltr'><strong>beati</strong></span> <span class='ocrx_word' id='word_1_425' title='bbox 1742 2829 1812 2886; x_wconf 74' lang='lat' dir='ltr'><strong>liar</strong></span> 
     </span>
     <span class='ocr_line' id='line_1_32' title="bbox 101 2915 1811 2998; baseline -0.001 -25"><span class='ocrx_word' id='word_1_426' title='bbox 101 2917 219 2974; x_wconf 91' lang='lat' dir='ltr'><strong>minum</strong></span> <span class='ocrx_word' id='word_1_427' title='bbox 232 2921 333 2974; x_wconf 88' lang='lat' dir='ltr'><strong>tamen</strong></span> <span class='ocrx_word' id='word_1_428' title='bbox 347 2918 525 2982; x_wconf 89' lang='lat' dir='ltr'><strong>invocemus</strong></span> <span class='ocrx_word' id='word_1_429' title='bbox 537 2935 619 2987; x_wconf 90' lang='lat' dir='ltr'><strong>eum,</strong></span> <span class='ocrx_word' id='word_1_430' title='bbox 631 2919 727 2976; x_wconf 91' lang='lat' dir='ltr'><strong>etsint</strong></span> <span class='ocrx_word' id='word_1_431' title='bbox 740 2919 818 2978; x_wconf 92' lang='lat' dir='ltr'><strong>oculi</strong></span> <span class='ocrx_word' id='word_1_432' title='bbox 832 2917 928 2977; x_wconf 89' lang='lat' dir='ltr'><strong>nostri</strong></span> <span class='ocrx_word' id='word_1_433' title='bbox 949 2940 969 2998; x_wconf 73' lang='lat' dir='ltr'><strong>c</strong></span> <span class='ocrx_word' id='word_1_434' title='bbox 983 2918 1035 2975; x_wconf 90' lang='lat' dir='ltr'><strong>tini</strong></span> <span class='ocrx_word' id='word_1_435' title='bbox 1051 2917 1145 2975; x_wconf 89' lang='lat' dir='ltr'><strong>inulto</strong></span> <span class='ocrx_word' id='word_1_436' title='bbox 1172 2917 1311 2974; x_wconf 91' lang='lat' dir='ltr'><strong>nobiliter</strong></span> <span class='ocrx_word' id='word_1_437' title='bbox 1324 2917 1503 2998; x_wconf 56' lang='lat' dir='ltr'><strong>scribor-eng</strong></span> <span class='ocrx_word' id='word_1_438' title='bbox 1522 2917 1564 2974; x_wconf 88' lang='lat' dir='ltr'><strong>ita</strong></span> <span class='ocrx_word' id='word_1_439' title='bbox 1577 2915 1704 2973; x_wconf 89' lang='lat' dir='ltr'><strong>infirmis</strong></span> <span class='ocrx_word' id='word_1_440' title='bbox 1716 2931 1811 2988; x_wconf 82' lang='lat' dir='ltr'><strong>pries-</strong></span> 
     </span>
     <span class='ocr_line' id='line_1_33' title="bbox 100 3003 1812 3081; baseline -0.002 -19"><span class='ocrx_word' id='word_1_441' title='bbox 100 3007 132 3062; x_wconf 92' lang='lat' dir='ltr'><strong>iu</strong></span> <span class='ocrx_word' id='word_1_442' title='bbox 148 3005 288 3062; x_wconf 91' lang='lat' dir='ltr'><strong>manibus</strong></span> <span class='ocrx_word' id='word_1_443' title='bbox 301 3006 366 3078; x_wconf 85' lang='lat' dir='ltr'><strong>ejus</strong></span> <span class='ocrx_word' id='word_1_444' title='bbox 381 3005 577 3075; x_wconf 89' lang='lat' dir='ltr'><strong>intendentes,</strong></span> <span class='ocrx_word' id='word_1_445' title='bbox 593 3007 690 3065; x_wconf 89' lang='lat' dir='ltr'><strong>donec</strong></span> <span class='ocrx_word' id='word_1_446' title='bbox 709 3008 774 3081; x_wconf 89' lang='lat' dir='ltr'><strong>ipse</strong></span> <span class='ocrx_word' id='word_1_447' title='bbox 800 3024 871 3066; x_wconf 87' lang='lat' dir='ltr'><strong>suos</strong></span> <span class='ocrx_word' id='word_1_448' title='bbox 887 3013 930 3066; x_wconf 88' lang='lat' dir='ltr'><strong>at·</strong></span> <span class='ocrx_word' id='word_1_449' title='bbox 982 3011 1044 3063; x_wconf 88' lang='lat' dir='ltr'><strong>tare</strong></span> <span class='ocrx_word' id='word_1_450' title='bbox 1067 3007 1216 3077; x_wconf 87' lang='lat' dir='ltr'><strong>dignetur,</strong></span> <span class='ocrx_word' id='word_1_451' title='bbox 1241 3009 1274 3062; x_wconf 90' lang='grc' dir='ltr'><strong>ιιι</strong></span> <span class='ocrx_word' id='word_1_452' title='bbox 1303 3005 1410 3062; x_wconf 89' lang='lat' dir='ltr'><strong>saltem</strong></span> <span class='ocrx_word' id='word_1_453' title='bbox 1438 3004 1517 3062; x_wconf 88' lang='lat' dir='ltr'><strong>velut</strong></span> <span class='ocrx_word' id='word_1_454' title='bbox 1541 3019 1632 3061; x_wconf 89' lang='lat' dir='ltr'><strong>canes</strong></span> <span class='ocrx_word' id='word_1_455' title='bbox 1656 3003 1812 3060; x_wconf 90' lang='lat' dir='ltr'><strong>modicum</strong></span> 
     </span>
     <span class='ocr_line' id='line_1_34' title="bbox 99 3093 1455 3170; baseline -0.001 -18"><span class='ocrx_word' id='word_1_456' title='bbox 99 3095 185 3152; x_wconf 89' lang='lat' dir='ltr'><strong>tollat</strong></span> <span class='ocrx_word' id='word_1_457' title='bbox 203 3111 294 3170; x_wconf 87' lang='lat' dir='ltr'><strong>super</strong></span> <span class='ocrx_word' id='word_1_458' title='bbox 321 3111 388 3164; x_wconf 92' lang='lat' dir='ltr'><strong>nos,</strong></span> <span class='ocrx_word' id='word_1_459' title='bbox 415 3100 444 3152; x_wconf 90' lang='lat' dir='ltr'><strong>et</strong></span> <span class='ocrx_word' id='word_1_460' title='bbox 459 3096 634 3153; x_wconf 88' lang='lat' dir='ltr'><strong>misereatur</strong></span> <span class='ocrx_word' id='word_1_461' title='bbox 650 3097 753 3154; x_wconf 89' lang='lat' dir='ltr'><strong>nostri.</strong></span> <span class='ocrx_word' id='word_1_462' title='bbox 775 3097 815 3156; x_wconf 89' lang='lat' dir='ltr'><strong>sii</strong></span> <span class='ocrx_word' id='word_1_463' title='bbox 838 3097 937 3155; x_wconf 88' lang='lat' dir='ltr'><strong>nobis&#39;</strong></span> <span class='ocrx_word' id='word_1_464' title='bbox 981 3095 1056 3169; x_wconf 88' lang='lat' dir='ltr'><strong>quid</strong></span> <span class='ocrx_word' id='word_1_465' title='bbox 1069 3111 1125 3170; x_wconf 90' lang='lat' dir='ltr'><strong>pro</strong></span> <span class='ocrx_word' id='word_1_466' title='bbox 1139 3095 1204 3166; x_wconf 89' lang='lat' dir='ltr'><strong>ejus</strong></span> <span class='ocrx_word' id='word_1_467' title='bbox 1218 3093 1281 3151; x_wconf 89' lang='lat' dir='ltr'><strong>zelo</strong></span> <span class='ocrx_word' id='word_1_468' title='bbox 1298 3094 1455 3151; x_wconf 87' lang='lat' dir='ltr'><strong>delatrent.</strong></span> 
     </span>
     <span class='ocr_line' id='line_1_35' title="bbox 100 3179 1813 3258; baseline -0.001 -21"><span class='ocrx_word' id='word_1_469' title='bbox 100 3197 220 3256; x_wconf 89' lang='lat' dir='ltr'><strong>semper</strong></span> <span class='ocrx_word' id='word_1_470' title='bbox 246 3181 420 3240; x_wconf 86' lang='lat' dir='ltr'><strong>Benedictus</strong></span> <span class='ocrx_word' id='word_1_471' title='bbox 445 3183 476 3240; x_wconf 89' lang='lat' dir='ltr'><strong>iu</strong></span> <span class='ocrx_word' id='word_1_472' title='bbox 498 3185 599 3256; x_wconf 88' lang='lat' dir='ltr'><strong>corde,</strong></span> <span class='ocrx_word' id='word_1_473' title='bbox 624 3185 802 3242; x_wconf 88' lang='lat' dir='ltr'><strong>Benedictus</strong></span> <span class='ocrx_word' id='word_1_474' title='bbox 815 3187 846 3242; x_wconf 93' lang='lat' dir='ltr'><strong>in</strong></span> <span class='ocrx_word' id='word_1_475' title='bbox 864 3201 927 3258; x_wconf 90' lang='lat' dir='ltr'><strong>ore,</strong></span> <span class='ocrx_word' id='word_1_476' title='bbox 1017 3183 1143 3250; x_wconf 84' lang='lat' dir='ltr'><strong>Quando</strong></span> <span class='ocrx_word' id='word_1_477' title='bbox 1158 3184 1242 3256; x_wconf 88' lang='lat' dir='ltr'><strong>[quo]</strong></span> <span class='ocrx_word' id='word_1_478' title='bbox 1257 3183 1355 3257; x_wconf 90' lang='lat' dir='ltr'><strong>primo</strong></span> <span class='ocrx_word' id='word_1_479' title='bbox 1370 3183 1459 3253; x_wconf 91' lang='lat' dir='ltr'><strong>igitur</strong></span> <span class='ocrx_word' id='word_1_480' title='bbox 1472 3185 1562 3239; x_wconf 82' lang='lat' dir='ltr'><strong>tantae</strong></span> <span class='ocrx_word' id='word_1_481' title='bbox 1569 3179 1747 3238; x_wconf 89' lang='lat' dir='ltr'><strong>calamitatis</strong></span> <span class='ocrx_word' id='word_1_482' title='bbox 1762 3195 1813 3236; x_wconf 92' lang='lat' dir='ltr'><strong>ru-</strong></span> 
     </span>
     <span class='ocr_line' id='line_1_36' title="bbox 100 3269 1816 3348; baseline 0 -24"><span class='ocrx_word' id='word_1_483' title='bbox 100 3270 277 3327; x_wconf 86' lang='lat' dir='ltr'><strong>Benedictus</strong></span> <span class='ocrx_word' id='word_1_484' title='bbox 305 3275 384 3342; x_wconf 89' lang='lat' dir='ltr'><strong>actu,</strong></span> <span class='ocrx_word' id='word_1_485' title='bbox 404 3276 554 3345; x_wconf 88' lang='lat' dir='ltr'><strong>quatenus</strong></span> <span class='ocrx_word' id='word_1_486' title='bbox 574 3273 599 3330; x_wconf 90' lang='lat' dir='ltr'><strong>si</strong></span> <span class='ocrx_word' id='word_1_487' title='bbox 626 3289 689 3348; x_wconf 91' lang='lat' dir='ltr'><strong>qua</strong></span> <span class='ocrx_word' id='word_1_488' title='bbox 704 3273 805 3344; x_wconf 89' lang='lat' dir='ltr'><strong>virtus,</strong></span> <span class='ocrx_word' id='word_1_489' title='bbox 822 3273 846 3330; x_wconf 90' lang='lat' dir='ltr'><strong>si</strong></span> <span class='ocrx_word' id='word_1_490' title='bbox 865 3289 928 3347; x_wconf 87' lang='lat' dir='ltr'><strong>qua</strong></span> <span class='ocrx_word' id='word_1_491' title='bbox 981 3289 1057 3342; x_wconf 90' lang='lat' dir='ltr'><strong>mor,</strong></span> <span class='ocrx_word' id='word_1_492' title='bbox 1073 3277 1102 3330; x_wconf 88' lang='lat' dir='ltr'><strong>et</strong></span> <span class='ocrx_word' id='word_1_493' title='bbox 1120 3272 1235 3330; x_wconf 85' lang='lat' dir='ltr'><strong>vicinas</strong></span> <span class='ocrx_word' id='word_1_494' title='bbox 1249 3277 1279 3330; x_wconf 90' lang='lat' dir='ltr'><strong>et</strong></span> <span class='ocrx_word' id='word_1_495' title='bbox 1290 3271 1466 3330; x_wconf 89' lang='lat' dir='ltr'><strong>remotiores</strong></span> <span class='ocrx_word' id='word_1_496' title='bbox 1480 3287 1620 3344; x_wconf 90' lang='lat' dir='ltr'><strong>quasque</strong></span> <span class='ocrx_word' id='word_1_497' title='bbox 1643 3269 1816 3344; x_wconf 88' lang='lat' dir='ltr'><strong>provincias</strong></span> 
     </span>
     <span class='ocr_line' id='line_1_37' title="bbox 97 3359 1814 3435; baseline -0.001 -21"><span class='ocrx_word' id='word_1_498' title='bbox 97 3359 167 3415; x_wconf 85' lang='lat' dir='ltr'><strong>laus</strong></span> <span class='ocrx_word' id='word_1_499' title='bbox 185 3359 361 3432; x_wconf 79' lang='lat' dir='ltr'><strong>disciplina,</strong></span> <span class='ocrx_word' id='word_1_500' title='bbox 386 3365 418 3417; x_wconf 91' lang='lat' dir='ltr'><strong>ut</strong></span> <span class='ocrx_word' id='word_1_501' title='bbox 438 3361 513 3417; x_wconf 92' lang='lat' dir='ltr'><strong>illud</strong></span> <span class='ocrx_word' id='word_1_502' title='bbox 539 3361 738 3435; x_wconf 91' lang='lat' dir='ltr'><strong>apostolicum</strong></span> <span class='ocrx_word' id='word_1_503' title='bbox 766 3362 926 3434; x_wconf 88' lang='lat' dir='ltr'><strong>imitantes,</strong></span> <span class='ocrx_word' id='word_1_504' title='bbox 980 3361 1140 3435; x_wconf 88' lang='lat' dir='ltr'><strong>derepente</strong></span> <span class='ocrx_word' id='word_1_505' title='bbox 1154 3360 1330 3435; x_wconf 82' lang='lat' dir='ltr'><strong>pervolavit,</strong></span> <span class='ocrx_word' id='word_1_506' title='bbox 1345 3361 1452 3432; x_wconf 90' lang='lat' dir='ltr'><strong>ingens</strong></span> <span class='ocrx_word' id='word_1_507' title='bbox 1467 3363 1618 3417; x_wconf 74' lang='lat' dir='ltr'><strong>maeroret</strong></span> <span class='ocrx_word' id='word_1_508' title='bbox 1631 3359 1728 3415; x_wconf 91' lang='lat' dir='ltr'><strong>luctus</strong></span> <span class='ocrx_word' id='word_1_509' title='bbox 1747 3373 1814 3414; x_wconf 92' lang='lat' dir='ltr'><strong>om-</strong></span> 
     </span>
     <span class='ocr_line' id='line_1_38' title="bbox 97 3446 1811 3523; baseline -0.001 -20"><span class='ocrx_word' id='word_1_510' title='bbox 97 3463 167 3522; x_wconf 82' lang='lat' dir='ltr'><strong>qnse</strong></span> <span class='ocrx_word' id='word_1_511' title='bbox 180 3446 311 3505; x_wconf 90' lang='lat' dir='ltr'><strong>vidimus</strong></span> <span class='ocrx_word' id='word_1_512' title='bbox 324 3448 355 3505; x_wconf 94' lang='lat' dir='ltr'><strong>in</strong></span> <span class='ocrx_word' id='word_1_513' title='bbox 365 3448 426 3516; x_wconf 92' lang='lat' dir='ltr'><strong>illo,</strong></span> <span class='ocrx_word' id='word_1_514' title='bbox 439 3454 468 3507; x_wconf 89' lang='lat' dir='ltr'><strong>et</strong></span> <span class='ocrx_word' id='word_1_515' title='bbox 481 3450 651 3508; x_wconf 82' lang='lat' dir='ltr'><strong>audirimus</strong></span> <span class='ocrx_word' id='word_1_516' title='bbox 671 3449 703 3508; x_wconf 91' lang='lat' dir='ltr'><strong>in</strong></span> <span class='ocrx_word' id='word_1_517' title='bbox 717 3449 778 3522; x_wconf 90' lang='lat' dir='ltr'><strong>illo,</strong></span> <span class='ocrx_word' id='word_1_518' title='bbox 792 3455 821 3508; x_wconf 90' lang='lat' dir='ltr'><strong>et</strong></span> <span class='ocrx_word' id='word_1_519' title='bbox 843 3451 927 3509; x_wconf 87' lang='lat' dir='ltr'><strong>andi·</strong></span> <span class='ocrx_word' id='word_1_520' title='bbox 977 3451 1063 3509; x_wconf 90' lang='lat' dir='ltr'><strong>nium</strong></span> <span class='ocrx_word' id='word_1_521' title='bbox 1077 3450 1170 3508; x_wconf 89' lang='lat' dir='ltr'><strong>corda</strong></span> <span class='ocrx_word' id='word_1_522' title='bbox 1184 3450 1364 3523; x_wconf 85' lang='lat' dir='ltr'><strong>perstrinxit,</strong></span> <span class='ocrx_word' id='word_1_523' title='bbox 1376 3451 1418 3507; x_wconf 91' lang='lat' dir='ltr'><strong>ita</strong></span> <span class='ocrx_word' id='word_1_524' title='bbox 1428 3454 1470 3522; x_wconf 78' lang='lat' dir='ltr'><strong>ut,</strong></span> <span class='ocrx_word' id='word_1_525' title='bbox 1486 3449 1562 3506; x_wconf 89' lang='lat' dir='ltr'><strong>sicut</strong></span> <span class='ocrx_word' id='word_1_526' title='bbox 1573 3449 1663 3506; x_wconf 92' lang='lat' dir='ltr'><strong>nohis</strong></span> <span class='ocrx_word' id='word_1_527' title='bbox 1678 3447 1811 3505; x_wconf 87' lang='lat' dir='ltr'><strong>relatum</strong></span> 
     </span>
     <span class='ocr_line' id='line_1_39' title="bbox 97 3533 1809 3614; baseline 0 -21"><span class='ocrx_word' id='word_1_528' title='bbox 97 3537 198 3594; x_wconf 65' lang='lat' dir='ltr'><strong>unius</strong></span> <span class='ocrx_word' id='word_1_529' title='bbox 221 3537 261 3594; x_wconf 91' lang='lat' dir='ltr'><strong>ab</strong></span> <span class='ocrx_word' id='word_1_530' title='bbox 288 3537 349 3610; x_wconf 93' lang='lat' dir='ltr'><strong>illo,</strong></span> <span class='ocrx_word' id='word_1_531' title='bbox 379 3543 536 3608; x_wconf 88' lang='lat' dir='ltr'><strong>sectemur,</strong></span> <span class='ocrx_word' id='word_1_532' title='bbox 555 3544 589 3597; x_wconf 89' lang='lat' dir='ltr'><strong>ut</strong></span> <span class='ocrx_word' id='word_1_533' title='bbox 607 3539 766 3598; x_wconf 88' lang='lat' dir='ltr'><strong>nobiscnm</strong></span> <span class='ocrx_word' id='word_1_534' title='bbox 782 3540 819 3598; x_wconf 88' lang='lat' dir='ltr'><strong>sit</strong></span> <span class='ocrx_word' id='word_1_535' title='bbox 848 3533 926 3598; x_wconf 80' lang='lat' dir='ltr'><strong>llens</strong></span> <span class='ocrx_word' id='word_1_536' title='bbox 980 3545 1035 3612; x_wconf 89' lang='lat' dir='ltr'><strong>est,</strong></span> <span class='ocrx_word' id='word_1_537' title='bbox 1060 3556 1122 3597; x_wconf 94' lang='lat' dir='ltr'><strong>non</strong></span> <span class='ocrx_word' id='word_1_538' title='bbox 1149 3540 1248 3596; x_wconf 89' lang='lat' dir='ltr'><strong>solum</strong></span> <span class='ocrx_word' id='word_1_539' title='bbox 1273 3539 1399 3614; x_wconf 89' lang='lat' dir='ltr'><strong>quilibet</strong></span> <span class='ocrx_word' id='word_1_540' title='bbox 1427 3539 1579 3607; x_wconf 90' lang='lat' dir='ltr'><strong>rusticani,</strong></span> <span class='ocrx_word' id='word_1_541' title='bbox 1608 3537 1662 3613; x_wconf 91' lang='lat' dir='ltr'><strong>qui</strong></span> <span class='ocrx_word' id='word_1_542' title='bbox 1685 3537 1809 3594; x_wconf 91' lang='lat' dir='ltr'><strong>beatum</strong></span> 
     </span>
     <span class='ocr_line' id='line_1_40' title="bbox 97 3625 1813 3703; baseline 0.001 -21"><span class='ocrx_word' id='word_1_543' title='bbox 97 3626 182 3701; x_wconf 87' lang='lat' dir='ltr'><strong>pacis</strong></span> <span class='ocrx_word' id='word_1_544' title='bbox 192 3642 246 3700; x_wconf 89' lang='lat' dir='ltr'><strong>per</strong></span> <span class='ocrx_word' id='word_1_545' title='bbox 258 3626 371 3699; x_wconf 90' lang='lat' dir='ltr'><strong>ipsum,</strong></span> <span class='ocrx_word' id='word_1_546' title='bbox 386 3627 416 3684; x_wconf 94' lang='lat' dir='ltr'><strong>in</strong></span> <span class='ocrx_word' id='word_1_547' title='bbox 431 3628 542 3686; x_wconf 79' lang='lat' dir='ltr'><strong>saecula</strong></span> <span class='ocrx_word' id='word_1_548' title='bbox 554 3628 744 3686; x_wconf 78' lang='lat' dir='ltr'><strong>secutorum.</strong></span> <span class='ocrx_word' id='word_1_549' title='bbox 759 3633 866 3687; x_wconf 81' lang='lat' dir='ltr'><strong>limen.</strong></span> <span class='ocrx_word' id='word_1_550' title='bbox 979 3631 1078 3687; x_wconf 86' lang='lat' dir='ltr'><strong>virum</strong></span> <span class='ocrx_word' id='word_1_551' title='bbox 1088 3629 1178 3703; x_wconf 89' lang='lat' dir='ltr'><strong>quasi</strong></span> <span class='ocrx_word' id='word_1_552' title='bbox 1191 3629 1371 3702; x_wconf 87' lang='lat' dir='ltr'><strong>peculiarius</strong></span> <span class='ocrx_word' id='word_1_553' title='bbox 1381 3629 1503 3700; x_wconf 72' lang='lat' dir='ltr'><strong>diligere</strong></span> <span class='ocrx_word' id='word_1_554' title='bbox 1518 3631 1749 3698; x_wconf 87' lang='lat' dir='ltr'><strong>consueverunt,</strong></span> <span class='ocrx_word' id='word_1_555' title='bbox 1760 3625 1813 3684; x_wconf 90' lang='lat' dir='ltr'><strong>sed</strong></span> 
     </span>
     <span class='ocr_line' id='line_1_41' title="bbox 397 3717 1810 3792; baseline -0.002 -17"><span class='ocrx_word' id='word_1_556' title='bbox 397 3743 400 3750; x_wconf 92' lang='lat'>·</span> <span class='ocrx_word' id='word_1_557' title='bbox 423 3735 538 3792; x_wconf 71' lang='lat' dir='ltr'><strong>gggpo</strong></span> <span class='ocrx_word' id='word_1_558' title='bbox 558 3737 602 3792; x_wconf 68' lang='lat' dir='ltr'><strong>lv,</strong></span> <span class='ocrx_word' id='word_1_559' title='bbox 632 3767 637 3782; x_wconf 85' lang='lat'><em>.</em></span> <span class='ocrx_word' id='word_1_560' title='bbox 980 3723 1009 3776; x_wconf 89' lang='lat' dir='ltr'><strong>et</strong></span> <span class='ocrx_word' id='word_1_561' title='bbox 1027 3718 1185 3792; x_wconf 90' lang='lat' dir='ltr'><strong>optimates</strong></span> <span class='ocrx_word' id='word_1_562' title='bbox 1199 3717 1312 3791; x_wconf 92' lang='lat' dir='ltr'><strong>quique</strong></span> <span class='ocrx_word' id='word_1_563' title='bbox 1325 3717 1494 3790; x_wconf 86' lang='lat' dir='ltr'><strong>lacrymati,</strong></span> <span class='ocrx_word' id='word_1_564' title='bbox 1520 3717 1594 3790; x_wconf 90' lang='lat' dir='ltr'><strong>quin</strong></span> <span class='ocrx_word' id='word_1_565' title='bbox 1608 3717 1699 3773; x_wconf 88' lang='lat' dir='ltr'><strong>etiam</strong></span> <span class='ocrx_word' id='word_1_566' title='bbox 1712 3721 1740 3772; x_wconf 89' lang='lat' dir='ltr'><strong>at</strong></span> <span class='ocrx_word' id='word_1_567' title='bbox 1763 3731 1810 3771; x_wconf 90' lang='lat' dir='ltr'><strong>re·</strong></span> 
     </span>
     <span class='ocr_line' id='line_1_42' title="bbox 202 3801 1815 3879; baseline -0.001 -19"><span class='ocrx_word' id='word_1_568' title='bbox 202 3821 235 3860; x_wconf 84' lang='lat' dir='ltr'><strong>or</strong></span> <span class='ocrx_word' id='word_1_569' title='bbox 254 3821 441 3862; x_wconf 76' lang='lat' dir='ltr'><strong>consessione</strong></span> <span class='ocrx_word' id='word_1_570' title='bbox 461 3821 593 3862; x_wconf 78' lang='lat' dir='ltr'><strong>sisinius</strong></span> <span class='ocrx_word' id='word_1_571' title='bbox 609 3822 686 3862; x_wconf 79' lang='lat' dir='ltr'><strong>seiri</strong></span> <span class='ocrx_word' id='word_1_572' title='bbox 706 3821 829 3862; x_wconf 76' lang='lat' dir='ltr'><strong>sarriri.</strong></span> <span class='ocrx_word' id='word_1_573' title='bbox 980 3801 1152 3879; x_wconf 82' lang='lat' dir='ltr'><strong>ges‚iuisse</strong></span> <span class='ocrx_word' id='word_1_574' title='bbox 1182 3805 1329 3862; x_wconf 90' lang='lat' dir='ltr'><strong>dicantur.</strong></span> <span class='ocrx_word' id='word_1_575' title='bbox 1360 3805 1475 3872; x_wconf 87' lang='lat' dir='ltr'><strong>Quibus</strong></span> <span class='ocrx_word' id='word_1_576' title='bbox 1502 3804 1643 3878; x_wconf 89' lang='lat' dir='ltr'><strong>equidem</strong></span> <span class='ocrx_word' id='word_1_577' title='bbox 1675 3803 1738 3860; x_wconf 85' lang='lat' dir='ltr'><strong>vim</strong></span> <span class='ocrx_word' id='word_1_578' title='bbox 1762 3803 1815 3860; x_wconf 88' lang='lat' dir='ltr'><strong>do·</strong></span> 
     </span>
     <span class='ocr_line' id='line_1_43' title="bbox 135 3888 1813 3968; baseline -0.001 -18"><span class='ocrx_word' id='word_1_579' title='bbox 135 3893 267 3968; x_wconf 81' lang='lat' dir='ltr'><strong>Exigitis,</strong></span> <span class='ocrx_word' id='word_1_580' title='bbox 277 3893 393 3952; x_wconf 90' lang='lat' dir='ltr'><strong>domini</strong></span> <span class='ocrx_word' id='word_1_581' title='bbox 404 3895 474 3958; x_wconf 86' lang='lat' dir='ltr'><strong>mci,</strong></span> <span class='ocrx_word' id='word_1_582' title='bbox 490 3894 596 3952; x_wconf 84' lang='lat' dir='ltr'><strong>divites</strong></span> <span class='ocrx_word' id='word_1_583' title='bbox 610 3895 927 3968; x_wconf 89' lang='lat' dir='ltr'><strong>inopem,eloquentes</strong></span> <span class='ocrx_word' id='word_1_584' title='bbox 980 3888 1053 3952; x_wconf 91' lang='lat' dir='ltr'><strong>loris</strong></span> <span class='ocrx_word' id='word_1_585' title='bbox 1066 3895 1124 3952; x_wconf 93' lang='lat' dir='ltr'><strong>hoc</strong></span> <span class='ocrx_word' id='word_1_586' title='bbox 1140 3893 1272 3951; x_wconf 85' lang='lat' dir='ltr'><strong>maxime</strong></span> <span class='ocrx_word' id='word_1_587' title='bbox 1286 3893 1500 3964; x_wconf 86' lang='lat' dir='ltr'><strong>exaggerabat,</strong></span> <span class='ocrx_word' id='word_1_588' title='bbox 1527 3893 1611 3964; x_wconf 93' lang='lat' dir='ltr'><strong>quod</strong></span> <span class='ocrx_word' id='word_1_589' title='bbox 1625 3893 1732 3948; x_wconf 89' lang='lat' dir='ltr'><strong>eadem</strong></span> <span class='ocrx_word' id='word_1_590' title='bbox 1759 3891 1813 3948; x_wconf 93' lang='lat' dir='ltr'><strong>do-</strong></span> 
     </span>
     <span class='ocr_line' id='line_1_44' title="bbox 97 3978 1811 4058; baseline -0.005 -17"><span class='ocrx_word' id='word_1_591' title='bbox 97 3983 260 4054; x_wconf 88' lang='lat' dir='ltr'><strong>elinguem.</strong></span> <span class='ocrx_word' id='word_1_592' title='bbox 270 3988 344 4041; x_wconf 87' lang='lat' dir='ltr'><strong>Nam</strong></span> <span class='ocrx_word' id='word_1_593' title='bbox 359 3984 430 4058; x_wconf 92' lang='lat' dir='ltr'><strong>qiiia</strong></span> <span class='ocrx_word' id='word_1_594' title='bbox 443 3999 540 4056; x_wconf 87' lang='lat' dir='ltr'><strong>nuper</strong></span> <span class='ocrx_word' id='word_1_595' title='bbox 553 3983 711 4041; x_wconf 88' lang='lat' dir='ltr'><strong>basilicam</strong></span> <span class='ocrx_word' id='word_1_596' title='bbox 727 3985 799 4055; x_wconf 73' lang='lat' dir='ltr'><strong>(lii)</strong></span> <span class='ocrx_word' id='word_1_597' title='bbox 823 3983 927 4040; x_wconf 92' lang='lat' dir='ltr'><strong>domni</strong></span> <span class='ocrx_word' id='word_1_598' title='bbox 981 4000 1050 4041; x_wconf 90' lang='lat' dir='ltr'><strong>mus</strong></span> <span class='ocrx_word' id='word_1_599' title='bbox 1061 3986 1130 4039; x_wconf 87' lang='lat' dir='ltr'><strong>ante</strong></span> <span class='ocrx_word' id='word_1_600' title='bbox 1139 3997 1200 4037; x_wconf 91' lang='lat' dir='ltr'><strong>non</strong></span> <span class='ocrx_word' id='word_1_601' title='bbox 1210 3981 1322 4038; x_wconf 86' lang='lat' dir='ltr'><strong>multos</strong></span> <span class='ocrx_word' id='word_1_602' title='bbox 1335 3996 1431 4038; x_wconf 89' lang='lat' dir='ltr'><strong>annos</strong></span> <span class='ocrx_word' id='word_1_603' title='bbox 1441 3979 1601 4036; x_wconf 88' lang='lat' dir='ltr'><strong>combusta</strong></span> <span class='ocrx_word' id='word_1_604' title='bbox 1613 3978 1710 4036; x_wconf 85' lang='lat' dir='ltr'><strong>iuerat</strong></span> <span class='ocrx_word' id='word_1_605' title='bbox 1724 3979 1811 4048; x_wconf 78' lang='lat'>(¹25):</span> 
     </span>
     <span class='ocr_line' id='line_1_45' title="bbox 96 4063 1813 4143; baseline -0.005 -15"><span class='ocrx_word' id='word_1_606' title='bbox 96 4074 194 4129; x_wconf 87' lang='lat' dir='ltr'><strong>nostri</strong></span> <span class='ocrx_word' id='word_1_607' title='bbox 207 4073 319 4131; x_wconf 87' lang='lat' dir='ltr'><strong>tlartini</strong></span> <span class='ocrx_word' id='word_1_608' title='bbox 334 4073 574 4130; x_wconf 89' lang='lat' dir='ltr'><strong>flammadenuo</strong></span> <span class='ocrx_word' id='word_1_609' title='bbox 589 4075 715 4143; x_wconf 86' lang='lat' dir='ltr'><strong>voravit,</strong></span> <span class='ocrx_word' id='word_1_610' title='bbox 730 4077 759 4130; x_wconf 89' lang='lat' dir='ltr'><strong>et</strong></span> <span class='ocrx_word' id='word_1_611' title='bbox 770 4073 828 4130; x_wconf 90' lang='lat' dir='ltr'><strong>hac</strong></span> <span class='ocrx_word' id='word_1_612' title='bbox 842 4088 927 4130; x_wconf 89' lang='lat' dir='ltr'><strong>occa·</strong></span> <span class='ocrx_word' id='word_1_613' title='bbox 982 4076 1011 4129; x_wconf 90' lang='lat' dir='ltr'><strong>et</strong></span> <span class='ocrx_word' id='word_1_614' title='bbox 1024 4085 1106 4127; x_wconf 91' lang='lat' dir='ltr'><strong>nunc</strong></span> <span class='ocrx_word' id='word_1_615' title='bbox 1120 4068 1215 4126; x_wconf 93' lang='lat' dir='ltr'><strong>multo</strong></span> <span class='ocrx_word' id='word_1_616' title='bbox 1240 4073 1374 4142; x_wconf 88' lang='lat' dir='ltr'><strong>sumptu,</strong></span> <span class='ocrx_word' id='word_1_617' title='bbox 1399 4067 1555 4141; x_wconf 90' lang='lat' dir='ltr'><strong>multaque</strong></span> <span class='ocrx_word' id='word_1_618' title='bbox 1581 4081 1706 4123; x_wconf 89' lang='lat' dir='ltr'><strong>suorum</strong></span> <span class='ocrx_word' id='word_1_619' title='bbox 1726 4063 1813 4121; x_wconf 92' lang='lat' dir='ltr'><strong>indu·</strong></span> 
     </span>
    </p>
   </div>
   <div class='ocr_carea' id='block_1_3' title="bbox 94 4209 1815 5678">
    <p class='ocr_par' dir='ltr' id='par_1_3' title="bbox 94 4209 1815 5678">
     <span class='ocr_line' id='line_1_46' title="bbox 134 4209 1814 4289; baseline -0.005 -19"><span class='ocrx_word' id='word_1_620' title='bbox 134 4217 210 4284; x_wconf 82' lang='lat' dir='ltr'><strong>(iet)</strong></span> <span class='ocrx_word' id='word_1_621' title='bbox 233 4217 397 4273; x_wconf 81' lang='lat' dir='ltr'><strong>Basilicam</strong></span> <span class='ocrx_word' id='word_1_622' title='bbox 419 4216 523 4272; x_wconf 82' lang='lat' dir='ltr'><strong>domni</strong></span> <span class='ocrx_word' id='word_1_623' title='bbox 536 4216 665 4274; x_wconf 79' lang='lat' dir='ltr'><strong>Martini</strong></span> <span class='ocrx_word' id='word_1_624' title='bbox 682 4217 805 4286; x_wconf 77' lang='lat' dir='ltr'><strong>(lamina</strong></span> <span class='ocrx_word' id='word_1_625' title='bbox 829 4217 926 4272; x_wconf 82' lang='lat' dir='ltr'><strong>denuo</strong></span> <span class='ocrx_word' id='word_1_626' title='bbox 983 4214 1057 4270; x_wconf 78' lang='lat' dir='ltr'><strong>nicae</strong></span> <span class='ocrx_word' id='word_1_627' title='bbox 1072 4215 1135 4282; x_wconf 72' lang='grc'><strong>994,</strong></span> <span class='ocrx_word' id='word_1_628' title='bbox 1146 4209 1269 4268; x_wconf 89' lang='lat' dir='ltr'><strong>ecelesia</strong></span> <span class='ocrx_word' id='word_1_629' title='bbox 1280 4210 1360 4268; x_wconf 88' lang='lat' dir='ltr'><strong>beati</strong></span> <span class='ocrx_word' id='word_1_630' title='bbox 1373 4209 1486 4268; x_wconf 80' lang='lat' dir='ltr'><strong>Martini</strong></span> <span class='ocrx_word' id='word_1_631' title='bbox 1503 4209 1814 4289; x_wconf 73' lang='lat' dir='ltr'><strong>iterumconcremata</strong></span> 
     </span>
     <span class='ocr_line' id='line_1_47' title="bbox 97 4277 1813 4363; baseline -0.005 -22"><span class='ocrx_word' id='word_1_632' title='bbox 97 4287 226 4342; x_wconf 79' lang='grc' dir='ltr'>υοναιιιι.</span> <span class='ocrx_word' id='word_1_633' title='bbox 237 4290 298 4344; x_wconf 84' lang='lat' dir='ltr'><strong>Non</strong></span> <span class='ocrx_word' id='word_1_634' title='bbox 310 4287 412 4349; x_wconf 91' lang='lat' dir='ltr'><strong>semel,</strong></span> <span class='ocrx_word' id='word_1_635' title='bbox 427 4285 479 4342; x_wconf 87' lang='lat' dir='ltr'><strong>sed</strong></span> <span class='ocrx_word' id='word_1_636' title='bbox 487 4286 597 4359; x_wconf 90' lang='lat' dir='ltr'><strong>pluries</strong></span> <span class='ocrx_word' id='word_1_637' title='bbox 607 4287 734 4343; x_wconf 87' lang='lat' dir='ltr'><strong>ecclesia</strong></span> <span class='ocrx_word' id='word_1_638' title='bbox 749 4287 842 4343; x_wconf 89' lang='lat' dir='ltr'><strong>sancti</strong></span> <span class='ocrx_word' id='word_1_639' title='bbox 855 4289 928 4343; x_wconf 77' lang='lat' dir='ltr'><strong>llar-</strong></span> <span class='ocrx_word' id='word_1_640' title='bbox 948 4287 968 4342; x_wconf 84' lang='lat' dir='ltr'><strong>tl</strong></span> <span class='ocrx_word' id='word_1_641' title='bbox 984 4290 1104 4341; x_wconf 87' lang='lat' dir='ltr'><strong>estune</strong></span> <span class='ocrx_word' id='word_1_642' title='bbox 1123 4298 1192 4340; x_wconf 88' lang='lat' dir='ltr'><strong>cum</strong></span> <span class='ocrx_word' id='word_1_643' title='bbox 1203 4286 1301 4338; x_wconf 90' lang='lat' dir='ltr'><strong>castro</strong></span> <span class='ocrx_word' id='word_1_644' title='bbox 1315 4281 1355 4338; x_wconf 90' lang='lat' dir='ltr'><strong>ab</strong></span> <span class='ocrx_word' id='word_1_645' title='bbox 1365 4281 1489 4363; x_wconf 85' lang='lat' dir='ltr'><strong>oriente,</strong></span> <span class='ocrx_word' id='word_1_646' title='bbox 1504 4279 1594 4336; x_wconf 91' lang='lat' dir='ltr'><strong>afine</strong></span> <span class='ocrx_word' id='word_1_647' title='bbox 1607 4283 1701 4335; x_wconf 91' lang='lat' dir='ltr'><strong>sancti</strong></span> <span class='ocrx_word' id='word_1_648' title='bbox 1714 4277 1813 4360; x_wconf 74' lang='lat' dir='ltr'><strong>Hilarii</strong></span> 
     </span>
     <span class='ocr_line' id='line_1_48' title="bbox 98 4350 1815 4434; baseline -0.003 -22"><span class='ocrx_word' id='word_1_649' title='bbox 98 4357 150 4413; x_wconf 89' lang='lat' dir='ltr'><strong>tini</strong></span> <span class='ocrx_word' id='word_1_650' title='bbox 167 4358 325 4414; x_wconf 89' lang='lat' dir='ltr'><strong>combusta</strong></span> <span class='ocrx_word' id='word_1_651' title='bbox 336 4358 390 4414; x_wconf 87' lang='lat' dir='ltr'><strong>luit</strong></span> <span class='ocrx_word' id='word_1_652' title='bbox 404 4363 473 4415; x_wconf 88' lang='lat' dir='ltr'><strong>ante</strong></span> <span class='ocrx_word' id='word_1_653' title='bbox 483 4373 512 4414; x_wconf 89' lang='lat' dir='ltr'><strong>ii.</strong></span> <span class='ocrx_word' id='word_1_654' title='bbox 529 4373 653 4415; x_wconf 88' lang='lat' dir='ltr'><strong>annum.</strong></span> <span class='ocrx_word' id='word_1_655' title='bbox 670 4359 780 4427; x_wconf 89' lang='lat' dir='ltr'><strong>Primo,</strong></span> <span class='ocrx_word' id='word_1_656' title='bbox 792 4361 926 4431; x_wconf 89' lang='lat' dir='ltr'><strong>tempore</strong></span> <span class='ocrx_word' id='word_1_657' title='bbox 984 4353 1136 4429; x_wconf 88' lang='lat' dir='ltr'><strong>usquead</strong></span> <span class='ocrx_word' id='word_1_658' title='bbox 1151 4359 1288 4434; x_wconf 85' lang='lat' dir='ltr'><strong>sanctem</strong></span> <span class='ocrx_word' id='word_1_659' title='bbox 1306 4350 1676 4434; x_wconf 62' lang='lat' dir='ltr'><strong>llariamPaupereulam,</strong></span> <span class='ocrx_word' id='word_1_660' title='bbox 1695 4364 1815 4432; x_wconf 82' lang='lat' dir='ltr'><strong>ameri-</strong></span> 
     </span>
     <span class='ocr_line' id='line_1_49' title="bbox 99 4421 1812 4504; baseline -0.006 -21"><span class='ocrx_word' id='word_1_661' title='bbox 99 4428 241 4484; x_wconf 82' lang='lat' dir='ltr'><strong>t‘lotliarii</strong></span> <span class='ocrx_word' id='word_1_662' title='bbox 268 4429 357 4500; x_wconf 90' lang='lat' dir='ltr'><strong>regis,</strong></span> <span class='ocrx_word' id='word_1_663' title='bbox 391 4445 445 4502; x_wconf 91' lang='lat' dir='ltr'><strong>per</strong></span> <span class='ocrx_word' id='word_1_664' title='bbox 473 4428 672 4486; x_wconf 88' lang='lat' dir='ltr'><strong>Witicharium</strong></span> <span class='ocrx_word' id='word_1_665' title='bbox 705 4429 926 4503; x_wconf 84' lang='lat' dir='ltr'><strong>conjugemque</strong></span> <span class='ocrx_word' id='word_1_666' title='bbox 984 4427 1059 4483; x_wconf 90' lang='lat' dir='ltr'><strong>diea</strong></span> <span class='ocrx_word' id='word_1_667' title='bbox 1073 4429 1159 4500; x_wconf 90' lang='lat' dir='ltr'><strong>porta</strong></span> <span class='ocrx_word' id='word_1_668' title='bbox 1173 4429 1267 4480; x_wconf 88' lang='lat' dir='ltr'><strong>sancti</strong></span> <span class='ocrx_word' id='word_1_669' title='bbox 1282 4427 1458 4504; x_wconf 84' lang='lat' dir='ltr'><strong>Petrntronis</strong></span> <span class='ocrx_word' id='word_1_670' title='bbox 1483 4438 1579 4495; x_wconf 90' lang='lat' dir='ltr'><strong>usque</strong></span> <span class='ocrx_word' id='word_1_671' title='bbox 1595 4421 1634 4478; x_wconf 91' lang='lat' dir='ltr'><strong>ad</strong></span> <span class='ocrx_word' id='word_1_672' title='bbox 1648 4424 1812 4502; x_wconf 60' lang='lat' dir='ltr'><strong>Ligerim»</strong></span> 
     </span>
     <span class='ocr_line' id='line_1_50' title="bbox 98 4492 1814 4575; baseline -0.005 -21"><span class='ocrx_word' id='word_1_673' title='bbox 98 4500 175 4569; x_wconf 84' lang='lat' dir='ltr'><strong>ejus,</strong></span> <span class='ocrx_word' id='word_1_674' title='bbox 205 4500 246 4556; x_wconf 91' lang='lat' dir='ltr'><strong>uti</strong></span> <span class='ocrx_word' id='word_1_675' title='bbox 276 4500 379 4557; x_wconf 87' lang='lat' dir='ltr'><strong>scribit</strong></span> <span class='ocrx_word' id='word_1_676' title='bbox 402 4501 559 4570; x_wconf 85' lang='lat' dir='ltr'><strong>Gregorius</strong></span> <span class='ocrx_word' id='word_1_677' title='bbox 595 4501 787 4567; x_wconf 81' lang='lat' dir='ltr'><strong>Turonensis,</strong></span> <span class='ocrx_word' id='word_1_678' title='bbox 813 4499 864 4555; x_wconf 89' lang='lat' dir='ltr'><strong>lib.</strong></span> <span class='ocrx_word' id='word_1_679' title='bbox 897 4517 927 4555; x_wconf 86' lang='lat' dir='ltr'><strong>iv</strong></span> <span class='ocrx_word' id='word_1_680' title='bbox 984 4492 1703 4575; x_wconf 71' lang='lat' dir='ltr'><strong>Noninhacantemnaqueinsecunda,sedin</strong></span> <span class='ocrx_word' id='word_1_681' title='bbox 1728 4495 1814 4547; x_wconf 89' lang='lat' dir='ltr'><strong>tertia</strong></span> 
     </span>
     <span class='ocr_line' id='line_1_51' title="bbox 100 4565 1813 4645; baseline -0.006 -19"><span class='ocrx_word' id='word_1_682' title='bbox 100 4571 208 4638; x_wconf 84' lang='lat' dir='ltr'><strong>ilistor,</strong></span> <span class='ocrx_word' id='word_1_683' title='bbox 236 4573 339 4628; x_wconf 86' lang='lat' dir='ltr'><strong>Franc.</strong></span> <span class='ocrx_word' id='word_1_684' title='bbox 366 4587 431 4645; x_wconf 91' lang='lat' dir='ltr'><strong>cap.</strong></span> <span class='ocrx_word' id='word_1_685' title='bbox 457 4575 502 4640; x_wconf 82' lang='lat'><strong>20,</strong></span> <span class='ocrx_word' id='word_1_686' title='bbox 530 4575 559 4627; x_wconf 89' lang='lat' dir='ltr'><strong>et</strong></span> <span class='ocrx_word' id='word_1_687' title='bbox 581 4565 657 4627; x_wconf 87' lang='lat' dir='ltr'><strong>libro</strong></span> <span class='ocrx_word' id='word_1_688' title='bbox 680 4587 706 4639; x_wconf 87' lang='grc' dir='ltr'><strong>ι,</strong></span> <span class='ocrx_word' id='word_1_689' title='bbox 728 4570 861 4644; x_wconf 83' lang='lat' dir='ltr'><strong>capuit.</strong></span> <span class='ocrx_word' id='word_1_690' title='bbox 879 4573 928 4628; x_wconf 90' lang='lat' dir='ltr'><strong>Se·</strong></span> <span class='ocrx_word' id='word_1_691' title='bbox 985 4567 1204 4636; x_wconf 88' lang='lat' dir='ltr'><strong>combustione,</strong></span> <span class='ocrx_word' id='word_1_692' title='bbox 1228 4581 1297 4639; x_wconf 86' lang='lat' dir='ltr'><strong>quie</strong></span> <span class='ocrx_word' id='word_1_693' title='bbox 1326 4569 1449 4634; x_wconf 88' lang='lat' dir='ltr'><strong>contigit</strong></span> <span class='ocrx_word' id='word_1_694' title='bbox 1472 4566 1616 4644; x_wconf 77' lang='lat' dir='ltr'><strong>anno903</strong></span> <span class='ocrx_word' id='word_1_695' title='bbox 1641 4575 1813 4618; x_wconf 91' lang='lat' dir='ltr'><strong>sermonem</strong></span> 
     </span>
     <span class='ocr_line' id='line_1_52' title="bbox 98 4629 1812 4723; baseline -0.006 -27"><span class='ocrx_word' id='word_1_696' title='bbox 98 4640 201 4697; x_wconf 88' lang='lat' dir='ltr'><strong>cundo</strong></span> <span class='ocrx_word' id='word_1_697' title='bbox 215 4657 270 4715; x_wconf 94' lang='lat' dir='ltr'><strong>per</strong></span> <span class='ocrx_word' id='word_1_698' title='bbox 285 4645 495 4723; x_wconf 73' lang='lat' dir='ltr'><strong>Norimannos,</strong></span> <span class='ocrx_word' id='word_1_699' title='bbox 512 4657 593 4698; x_wconf 89' lang='lat' dir='ltr'><strong>anno</strong></span> <span class='ocrx_word' id='word_1_700' title='bbox 608 4646 670 4708; x_wconf 80' lang='lat'><strong>853,</strong></span> <span class='ocrx_word' id='word_1_701' title='bbox 697 4642 773 4698; x_wconf 89' lang='lat' dir='ltr'><strong>sicut</strong></span> <span class='ocrx_word' id='word_1_702' title='bbox 798 4641 929 4697; x_wconf 81' lang='lat' dir='ltr'><strong>raserunt</strong></span> <span class='ocrx_word' id='word_1_703' title='bbox 983 4640 1064 4695; x_wconf 90' lang='lat' dir='ltr'><strong>hunc</strong></span> <span class='ocrx_word' id='word_1_704' title='bbox 1077 4638 1117 4694; x_wconf 91' lang='lat' dir='ltr'><strong>ab</strong></span> <span class='ocrx_word' id='word_1_705' title='bbox 1137 4637 1240 4695; x_wconf 88' lang='lat' dir='ltr'><strong>Odone</strong></span> <span class='ocrx_word' id='word_1_706' title='bbox 1252 4636 1376 4716; x_wconf 82' lang='lat' dir='ltr'><strong>dictum,</strong></span> <span class='ocrx_word' id='word_1_707' title='bbox 1393 4641 1421 4692; x_wconf 91' lang='lat' dir='ltr'><strong>et</strong></span> <span class='ocrx_word' id='word_1_708' title='bbox 1433 4639 1552 4706; x_wconf 88' lang='lat' dir='ltr'><strong>tempus</strong></span> <span class='ocrx_word' id='word_1_709' title='bbox 1564 4648 1666 4704; x_wconf 88' lang='lat' dir='ltr'><strong>ipsum</strong></span> <span class='ocrx_word' id='word_1_710' title='bbox 1679 4647 1741 4704; x_wconf 92' lang='lat' dir='ltr'><strong>quo</strong></span> <span class='ocrx_word' id='word_1_711' title='bbox 1754 4629 1812 4686; x_wconf 88' lang='lat' dir='ltr'><strong>cla-</strong></span> 
     </span>
     <span class='ocr_line' id='line_1_53' title="bbox 97 4701 1813 4779; baseline -0.007 -11"><span class='ocrx_word' id='word_1_712' title='bbox 97 4711 224 4768; x_wconf 81' lang='lat' dir='ltr'><strong>annates</strong></span> <span class='ocrx_word' id='word_1_713' title='bbox 249 4713 352 4768; x_wconf 89' lang='lat' dir='ltr'><strong>incerti</strong></span> <span class='ocrx_word' id='word_1_714' title='bbox 381 4718 520 4770; x_wconf 90' lang='lat' dir='ltr'><strong>auctoris.</strong></span> <span class='ocrx_word' id='word_1_715' title='bbox 545 4713 591 4769; x_wconf 90' lang='lat' dir='ltr'><strong>bis</strong></span> <span class='ocrx_word' id='word_1_716' title='bbox 605 4713 704 4770; x_wconf 87' lang='lat' dir='ltr'><strong>verbis</strong></span> <span class='ocrx_word' id='word_1_717' title='bbox 721 4731 727 4768; x_wconf 91' lang='lat'>:</span> <span class='ocrx_word' id='word_1_718' title='bbox 744 4734 758 4762; x_wconf 79' lang='grc' dir='ltr'><strong>ι</strong></span> <span class='ocrx_word' id='word_1_719' title='bbox 774 4717 861 4768; x_wconf 78' lang='lat' dir='ltr'><strong>Anno</strong></span> <span class='ocrx_word' id='word_1_720' title='bbox 876 4717 927 4768; x_wconf 83' lang='lat'><strong>853</strong></span> <span class='ocrx_word' id='word_1_721' title='bbox 984 4711 1050 4770; x_wconf 87' lang='lat' dir='ltr'><strong>ruit.</strong></span> <span class='ocrx_word' id='word_1_722' title='bbox 1066 4715 1095 4766; x_wconf 90' lang='lat' dir='ltr'><strong>ct</strong></span> <span class='ocrx_word' id='word_1_723' title='bbox 1107 4707 1201 4764; x_wconf 88' lang='lat' dir='ltr'><strong>verba</strong></span> <span class='ocrx_word' id='word_1_724' title='bbox 1215 4723 1283 4779; x_wconf 84' lang='lat' dir='ltr'><strong>quie</strong></span> <span class='ocrx_word' id='word_1_725' title='bbox 1299 4710 1398 4762; x_wconf 90' lang='lat' dir='ltr'><strong>statim</strong></span> <span class='ocrx_word' id='word_1_726' title='bbox 1408 4707 1584 4776; x_wconf 89' lang='lat' dir='ltr'><strong>sequuntur,</strong></span> <span class='ocrx_word' id='word_1_727' title='bbox 1600 4717 1720 4774; x_wconf 91' lang='lat' dir='ltr'><strong>nempe,</strong></span> <span class='ocrx_word' id='word_1_728' title='bbox 1729 4701 1813 4774; x_wconf 91' lang='lat' dir='ltr'><strong>quod</strong></span> 
     </span>
     <span class='ocr_line' id='line_1_54' title="bbox 97 4773 1814 4857; baseline -0.007 -17"><span class='ocrx_word' id='word_1_729' title='bbox 97 4785 274 4841; x_wconf 74' lang='lat' dir='ltr'><strong>Nortinanni</strong></span> <span class='ocrx_word' id='word_1_730' title='bbox 288 4799 343 4857; x_wconf 90' lang='lat' dir='ltr'><strong>per</strong></span> <span class='ocrx_word' id='word_1_731' title='bbox 364 4784 489 4851; x_wconf 86' lang='lat' dir='ltr'><strong>Ligerim</strong></span> <span class='ocrx_word' id='word_1_732' title='bbox 515 4785 641 4840; x_wconf 83' lang='lat' dir='ltr'><strong>iluvium</strong></span> <span class='ocrx_word' id='word_1_733' title='bbox 665 4783 817 4841; x_wconf 87' lang='lat' dir='ltr'><strong>venientes</strong></span> <span class='ocrx_word' id='word_1_734' title='bbox 840 4786 929 4840; x_wconf 84' lang='lat' dir='ltr'><strong>Turo-</strong></span> <span class='ocrx_word' id='word_1_735' title='bbox 984 4781 1086 4838; x_wconf 87' lang='lat' dir='ltr'><strong>eadem</strong></span> <span class='ocrx_word' id='word_1_736' title='bbox 1105 4780 1209 4835; x_wconf 82' lang='lat' dir='ltr'><strong>doinus</strong></span> <span class='ocrx_word' id='word_1_737' title='bbox 1229 4782 1300 4833; x_wconf 82' lang='lat' dir='ltr'><strong>ante</strong></span> <span class='ocrx_word' id='word_1_738' title='bbox 1323 4791 1382 4832; x_wconf 80' lang='lat' dir='ltr'><strong>aori</strong></span> <span class='ocrx_word' id='word_1_739' title='bbox 1406 4775 1516 4830; x_wconf 83' lang='lat' dir='ltr'><strong>multos</strong></span> <span class='ocrx_word' id='word_1_740' title='bbox 1543 4788 1639 4830; x_wconf 82' lang='lat' dir='ltr'><strong>annos</strong></span> <span class='ocrx_word' id='word_1_741' title='bbox 1660 4773 1814 4829; x_wconf 80' lang='lat' dir='ltr'><strong>combusto</strong></span> 
     </span>
     <span class='ocr_line' id='line_1_55' title="bbox 97 4847 1444 4928; baseline -0.007 -19"><span class='ocrx_word' id='word_1_742' title='bbox 97 4870 174 4910; x_wconf 91' lang='lat' dir='ltr'><strong>nuin</strong></span> <span class='ocrx_word' id='word_1_743' title='bbox 199 4855 298 4912; x_wconf 76' lang='lat' dir='ltr'><strong>Gallice</strong></span> <span class='ocrx_word' id='word_1_744' title='bbox 326 4855 475 4912; x_wconf 85' lang='lat' dir='ltr'><strong>civitatem</strong></span> <span class='ocrx_word' id='word_1_745' title='bbox 495 4854 679 4928; x_wconf 73' lang='lat' dir='ltr'><strong>praedantur,</strong></span> <span class='ocrx_word' id='word_1_746' title='bbox 707 4859 735 4911; x_wconf 88' lang='lat' dir='ltr'><strong>et</strong></span> <span class='ocrx_word' id='word_1_747' title='bbox 764 4853 928 4911; x_wconf 89' lang='lat' dir='ltr'><strong>interalias</strong></span> <span class='ocrx_word' id='word_1_748' title='bbox 983 4853 1098 4922; x_wconf 78' lang='lat' dir='ltr'><strong>fuerat,</strong></span> <span class='ocrx_word' id='word_1_749' title='bbox 1114 4847 1444 4921; x_wconf 88' lang='lat' dir='ltr'><strong>apertedemonstrant.</strong></span> 
     </span>
     <span class='ocr_line' id='line_1_56' title="bbox 94 4917 1813 5000; baseline -0.006 -20"><span class='ocrx_word' id='word_1_750' title='bbox 94 4927 180 4981; x_wconf 80' lang='lat' dir='ltr'><strong>redes</strong></span> <span class='ocrx_word' id='word_1_751' title='bbox 198 4927 354 4983; x_wconf 90' lang='lat' dir='ltr'><strong>ecclesiam</strong></span> <span class='ocrx_word' id='word_1_752' title='bbox 370 4941 492 5000; x_wconf 89' lang='lat' dir='ltr'><strong>quoque</strong></span> <span class='ocrx_word' id='word_1_753' title='bbox 511 4926 606 4982; x_wconf 91' lang='lat' dir='ltr'><strong>sancti</strong></span> <span class='ocrx_word' id='word_1_754' title='bbox 621 4925 733 4984; x_wconf 87' lang='lat' dir='ltr'><strong>ltartini</strong></span> <span class='ocrx_word' id='word_1_755' title='bbox 748 4925 928 4982; x_wconf 86' lang='lat' dir='ltr'><strong>contessoris</strong></span> <span class='ocrx_word' id='word_1_756' title='bbox 1019 4921 1094 4992; x_wconf 71' lang='lat' dir='ltr'><strong>(tib)</strong></span> <span class='ocrx_word' id='word_1_757' title='bbox 1109 4921 1149 4976; x_wconf 80' lang='lat' dir='ltr'><strong>Et</strong></span> <span class='ocrx_word' id='word_1_758' title='bbox 1159 4935 1240 4975; x_wconf 82' lang='lat' dir='ltr'><strong>nune</strong></span> <span class='ocrx_word' id='word_1_759' title='bbox 1253 4918 1348 4974; x_wconf 84' lang='lat' dir='ltr'><strong>multo</strong></span> <span class='ocrx_word' id='word_1_760' title='bbox 1364 4922 1485 5000; x_wconf 75' lang='lat' dir='ltr'><strong>saraipta</strong></span> <span class='ocrx_word' id='word_1_761' title='bbox 1512 4917 1667 4998; x_wconf 73' lang='lat' dir='ltr'><strong>multaque</strong></span> <span class='ocrx_word' id='word_1_762' title='bbox 1690 4930 1813 4997; x_wconf 75' lang='lat' dir='ltr'><strong>suoram</strong></span> 
     </span>
     <span class='ocr_line' id='line_1_57' title="bbox 95 4959 1813 5074; baseline -0.006 -22"><span class='ocrx_word' id='word_1_763' title='bbox 95 4997 219 5053; x_wconf 89' lang='lat' dir='ltr'><strong>nemine</strong></span> <span class='ocrx_word' id='word_1_764' title='bbox 229 4997 392 5063; x_wconf 89' lang='lat' dir='ltr'><strong>resistente,</strong></span> <span class='ocrx_word' id='word_1_765' title='bbox 407 4995 622 5052; x_wconf 83' lang='lat' dir='ltr'><strong>succendunt.»</strong></span> <span class='ocrx_word' id='word_1_766' title='bbox 636 4995 751 5062; x_wconf 88' lang='lat' dir='ltr'><strong>Quibus</strong></span> <span class='ocrx_word' id='word_1_767' title='bbox 767 4996 930 5053; x_wconf 86' lang='lat' dir='ltr'><strong>concordat</strong></span> <span class='ocrx_word' id='word_1_768' title='bbox 984 4993 1135 5074; x_wconf 71' lang='lat' dir='ltr'><strong>industria</strong></span> <span class='ocrx_word' id='word_1_769' title='bbox 1148 4995 1301 5070; x_wconf 67' lang='lat' dir='ltr'><strong>reparata.</strong></span> <span class='ocrx_word' id='word_1_770' title='bbox 1331 4991 1470 5068; x_wconf 35' lang='lat' dir='ltr'><strong>Primam·</strong></span> <span class='ocrx_word' id='word_1_771' title='bbox 1487 4959 1616 5044; x_wconf 79' lang='lat' dir='ltr'><strong>basilicae</strong></span> <span class='ocrx_word' id='word_1_772' title='bbox 1629 4991 1724 5070; x_wconf 80' lang='lat' dir='ltr'><strong>sancti</strong></span> <span class='ocrx_word' id='word_1_773' title='bbox 1739 4989 1813 5068; x_wconf 81' lang='lat' dir='ltr'><strong>llar-</strong></span> 
     </span>
     <span class='ocr_line' id='line_1_58' title="bbox 95 5057 1814 5143; baseline -0.008 -19"><span class='ocrx_word' id='word_1_774' title='bbox 95 5073 127 5124; x_wconf 90' lang='lat' dir='ltr'><strong>et</strong></span> <span class='ocrx_word' id='word_1_775' title='bbox 157 5069 326 5140; x_wconf 76' lang='lat' dir='ltr'><strong>sigehertus</strong></span> <span class='ocrx_word' id='word_1_776' title='bbox 341 5067 565 5124; x_wconf 85' lang='lat' dir='ltr'><strong>Gemblacensis</strong></span> <span class='ocrx_word' id='word_1_777' title='bbox 585 5067 754 5123; x_wconf 89' lang='lat' dir='ltr'><strong>monachus</strong></span> <span class='ocrx_word' id='word_1_778' title='bbox 781 5067 812 5122; x_wconf 92' lang='lat' dir='ltr'><strong>in</strong></span> <span class='ocrx_word' id='word_1_779' title='bbox 839 5067 929 5124; x_wconf 82' lang='lat' dir='ltr'><strong>Chro-</strong></span> <span class='ocrx_word' id='word_1_780' title='bbox 983 5069 1035 5142; x_wconf 84' lang='grc' dir='ltr'>ιιιιι</span> <span class='ocrx_word' id='word_1_781' title='bbox 1051 5062 1291 5143; x_wconf 75' lang='lat' dir='ltr'><strong>combustionem</strong></span> <span class='ocrx_word' id='word_1_782' title='bbox 1307 5063 1485 5115; x_wconf 86' lang='lat' dir='ltr'><strong>restauravit</strong></span> <span class='ocrx_word' id='word_1_783' title='bbox 1512 5059 1703 5141; x_wconf 38' lang='lat' dir='ltr'><strong>&#39;Euphronius</strong></span> <span class='ocrx_word' id='word_1_784' title='bbox 1718 5057 1814 5113; x_wconf 90' lang='lat' dir='ltr'><strong>archi·</strong></span> 
     </span>
     <span class='ocr_line' id='line_1_59' title="bbox 95 5129 1813 5212; baseline -0.01 -16"><span class='ocrx_word' id='word_1_785' title='bbox 95 5139 177 5196; x_wconf 90' lang='lat' dir='ltr'><strong>nico.</strong></span> <span class='ocrx_word' id='word_1_786' title='bbox 190 5140 285 5197; x_wconf 89' lang='lat' dir='ltr'><strong>&#39;lertio</strong></span> <span class='ocrx_word' id='word_1_787' title='bbox 298 5155 403 5197; x_wconf 89' lang='lat' dir='ltr'><strong>rursus</strong></span> <span class='ocrx_word' id='word_1_788' title='bbox 439 5153 471 5195; x_wconf 91' lang='lat' dir='ltr'><strong>er</strong></span> <span class='ocrx_word' id='word_1_789' title='bbox 490 5137 612 5195; x_wconf 88' lang='lat' dir='ltr'><strong>eosdem</strong></span> <span class='ocrx_word' id='word_1_790' title='bbox 633 5141 831 5194; x_wconf 89' lang='lat' dir='ltr'><strong>Nortmannos</strong></span> <span class='ocrx_word' id='word_1_791' title='bbox 847 5153 928 5194; x_wconf 91' lang='lat' dir='ltr'><strong>anno</strong></span> <span class='ocrx_word' id='word_1_792' title='bbox 984 5149 1155 5206; x_wconf 87' lang='lat' dir='ltr'><strong>eiscopus,</strong></span> <span class='ocrx_word' id='word_1_793' title='bbox 1171 5131 1440 5212; x_wconf 78' lang='lat' dir='ltr'><strong>illamquestanno</strong></span> <span class='ocrx_word' id='word_1_794' title='bbox 1460 5134 1541 5212; x_wconf 80' lang='lat' dir='ltr'><strong>texit,</strong></span> <span class='ocrx_word' id='word_1_795' title='bbox 1558 5129 1722 5206; x_wconf 81' lang='lat' dir='ltr'><strong>opitulante</strong></span> <span class='ocrx_word' id='word_1_796' title='bbox 1743 5141 1813 5193; x_wconf 89' lang='lat' dir='ltr'><strong>rege</strong></span> 
     </span>
     <span class='ocr_line' id='line_1_60' title="bbox 94 5195 1812 5285; baseline -0.011 -18"><span class='ocrx_word' id='word_1_797' title='bbox 94 5210 204 5267; x_wconf 87' lang='lat' dir='ltr'><strong>Christi</strong></span> <span class='ocrx_word' id='word_1_798' title='bbox 218 5212 281 5278; x_wconf 80' lang='lat'><strong>903,</strong></span> <span class='ocrx_word' id='word_1_799' title='bbox 296 5225 409 5285; x_wconf 82' lang='lat' dir='ltr'><strong>quemn</strong></span> <span class='ocrx_word' id='word_1_800' title='bbox 433 5209 558 5266; x_wconf 89' lang='lat' dir='ltr'><strong>modum</strong></span> <span class='ocrx_word' id='word_1_801' title='bbox 580 5213 705 5265; x_wconf 90' lang='lat' dir='ltr'><strong>testatur</strong></span> <span class='ocrx_word' id='word_1_802' title='bbox 729 5207 855 5263; x_wconf 89' lang='lat' dir='ltr'><strong>ilistoria</strong></span> <span class='ocrx_word' id='word_1_803' title='bbox 876 5207 929 5263; x_wconf 90' lang='lat' dir='ltr'><strong>do-</strong></span> <span class='ocrx_word' id='word_1_804' title='bbox 1016 5204 1143 5274; x_wconf 92' lang='lat' dir='ltr'><strong>othario,</strong></span> <span class='ocrx_word' id='word_1_805' title='bbox 1169 5202 1245 5258; x_wconf 90' lang='lat' dir='ltr'><strong>sicut</strong></span> <span class='ocrx_word' id='word_1_806' title='bbox 1271 5201 1343 5257; x_wconf 89' lang='lat' dir='ltr'><strong>dicit</strong></span> <span class='ocrx_word' id='word_1_807' title='bbox 1370 5203 1529 5270; x_wconf 77' lang='lat' dir='ltr'><strong>Gregorius</strong></span> <span class='ocrx_word' id='word_1_808' title='bbox 1557 5203 1665 5278; x_wconf 82' lang='lat' dir='ltr'><strong>Toron.</strong></span> <span class='ocrx_word' id='word_1_809' title='bbox 1690 5195 1742 5250; x_wconf 91' lang='lat' dir='ltr'><strong>bh.</strong></span> <span class='ocrx_word' id='word_1_810' title='bbox 1772 5211 1812 5275; x_wconf 69' lang='lat' dir='ltr'><strong>ir3</strong></span> 
     </span>
     <span class='ocr_line' id='line_1_61' title="bbox 94 5269 1814 5362; baseline -0.011 -24"><span class='ocrx_word' id='word_1_811' title='bbox 94 5282 251 5338; x_wconf 89' lang='lat' dir='ltr'><strong>minorum</strong></span> <span class='ocrx_word' id='word_1_812' title='bbox 276 5281 531 5362; x_wconf 75' lang='lat' dir='ltr'><strong>Ambaziensiam,</strong></span> <span class='ocrx_word' id='word_1_813' title='bbox 566 5279 641 5335; x_wconf 90' lang='lat' dir='ltr'><strong>dum</strong></span> <span class='ocrx_word' id='word_1_814' title='bbox 666 5279 707 5335; x_wconf 91' lang='lat' dir='ltr'><strong>ait</strong></span> <span class='ocrx_word' id='word_1_815' title='bbox 736 5295 743 5332; x_wconf 76' lang='grc' dir='ltr'><strong><em>ε</em></strong></span> <span class='ocrx_word' id='word_1_816' title='bbox 771 5299 785 5328; x_wconf 83' lang='grc' dir='ltr'><strong>ι</strong></span> <span class='ocrx_word' id='word_1_817' title='bbox 816 5279 928 5333; x_wconf 88' lang='lat' dir='ltr'><strong>liortuo</strong></span> <span class='ocrx_word' id='word_1_818' title='bbox 983 5291 1051 5348; x_wconf 90' lang='lat' dir='ltr'><strong>cap.</strong></span> <span class='ocrx_word' id='word_1_819' title='bbox 1062 5279 1107 5340; x_wconf 78' lang='lat'><strong>20,</strong></span> <span class='ocrx_word' id='word_1_820' title='bbox 1124 5279 1152 5330; x_wconf 88' lang='lat' dir='ltr'><strong>et</strong></span> <span class='ocrx_word' id='word_1_821' title='bbox 1165 5273 1217 5329; x_wconf 89' lang='lat' dir='ltr'><strong>lib.</strong></span> <span class='ocrx_word' id='word_1_822' title='bbox 1233 5289 1263 5342; x_wconf 88' lang='lat' dir='ltr'><strong>x,</strong></span> <span class='ocrx_word' id='word_1_823' title='bbox 1277 5288 1343 5346; x_wconf 91' lang='lat' dir='ltr'><strong>cap.</strong></span> <span class='ocrx_word' id='word_1_824' title='bbox 1359 5272 1411 5328; x_wconf 91' lang='lat' dir='ltr'><strong>ult.</strong></span> <span class='ocrx_word' id='word_1_825' title='bbox 1425 5269 1594 5350; x_wconf 83' lang='lat' dir='ltr'><strong>Secundam</strong></span> <span class='ocrx_word' id='word_1_826' title='bbox 1607 5283 1663 5348; x_wconf 82' lang='lat' dir='ltr'><strong>ipsi</strong></span> <span class='ocrx_word' id='word_1_827' title='bbox 1676 5279 1814 5321; x_wconf 88' lang='lat' dir='ltr'><strong>canonici</strong></span> 
     </span>
     <span class='ocr_line' id='line_1_62' title="bbox 96 5335 1814 5426; baseline -0.01 -17"><span class='ocrx_word' id='word_1_828' title='bbox 96 5353 203 5409; x_wconf 79' lang='lat' dir='ltr'><strong>udone</strong></span> <span class='ocrx_word' id='word_1_829' title='bbox 227 5368 306 5423; x_wconf 86' lang='lat' dir='ltr'><strong>rege,</strong></span> <span class='ocrx_word' id='word_1_830' title='bbox 332 5353 383 5426; x_wconf 94' lang='lat' dir='ltr'><strong>qui</strong></span> <span class='ocrx_word' id='word_1_831' title='bbox 411 5369 431 5408; x_wconf 87' lang='lat' dir='ltr'><strong>x</strong></span> <span class='ocrx_word' id='word_1_832' title='bbox 458 5367 545 5408; x_wconf 91' lang='lat' dir='ltr'><strong>anuis</strong></span> <span class='ocrx_word' id='word_1_833' title='bbox 568 5349 715 5421; x_wconf 85' lang='lat' dir='ltr'><strong>regnavit,</strong></span> <span class='ocrx_word' id='word_1_834' title='bbox 739 5347 770 5404; x_wconf 95' lang='lat' dir='ltr'><strong>in</strong></span> <span class='ocrx_word' id='word_1_835' title='bbox 788 5363 830 5403; x_wconf 84' lang='lat' dir='ltr'><strong>vii</strong></span> <span class='ocrx_word' id='word_1_836' title='bbox 846 5362 928 5404; x_wconf 89' lang='lat' dir='ltr'><strong>anno</strong></span> <span class='ocrx_word' id='word_1_837' title='bbox 983 5347 1077 5403; x_wconf 89' lang='lat' dir='ltr'><strong>sancti</strong></span> <span class='ocrx_word' id='word_1_838' title='bbox 1092 5344 1215 5412; x_wconf 84' lang='lat' dir='ltr'><strong>liertini,</strong></span> <span class='ocrx_word' id='word_1_839' title='bbox 1241 5359 1304 5417; x_wconf 91' lang='lat' dir='ltr'><strong>qua</strong></span> <span class='ocrx_word' id='word_1_840' title='bbox 1324 5345 1485 5423; x_wconf 82' lang='lat' dir='ltr'><strong>potuerunt</strong></span> <span class='ocrx_word' id='word_1_841' title='bbox 1513 5337 1659 5395; x_wconf 89' lang='lat' dir='ltr'><strong>industrie</strong></span> <span class='ocrx_word' id='word_1_842' title='bbox 1673 5339 1703 5391; x_wconf 89' lang='lat' dir='ltr'><strong>et</strong></span> <span class='ocrx_word' id='word_1_843' title='bbox 1718 5335 1814 5392; x_wconf 86' lang='lat' dir='ltr'><strong>excel-</strong></span> 
     </span>
     <span class='ocr_line' id='line_1_63' title="bbox 95 5405 1814 5497; baseline -0.009 -18"><span class='ocrx_word' id='word_1_844' title='bbox 95 5429 168 5497; x_wconf 91' lang='lat' dir='ltr'><strong>post</strong></span> <span class='ocrx_word' id='word_1_845' title='bbox 180 5425 246 5492; x_wconf 83' lang='lat' dir='ltr'><strong>ejus</strong></span> <span class='ocrx_word' id='word_1_846' title='bbox 258 5425 372 5482; x_wconf 91' lang='lat' dir='ltr'><strong>obitum</strong></span> <span class='ocrx_word' id='word_1_847' title='bbox 383 5423 423 5480; x_wconf 91' lang='lat' dir='ltr'><strong>ab</strong></span> <span class='ocrx_word' id='word_1_848' title='bbox 438 5423 518 5480; x_wconf 87' lang='lat' dir='ltr'><strong>Erith</strong></span> <span class='ocrx_word' id='word_1_849' title='bbox 529 5427 557 5478; x_wconf 92' lang='lat' dir='ltr'><strong>et</strong></span> <span class='ocrx_word' id='word_1_850' title='bbox 567 5423 671 5478; x_wconf 87' lang='lat' dir='ltr'><strong>Bathet</strong></span> <span class='ocrx_word' id='word_1_851' title='bbox 685 5418 876 5477; x_wconf 87' lang='lat' dir='ltr'><strong>Nortmannis</strong></span> <span class='ocrx_word' id='word_1_852' title='bbox 889 5419 928 5474; x_wconf 89' lang='lat' dir='ltr'><strong>ci·</strong></span> <span class='ocrx_word' id='word_1_853' title='bbox 982 5417 1073 5474; x_wconf 85' lang='lat' dir='ltr'><strong>lentie</strong></span> <span class='ocrx_word' id='word_1_854' title='bbox 1086 5420 1310 5490; x_wconf 87' lang='lat' dir='ltr'><strong>reparaverunt,</strong></span> <span class='ocrx_word' id='word_1_855' title='bbox 1335 5418 1368 5470; x_wconf 92' lang='lat' dir='ltr'><strong>ut</strong></span> <span class='ocrx_word' id='word_1_856' title='bbox 1377 5413 1424 5494; x_wconf 72' lang='lat' dir='ltr'><strong>hic</strong></span> <span class='ocrx_word' id='word_1_857' title='bbox 1439 5411 1526 5492; x_wconf 81' lang='lat' dir='ltr'><strong>docet</strong></span> <span class='ocrx_word' id='word_1_858' title='bbox 1536 5410 1657 5488; x_wconf 79' lang='lat' dir='ltr'><strong>sanctus</strong></span> <span class='ocrx_word' id='word_1_859' title='bbox 1667 5405 1741 5488; x_wconf 71' lang='lat' dir='ltr'><strong>(ido.</strong></span> <span class='ocrx_word' id='word_1_860' title='bbox 1757 5407 1814 5464; x_wconf 90' lang='lat' dir='ltr'><strong>Pro</strong></span> 
     </span>
     <span class='ocr_line' id='line_1_64' title="bbox 94 5477 1814 5565; baseline -0.01 -15"><span class='ocrx_word' id='word_1_861' title='bbox 94 5495 174 5550; x_wconf 85' lang='lat' dir='ltr'><strong>vitas</strong></span> <span class='ocrx_word' id='word_1_862' title='bbox 185 5489 927 5564; x_wconf 78' lang='lat' dir='ltr'><strong>Turonissuccensaest,ecclesiaquebeatiMartini</strong></span> <span class='ocrx_word' id='word_1_863' title='bbox 983 5489 1068 5545; x_wconf 88' lang='lat' dir='ltr'><strong>tertia</strong></span> <span class='ocrx_word' id='word_1_864' title='bbox 1081 5486 1285 5550; x_wconf 88' lang='lat' dir='ltr'><strong>resarcienda,</strong></span> <span class='ocrx_word' id='word_1_865' title='bbox 1306 5497 1442 5565; x_wconf 88' lang='lat' dir='ltr'><strong>pecnnus</strong></span> <span class='ocrx_word' id='word_1_866' title='bbox 1455 5495 1521 5551; x_wconf 84' lang='lat' dir='ltr'><strong>Jam</strong></span> <span class='ocrx_word' id='word_1_867' title='bbox 1538 5477 1758 5545; x_wconf 84' lang='lat' dir='ltr'><strong>deficientibus,</strong></span> <span class='ocrx_word' id='word_1_868' title='bbox 1774 5477 1814 5534; x_wconf 88' lang='lat' dir='ltr'><strong>ad</strong></span> 
     </span>
     <span class='ocr_line' id='line_1_65' title="bbox 95 5553 1815 5678; baseline -0.01 -57"><span class='ocrx_word' id='word_1_869' title='bbox 95 5581 169 5622; x_wconf 91' lang='lat' dir='ltr'><strong>cum</strong></span> <span class='ocrx_word' id='word_1_870' title='bbox 191 5569 253 5623; x_wconf 87' lang='lat' dir='ltr'><strong>toto</strong></span> <span class='ocrx_word' id='word_1_871' title='bbox 280 5571 390 5634; x_wconf 89' lang='lat' dir='ltr'><strong>castro,</strong></span> <span class='ocrx_word' id='word_1_872' title='bbox 421 5569 511 5638; x_wconf 87' lang='lat' dir='ltr'><strong>atque</strong></span> <span class='ocrx_word' id='word_1_873' title='bbox 538 5579 606 5619; x_wconf 90' lang='lat' dir='ltr'><strong>cuin</strong></span> <span class='ocrx_word' id='word_1_874' title='bbox 636 5577 729 5618; x_wconf 78' lang='lat' dir='ltr'><strong>xxviii</strong></span> <span class='ocrx_word' id='word_1_875' title='bbox 754 5559 894 5618; x_wconf 88' lang='lat' dir='ltr'><strong>ecclesiis.</strong></span> <span class='ocrx_word' id='word_1_876' title='bbox 913 5583 927 5610; x_wconf 75' lang='lat' dir='ltr'><strong>a</strong></span> <span class='ocrx_word' id='word_1_877' title='bbox 982 5559 1167 5616; x_wconf 83' lang='lat' dir='ltr'><strong>Adeionsum</strong></span> <span class='ocrx_word' id='word_1_878' title='bbox 1203 5557 1351 5629; x_wconf 80' lang='lat' dir='ltr'><strong>Hispaniae</strong></span> <span class='ocrx_word' id='word_1_879' title='bbox 1378 5566 1479 5678; x_wconf 48' lang='grc' dir='ltr'>ιιῗιιιιιι</span> <span class='ocrx_word' id='word_1_880' title='bbox 1510 5565 1666 5606; x_wconf 89' lang='lat' dir='ltr'><strong>recursum</strong></span> <span class='ocrx_word' id='word_1_881' title='bbox 1692 5554 1744 5614; x_wconf 90' lang='lat' dir='ltr'><strong>est,</strong></span> <span class='ocrx_word' id='word_1_882' title='bbox 1781 5553 1815 5604; x_wconf 91' lang='lat' dir='ltr'><strong>ut</strong></span> 
     </span>
    </p>
   </div>
   <div class='ocr_carea' id='block_1_4' title="bbox 96 5617 1814 5787">
    <p class='ocr_par' dir='ltr' id='par_1_4' title="bbox 96 5617 1814 5787">
     <span class='ocr_line' id='line_1_66' title="bbox 96 5617 1812 5711; baseline -0.016 -10"><span class='ocrx_word' id='word_1_883' title='bbox 96 5637 211 5701; x_wconf 81' lang='lat' dir='ltr'><strong>Quarto</strong></span> <span class='ocrx_word' id='word_1_884' title='bbox 233 5637 376 5711; x_wconf 86' lang='lat' dir='ltr'><strong>deniqne,</strong></span> <span class='ocrx_word' id='word_1_885' title='bbox 397 5636 473 5692; x_wconf 89' lang='lat' dir='ltr'><strong>sicut</strong></span> <span class='ocrx_word' id='word_1_886' title='bbox 486 5633 578 5691; x_wconf 92' lang='lat' dir='ltr'><strong>habet</strong></span> <span class='ocrx_word' id='word_1_887' title='bbox 596 5636 785 5706; x_wconf 78' lang='lat' dir='ltr'><strong>Anonymus,</strong></span> <span class='ocrx_word' id='word_1_888' title='bbox 811 5631 928 5703; x_wconf 85' lang='lat' dir='ltr'><strong>llajoris</strong></span> <span class='ocrx_word' id='word_1_889' title='bbox 982 5634 1065 5704; x_wconf 85' lang='lat' dir='ltr'><strong>patet</strong></span> <span class='ocrx_word' id='word_1_890' title='bbox 1079 5629 1233 5710; x_wconf 76' lang='lat' dir='ltr'><strong>exipsius</strong></span> <span class='ocrx_word' id='word_1_891' title='bbox 1252 5623 1394 5706; x_wconf 74' lang='lat' dir='ltr'><strong>adefonsi</strong></span> <span class='ocrx_word' id='word_1_892' title='bbox 1429 5619 1520 5703; x_wconf 81' lang='lat' dir='ltr'><strong>&#39;iteris</strong></span> <span class='ocrx_word' id='word_1_893' title='bbox 1547 5635 1638 5704; x_wconf 68' lang='lat' dir='ltr'><strong>anno</strong></span> <span class='ocrx_word' id='word_1_894' title='bbox 1657 5623 1709 5676; x_wconf 78' lang='lat'><strong>906</strong></span> <span class='ocrx_word' id='word_1_895' title='bbox 1723 5617 1812 5700; x_wconf 84' lang='lat' dir='ltr'><strong>datis,</strong></span> 
     </span>
     <span class='ocr_line' id='line_1_67' title="bbox 96 5687 1814 5787; baseline -0.013 -19"><span class='ocrx_word' id='word_1_896' title='bbox 96 5709 267 5772; x_wconf 74' lang='lat' dir='ltr'><strong>eonaserh</strong></span> <span class='ocrx_word' id='word_1_897' title='bbox 281 5708 466 5770; x_wconf 82' lang='lat' dir='ltr'><strong>monachus:</strong></span> <span class='ocrx_word' id='word_1_898' title='bbox 480 5727 495 5757; x_wconf 72' lang='grc' dir='ltr'><em>α</em></span> <span class='ocrx_word' id='word_1_899' title='bbox 511 5702 940 5787; x_wconf 58' lang='lat' dir='ltr'><strong>cenomannensium</strong></span> <span class='ocrx_word' id='word_1_900' title='bbox 981 5699 1238 5774; x_wconf 70' lang='lat' dir='ltr'><strong>qaiabemgaitati</strong></span> <span class='ocrx_word' id='word_1_901' title='bbox 1250 5699 1375 5758; x_wconf 81' lang='lat' dir='ltr'><strong>Joanms</strong></span> <span class='ocrx_word' id='word_1_902' title='bbox 1389 5695 1518 5758; x_wconf 83' lang='lat' dir='ltr'><strong>itassom</strong></span> <span class='ocrx_word' id='word_1_903' title='bbox 1532 5695 1641 5765; x_wconf 81' lang='lat' dir='ltr'><strong>Papira</strong></span> <span class='ocrx_word' id='word_1_904' title='bbox 1653 5687 1814 5750; x_wconf 79' lang='lat' dir='ltr'><strong>trabisde-</strong></span> 
     </span>
    </p>
   </div>
   <div class='ocr_carea' id='block_1_5' title="bbox 913 5825 948 5874">
    <p class='ocr_par' dir='ltr' id='par_1_5' title="bbox 913 5825 948 5874">
     <span class='ocr_line' id='line_1_68' title="bbox 913 5825 948 5874; baseline 0 -28"><span class='ocrx_word' id='word_1_905' title='bbox 913 5825 948 5874; x_wconf 48' lang='lat' dir='ltr'><strong>,p</strong></span> 
     </span>
    </p>
   </div>
   <div class='ocr_carea' id='block_1_6' title="bbox 747 5840 971 5910">
    <p class='ocr_par' dir='ltr' id='par_1_6' title="bbox 747 5840 971 5910">
     <span class='ocr_line' id='line_1_69' title="bbox 747 5840 971 5910; baseline -0.004 -7"><span class='ocrx_word' id='word_1_906' title='bbox 747 5875 776 5898; x_wconf 70' lang='grc' dir='ltr'>ιο·</span> <span class='ocrx_word' id='word_1_907' title='bbox 814 5840 922 5910; x_wconf 52' lang='lat' dir='ltr'><strong>3¹⁸³...ss</strong></span> <span class='ocrx_word' id='word_1_908' title='bbox 937 5849 971 5902; x_wconf 54' lang='grc' dir='ltr'><strong>’Ἀ</strong></span> 
     </span>
    </p>
   </div>
   <div class='ocr_carea' id='block_1_7' title="bbox 0 0 2060 6138">
    <p class='ocr_par' dir='ltr' id='par_1_7' title="bbox 0 0 2060 6138">
     <span class='ocr_line' id='line_1_70' title="bbox 0 0 2060 6138; baseline 0 0"><span class='ocrx_word' id='word_1_909' title='bbox 0 0 2060 6138; x_wconf 95' lang='lat' dir='ltr'><strong> </strong></span> 
     </span>
    </p>
   </div>
  </div>
 </body>
</html>
