4104 6162
227 191 280 250 Μ
762 183 791 239 S.
812 179 944 238 0130le
962 173 1109 235 aarum
1128 173 1420 232 CLUNIACENSls·'ll
1886 179 1938 234 500
2046 183 2047 200 ι

227 316 312 373 dives
325 329 393 370 eum
407 317 437 370 et
449 312 658 385 locupletatus,
672 311 702 366 et
714 307 825 365 nullius
844 323 918 377 egeo
933 324 939 370 ;
964 309 994 361 ei
1006 315 1056 360 ne-
1071 303 1097 356 Α
1147 304 1232 358 Vsus.
1249 306 1289 358 itit
1307 302 1382 358 Cum
1397 303 1534 358 sublatus
1548 303 1653 372 struit,
1668 301 1812 357 timebunt
1827 303 1937 372 capeti,

229 405 286 462 soie
309 404 382 477 quis
405 405 439 458 tu
464 415 496 456 es
520 401 620 462 miser,
636 395 1009 468 etmiserabilis,vpauper,
1028 396 1057 448 et
1112 391 1558 463 οι1111111ριινραὸιιιιὶιιν.ὴ
1575 389 1652 448 Solet
1675 390 1706 446 in
1724 390 1877 464 Scriptura
1891 389 1940 447 ali·
2041 462 2044 471 Ι

228 507 336 564 muns,
350 495 381 549 et
402 489 503 548 nudus
516 489 619 559 (Aper.
636 501 676 550 ιιι,
694 487 749 558 11).
760 507 774 537 e
791 489 912 555 Egestas
927 499 998 553 ergo
1012 482 1056 538 ia·
1112 480 1236 554 quando
1247 486 1365 554 tempus
1376 481 1558 554 praeteritum
1570 495 1626 553 pro
1638 479 1748 552 futuro,
1763 485 1792 536 et
1806 479 1938 536 futurum

228 582 304 642 dam
315 579 475 654 praecedet,
485 575 556 651 quia
564 591 654 632 nemo
663 574 825 646 cognitioni
833 575 897 645 ejus
910 572 1054 643 iungitur,
1111 581 1166 643 pro
1181 569 1329 642 praeterito
1343 569 1424 642 poni.
1443 569 1522 626 Sicut
1543 568 1651 626 Joauni
1676 568 1784 624 mulier
1806 567 1939 641 paritura

228 667 287 724 nisi
299 667 384 741 prius
399 667 542 723 virtutum
554 664 675 731 dividis,
683 663 731 719 vel
744 661 973 734 cogitationibus
989 674 1058 715 san·
1112 659 1282 714 masculum
1294 659 1347 730 qui
1360 663 1444 729 regat
1457 662 1558 728 'gentes
1573 659 1604 714 in
1619 657 1701 727 u'rga
1716 657 1820 727 ferree,
1831 671 1880 714 res
1891 673 1938 729 ge-

229 755 285 812 otis
296 754 474 812 mundetur.
487 752 539 810 ,vel
554 757 631 808 certe
654 751 726 824 quia
750 750 850 806 multis
872 750 912 806 ita
932 748 1055 805 iraudu-
1114 751 1160 804 sta
1175 747 1274 804 futura
1289 747 1512 804 demonstratur
1526 749 1630 819 (Apoc.
1647 763 1697 818 ru,
1713 749 1757 819 ti);
1774 753 1803 803 et
1817 746 1939 804 Psalmi-

229 843 324 902 lenter
335 842 480 916 subrepit,
497 845 529 898 nt
543 841 583 899 ah
607 841 649 896 cie
670 840 847 913 reprehendi
860 853 1057 912 nequaquam
1113 841 1176 894 sta:
1193 837 1377 908 «Foderunt,
1388 859 1402 888 »
1416 839 1521 910 inquit,
1538 853 1674 894 «manus
1694 853 1778 894 meas
1801 839 1830 893 et
1849 838 1939 911 pedes

230 931 334 1006 possit.
359 935 393 988 Et
412 930 454 988 sie
479 945 584 988 eorum
608 930 733 986 virtutes
758 933 893 997 evacuat,
908 931 1057 1001 qnatenus
1115 939 1199 982 meos
1216 926 1307 997 (Psoi.
1320 939 1381 994 xrr,
1399 927 1470 996 l7),»
1486 941 1532 982 res
1545 925 1645 982 lutura
1659 941 1713 998 pro
1725 926 1873 1000 praeterita
1887 941 1939 1000 po-

231 1020 346 1078 astutise
361 1020 505 1077 malitiam
528 1035 591 1076 non
610 1018 759 1089 ostendat,
773 1017 879 1074 faciem
894 1017 961 1087 ejus
975 1031 1059 1086 eges·
1114 1014 1204 1070 nitur.
1222 1017 1280 1070 lloc
1300 1029 1371 1084 ergo
1390 1013 1456 1070 loco
1477 1014 1520 1070 nil
1534 1013 1633 1072 obstat
1647 1014 1781 1084 intelligi,
1795 1015 1869 1087 quia
1884 1014 1940 1070 snb

231 1115 278 1166 tas
297 1109 403 1183 preire
417 1109 598 1183 perhibetur.
616 1108 689 1163 Hinc
704 1107 785 1164 euim
800 1107 906 1163 dicitnr
920 1121 974 1179 per
985 1121 1058 1179 pro·
1115 1101 1205 1158 loturi
1221 1102 1362 1174 temporis
1376 1103 1468 1158 modo
1484 1103 1631 1176 praeterita
1652 1103 1877 1160 describuntur.
1893 1107 1941 1160 Ca-

232 1199 375 1273 phaiamr
398 1219 412 1248 u
425 1197 624 1255 comederunt
637 1196 725 1253 alieni
741 1196 836 1252 robur
860 1197 936 1267 ejus,
952 1200 980 1252 et
994 1195 1058 1267 ipse
1115 1191 1203 1248 dente
1215 1192 1315 1264 itaque
1327 1191 1442 1248 abarce
1452 1191 1641 1248 beatitudinis
1652 1192 1813 1256 leviathan,
1823 1192 1940 1250 ruinam

233 1286 382 1358 ignoravit
395 1287 469 1355 (Osa
490 1301 541 1352 vu,
561 1289 601 1353 9).
612 1307 626 1336 a
652 1285 759 1341 Aliter:
785 1284 916 1342 Terribili
935 1284 1059 1356 quidem
1117 1281 1280 1352 ejusetiam
1296 1280 1388 1336 elatos
1403 1280 1526 1352 angelos
1541 1281 1709 1354 expavisse,
1725 1285 1757 1337 ut
1770 1295 1840 1337 cum
1854 1283 1941 1338 istum

225 1375 338 1432 *ordine
349 1374 554 1448 dispositionis
565 1371 699 1442 occultis,
715 1373 895 1446 priusquam
909 1372 1059 1430 leviathan
1117 1369 1283 1426 suillorum
1295 1381 1422 1425 numero
1437 1370 1577 1442 superbia
1592 1370 1712 1444 elapsus
1723 1369 1817 1442 ejecit,
1829 1369 1897 1426 illos
1907 1371 1941 1426 ad

233 1464 287 1520 iste
301 1464 332 1522 in
346 1463 396 1520 ilio
411 1465 557 1522 damnato
570 1463 693 1519 homine
716 1475 807 1535 quem
826 1462 953 1520 assumit
964 1475 1059 1534 eppa·
1117 1459 1268 1515 robustius
1283 1459 1424 1515 standum
1438 1459 1526 1514 timor
1536 1460 1601 1532 ipse
1617 1459 1767 1515 solidaret.
1784 1459 1881 1531 liujus
1896 1460 1943 1516 ila-

232 1557 306 1622 rsat,
322 1567 341 1610 a
355 1557 461 1609 sancta
476 1551 605 1608 Ecclesia
617 1551 761 1608 virtutum
776 1551 864 1621 signa
879 1551 1061 1609 subtrahun-
1117 1561 1177 1621 que
1189 1547 1292 1621 lapsus
1316 1560 1368 1603 eos
1390 1552 1419 1604 et
1441 1549 1542 1604 terruit
1556 1551 1584 1604 et
1607 1549 1763 1620 purgavit:
1779 1548 1893 1620 torridi,
1908 1565 1943 1605 ne

234 1647 293 1713 tur,
317 1642 462 1698 doctrinis
486 1641 578 1698 verba
605 1641 818 1704 conticescunt,
848 1641 1062 1697 miraculorum
1079 1661 1102 1714 Β
1118 1637 1304 1692 conditorem
1328 1651 1416 1692 suum
1441 1637 1569 1710 superbe
1596 1637 1790 1709 despicerent,
1807 1638 1946 1710 purgavit

235 1730 374 1805 prodigia
397 1729 550 1798 tollamur,
567 1733 596 1785 et
620 1732 691 1785 tuuc
717 1733 820 1788 contra
845 1741 897 1786 eos
921 1730 1063 1802 antiquus
1117 1726 1280 1799 vcro‚quia
1293 1725 1616 1798 exeuntibusreprobis
1633 1733 1732 1781 actum
1746 1730 1799 1798 cst,
1817 1731 1849 1782 ut
1864 1725 1943 1782 electi

236 1818 350 1891 illcper
366 1821 472 1890 aperta
493 1817 632 1889 prodigia
654 1817 749 1873 hostis
764 1817 937 1874 ostenditur.
955 1819 1065 1884 Quam·
1119 1813 1183 1881 soli,
1201 1816 1251 1887 qui
1266 1816 1351 1871 beate
1372 1815 1403 1870 in
1427 1819 1573 1871 veternum
1588 1815 1728 1884 viverent,
1745 1819 1941 1871 remanerent.

235 1906 284 1964 vla
298 1905 389 1980 etiam
409 1904 549 1962 fidelibus
573 1906 605 1961 in
626 1905 691 1977 ejus
717 1906 878 1962 certamine
897 1906 983 1976 sigua
1001 1921 1063 1963 non
1118 1907 1283 1960 Possumus
1296 1904 1429 1960 hocloco
1442 1906 1530 1961 etiam
1542 1903 1945 1976 angelossanclosproedice·

237 1995 373 2056 deerunt.
389 1994 447 2052 Sed
461 1998 544 2052 tenta
566 1998 654 2050 erum
676 1993 764 2064 illins,
780 1999 813 2051 ut
826 1999 998 2052 nostrornm
1011 1999 1063 2051 aut
1119 1995 1197 2047 iores
1212 1991 1355 2064 accipere.
1373 1993 1445 2048 llinc
1472 1993 1618 2064 propheta
1638 1992 1696 2047 ait:
1719 2013 1732 2041 u
1743 1991 1845 2063 angeli
1862 1992 1942 2064 pacis

237 2097 346 2157 pauca,
361 2081 688 2140 autnnllavideautur.
703 2082 858 2155 Sequitur:
1120 2095 1222 2137 amare
1248 2081 1363 2136 flebunt
1385 2081 1454 2153 (lau.
1479 2097 1576 2148 xxxin,
1601 2083 1664 2152 7).»
1689 2081 1760 2136 ilinc
1788 2080 1945 2137 llalachiss

273 2175 357 2228 vans.
373 2175 415 2228 11.
428 2171 563 2228 nemora
577 2172 714 2229 curatum
727 2173 792 2242 ejus
806 2171 985 2229 cohaerentia
997 2172 1062 2228 sibi.
1120 2169 1177 2227 ait:
1195 2192 1208 2218 ι
1222 2170 1312 2226 labia
1326 2171 1487 2226 sacerdotis
1502 2171 1669 2226 custodient
1685 2170 1851 2234 scientiam,
1866 2175 1895 2226 et
1909 2170 1947 2226 le

222 2270 273 2303 ’-
288 2263 397 2318 Carnes
420 2259 500 2317 enim
524 2259 675 2316 leviathan
696 2259 786 2330 huius
810 2265 879 2316 suut
901 2275 1008 2316 ornnes
1021 2273 1066 2316 re·
1121 2275 1189 2329 gem
1204 2259 1355 2332 requirent
1379 2273 1416 2315 ex
1435 2275 1486 2316 ore
1499 2259 1572 2332 ejus,
1590 2260 1661 2332 quia
1685 2259 1809 2330 angelus
1829 2261 1945 2316 bomini
1965 2289 1975 2304 ·

238 2349 335 2425 prohi,
351 2349 404 2423 qui
429 2348 470 2405 ed
495 2347 678 2405 intellectrun
699 2345 861 2420 spiritualis
886 2349 990 2421 patria
1011 2363 1066 2421 per
1120 2348 1302 2405 exercituum
1315 2353 1369 2414 ssest
1383 2349 1526 2420 (Mulcclr.
1540 2363 1573 2418 ιι,
1589 2349 1626 2420 1).
1640 2369 1653 2396 e
1668 2347 1849 2404 adveniente
1863 2362 1947 2404 nam·

239 2440 423 2499 desiderium
447 2451 509 2495 uon
523 2442 704 2509 assurgunt.
717 2437 849 2495 llembra
862 2451 933 2494 vero
951 2443 1022 2494 sunt
1034 2439 1066 2494 hi
1121 2451 1180 2510 que
1212 2436 1348 2493 districto
1385 2438 1503 2510 judice,
1543 2441 1677 2494 extremo
1715 2437 1763 2493 hic
1799 2437 1947 2494 leviathan

240 2527 419 2603 quleisdem
432 2526 753 2602 perverseagenubus.
772 2531 877 2583 essese
898 2527 936 2584 ad
958 2527 1067 2600 iniqui·
1121 2525 1276 2582 damnatio
1302 2527 1486 2598 designatur,
1515 2541 1577 2600 qua
1606 2527 1644 2582 de
1668 2528 1725 2583 hoc
1754 2527 1871 2583 mundo
1898 2543 1949 2600 per
2038 2543 2039 2574 ;

240 2621 332 2674 tatem
345 2614 584 2689 precedentibus
595 2613 828 2686 conjunguntur.
844 2615 1066 2672 siouteeontra
1121 2615 1197 2671 iram
1221 2615 1325 2688 judicii
1350 2617 1469 2684 tollitur,
1488 2616 1541 2690 qui
1564 2631 1645 2672 nunc
1670 2617 1748 2672 mira
1775 2622 1949 2674 mansuetu·

240 2704 434 2780 perranum
458 2703 496 2759 de
520 2702 674 2760 dominico
696 2717 820 2776 corpore
839 2703 961 2761 dicitur:
980 2705 1066 2760 «Vos
1121 2704 1200 2760 dinis
1225 2704 1451 2774 longanimitate
1475 2706 1625 2762 toleratur.
1640 2709 1733 2762 Tanto
1758 2711 1860 2761 autem
1881 2707 1949 2763 hine

241 2792 310 2850 estis
322 2806 433 2865 eorpus
446 2790 552 2850 Christi
564 2794 593 2847 et
605 2790 743 2850 membra
756 2791 795 2846 de
810 2791 947 2848 membro
960 2792 989 2864 (1
996 2791 1066 2850 Cor,
1123 2791 1256 2866 pondere
1286 2793 1403 2850 terroris
1430 2795 1585 2860 excutitur,
1601 2796 1633 2850 ut
1659 2798 1833 2850 sauctorum
1860 2793 1948 2850 etlam

241 2897 289 2951 ιιιι,
304 2882 389 2955 21).»
413 2881 488 2948 Quia
507 2881 588 2937 euim
612 2880 763 2952 maignus
776 2880 871 2938 hostis
885 2881 941 2938 sibi
956 2883 986 2938 in
999 2899 1066 2956 per·
1123 2881 1353 2954 proedicaiorum
1368 2881 1519 2952 fortitudo,
1533 2883 1584 2954 qui
1595 2883 1625 2938 in
1636 2883 1813 2956 corporibus
1827 2883 1948 2955 reperiri

240 2969 577 3045 veraoopereaprimis
593 2969 742 3043 usquead
758 2971 923 3028 maximam
942 2985 1103 3066 concor·c
1122 2970 1281 3043 potueriat,
1298 2971 1446 3028 immenso
1474 2975 1584 3027 terrore
1607 2971 1750 3028 turbetur.
1777 2971 1832 3038 Qui
1860 2971 1949 3028 territi

240 3060 304 3131 dat,
318 3061 439 3120 divium
453 3073 552 3117 sermo
575 3059 606 3116 in
629 3073 666 3115 eo
687 3059 825 3116 membra
848 3061 983 3116 earnium
999 3061 1069 3118 sibi·
1122 3064 1300 3134 purgantur,
1316 3060 1388 3133 quia
1411 3060 1435 3118 si
1455 3061 1574 3134 quaeis
1599 3061 1697 3118 inesse
1718 3061 1825 3134 poterit
1838 3060 1949 3117 levium

242 3155 304 3208 met
315 3148 529 3210 cohaerentiam
545 3153 709 3218 memorat3
725 3149 767 3208 alc
781 3162 915 3222 namque
928 3163 1068 3222 perversa
1123 3148 1395 3222 arbusculorum,
1411 3151 1468 3206 hoc
1481 3165 1593 3223 pavore
1607 3151 1790 3223 excoquitur.
1809 3151 1951 3207 conside·

241 3239 423 3300 nnenimlter
442 3238 582 3302 mutiunt,
604 3237 742 3296 utnulla
765 3241 869 3295 eontra
889 3253 920 3295 se
939 3239 1068 3296 vicissim
1123 3238 1252 3294 randum
1268 3254 1339 3295 vero
1354 3243 1407 3306 est,
1422 3239 1453 3295 hi
1477 3240 1529 3312 qui
1548 3239 1677 3296 oderunt
1696 3239 1859 3296 adventum
1873 3239 1951 3311 jndi-

242 3327 444 3401 dlsputationa
465 3326 647 3384 dividantur.
664 3327 698 3382 ui
720 3326 831 3383 ideirco
849 3331 952 3385 oontm
969 3327 1067 3384 honos
1124 3328 1178 3396 cis,
1191 3329 1264 3402 quid
1278 3326 1387 3384 lacient
1401 3329 1425 3384 si
1440 3331 1581 3385 terrorem
1594 3329 1666 3385 tanti
1681 3327 1786 3402 judicii
1799 3329 1891 3386 etiam
1903 3329 1951 3403 qui

241 3416 435 3474 vehementer
447 3415 619 3489 prevalent,
632 3415 706 3488 quia
719 3415 749 3472 in
764 3415 845 3473 malo
861 3431 892 3472 se
915 3417 1069 3474 concordi·
1124 3417 1253 3490 diligunt
1271 3419 1494 3491 expavescunt?
1510 3419 1666 3492 Sequitur:

241 3509 287 3563 ter
308 3507 419 3562 terrem.
436 3505 535 3570 Quam
560 3503 655 3560 scindi
678 3507 763 3577 optat
789 3505 981 3562 concordiam
1002 3521 1070 3580 pro·
1160 3509 1243 3564 Vens.
1263 3511 1306 3563 17.
1321 3510 1397 3564 itum
1412 3508 1644 3578 apprehenderit
1659 3525 1724 3566 cum
1739 3507 1873 3580 qlcdius,
1888 3509 1952 3565 suc

242 3593 344 3668 pheta,
360 3591 481 3649 dicens:
502 3613 516 3642 a
526 3591 689 3665 precipue,
704 3593 839 3658 Domine,
855 3598 883 3650 et
897 3593 996 3652 divide
1016 3596 1069 3652 lin-
1124 3598 1294 3653 surerenas
1303 3599 1412 3666 poterit
1424 3609 1518 3670 aeque
1538 3599 1861 3670 'saslqcequelhorua
1875 3603 1950 3654 -ln

244 3695 321 3754 guas
346 3695 450 3740 eorum
479 3683 571 3746 (Paul.
599 3697 659 3751 niv,
687 3681 764 3754 10).»
792 3683 949 3755 Sequitur:
971 3685 1069 3743 uerter
1126 3683 1951 3761 scripturualiquandoperglaurumsancupredicatio

244 3775 349 3830 eontra
364 3771 576 3842 esmfuirar'nc
599 3776 628 3828 et
648 3771 690 3828 ud
713 3771 811 3828 imum
834 3773 928 3830 eiiam
949 3787 1009 3830 aon
1022 3776 1068 3846 se·
1124 3775 1309 3844 designatur,
1321 3778 1353 3830 ut
1364 3773 1528 3832 illud:«Et
1538 3775 1655 3844 glalius
1672 3775 1803 3850 spiritus,
1816 3777 1901 3850 quod
1910 3781 1952 3833 est

243 3865 360 3920 rentur.
376 3889 411 3902 -·
436 3858 512 3925 Quid
540 3859 739 3934 appellatione
767 3858 910 3930 fulminis,
932 3861 990 3920 nisi
1016 3867 1071 3920 tre·
1125 3859 1258 3918 Verbum
1280 3862 1330 3920 liei
1355 3864 1474 3936 (apta.
1490 3881 1530 3932 vr,
1553 3866 1625 3936 17).»
1649 3864 1819 3938 aliqnando
1842 3869 1951 3923 aterna

243 3948 362 4008 menda
402 3949 458 4006 illae
497 3948 621 4006 extremi
656 3947 761 4022 judicii
803 3951 954 4008 sententia
994 3952 1070 4009 desi·
1125 3947 1291 4020 damnatio,
1317 3957 1351 4007 ut
1371 3951 1461 4008 illud:
1488 3953 1541 4010 «Si
1561 3953 1747 4026 multiplicati
1768 3953 1880 4010 fuerint
1903 3953 1950 4010 tilii

244 4039 400 4112 manum
425 4041 498 4107 Qua
524 4038 636 4097 idcirco
661 4037 789 4096 fulmina
815 4045 970 4104 vocantur.
998 4042 1071 4115 quia
1124 4039 1190 4110 ejus
1213 4038 1243 4095 in
1267 4039 1367 4110 gladio
1391 4046 1478 4098 erunt
1498 4042 1575 4112 (doh
1592 4059 1678 4108 xxvii,
1694 4044 1765 4114 11).»
1781 4042 1950 4116 Aliquando

243 4127 386 4186 nimirum
408 4144 460 4185 eos
483 4143 561 4202 quos
584 4127 693 4184 ieriuut
715 4127 746 4184 in
767 4131 947 4200 perpetuum
968 4130 1069 4188 incen-
1125 4126 1465 4202 tribulatiotamporalis,
1479 4130 1610 4188 utillud:
1624 4154 1637 4183 c
1652 4131 1951 4204 attuamipsiusani-

243 4215 320 4273 dunt
334 4216 460 4274 fulmina
474 4217 514 4274 ad
527 4216 629 4273 locum
639 4215 733 4276 alium
746 4215 989 4283 nonreferentur,
998 4219 1071 4292 quia
1109 4232 1209 4274 *mam
1224 4217 1415 4290 pertransibit
1427 4219 1545 4289 gladius
1559 4220 1641 4292 (Luc.
1658 4237 1687 4288 ιι,
1699 4221 1771 4294 35).»
1781 4220 1951 4294 Aliquando

241 4303 330 4376 justis
353 4305 567 4376 gaudentibus,
587 4305 667 4362 solos
691 4307 762 4362 tunc
784 4303 929 4378 reprobos
950 4306 1068 4365 feriunt.
1125 4305 1240 4378 antiqui
1263 4305 1356 4362 hostis
1379 4305 1423 4363 ira
1445 4307 1491 4362 vel
1506 4307 1661 4380 persuasio
1676 4307 1861 4380 designatur,
1877 4313 1909 4366 ut
1922 4308 1951 4364 il-

244 4391 400 4466 Sequitur:
1123 4391 1195 4449 lud:
1220 4415 1234 4445 u
1247 4394 1302 4460 Qui
1316 4393 1425 4451 liberas
1440 4395 1532 4451 lievid
1555 4411 1676 4452 servum
1701 4401 1784 4453 tuum
1800 4397 1838 4453 de
1852 4397 1951 4468 gladio

280 4479 368 4538 Vens.
384 4485 427 4538 15.
444 4483 581 4553 Corcjus
595 4481 790 4540 indurabitur
811 4488 955 4558 tunquam
980 4485 1068 4558 lupis.
1125 4480 1258 4552 maligno
1282 4482 1376 4556 (Psoi.
1401 4499 1497 4550 cxliii,
1521 4485 1573 4558 11)).
1585 4508 1598 4535 a
1620 4485 1740 4558 Antiqui
1765 4501 1836 4556 ergo
1859 4486 1951 4544 hostis

244 4570 350 4628 -Cor
372 4569 453 4630 enim
477 4569 592 4644 antiqui
607 4569 714 4642 hostis,
730 4569 852 4644 uilapis
872 4571 1070 4632 indurabitur
1125 4573 1171 4628 est
1185 4569 1302 4642 gladius
1313 4570 1361 4628 ille
1377 4575 1447 4628 tunc
1462 4572 1625 4632 damnatus
1639 4573 1731 4630 homo
1745 4573 1775 4630 in
1792 4591 1883 4630 usum
1898 4573 1952 4628 mi-

243 4659 316 4736 quia
329 4659 413 4720 nulle
430 4675 566 4736 unquam
592 4659 795 4719 conversionis
806 4661 982 4738 poenitentia
996 4663 1070 4721 rnol-
1124 4657 1236 4716 nisterii
1250 4659 1316 4732 ejus
1339 4664 1527 4733 assumptus
1554 4661 1656 4734 ipsum
1668 4661 1781 4734 quippe
1802 4675 1857 4733 per
1871 4658 1954 4716 mdi-

242 4747 387 4810 lietur.—
402 4749 558 4826 Sequitur:
579 4751 798 4824 Eretricqeiur
812 4751 899 4824 quasi
912 4752 1068 4810 malleato-
1124 4747 1197 4804 tiam
1237 4746 1352 4807 fraudis
1392 4750 1522 4820 exacuit,
1564 4755 1593 4806 et
1630 4749 1820 4820 infirmorum
1863 4748 1954 4804 corda

242 4837 286 4896 ris
300 4839 396 4896 iactu.
409 4871 444 4882 -
456 4835 532 4908 Quia
544 4838 665 4898 interni*
672 4837 798 4898 vinculis
814 4838 1023 4904 coarctabitur,
1037 4843 1071 4898 ut
1125 4836 1283 4908 transfigit.
1301 4837 1330 4894 Si
1344 4842 1444 4896 autem
1460 4839 1551 4910 gladii
1565 4840 1688 4901 nomine
1712 4841 1777 4912 ejus
1791 4839 1836 4896 ira
1857 4839 1954 4910 sigua·

243 4925 346 4984 sumi
359 4927 497 5002 supplicii
514 4928 656 4986 conbuua
668 4928 872 5002 percussione,
888 4943 972 4989 moro
985 4929 1069 4986 ineu·
1124 4929 1181 4994 tur,
1196 4930 1275 4983 recte
1289 4941 1352 4984 nou
1366 4927 1512 4999 gladium,
1528 4928 1581 4985 sed
1602 4945 1621 4985 a
1643 4929 1745 5000 gladio
1765 4927 1953 5004 apprehendi
2046 4959 2047 4998 ,

242 5009 290 5070 dis
312 5013 474 5085 tundalum
502 5013 684 5074 sicutenim
711 5015 769 5074 alia
794 5033 868 5076 vase
890 5017 1070 5090 formantur,
1123 5014 1305 5089 perhibetur.
1336 5017 1369 5074 ln
1397 5021 1512 5076 tautam
1545 5017 1657 5092 quippe
1690 5034 1772 5074 cunc
1803 5017 1953 5076 insanum
2046 5071 2047 5096 ,

241 5101 310 5178 ipsa
331 5115 404 5160 vero
429 5105 472 5162 iot
493 5103 740 5178 percussionibus
765 5105 797 5164 in
824 5121 875 5164 ves
899 5105 982 5164 aliud
1008 5121 1070 5162 non
1122 5107 1311 5172 vertetur,.nt
1334 5105 1484 5164 dominari
1497 5107 1640 5164 omnibns
1667 5111 1822 5182 appetens,
1837 5123 1952 5180 nequa·
2046 5097 2047 5102 ’

240 5191 427 5266 transiertur,
439 5193 482 5252 ita
496 5192 587 5251 ctiam
607 5209 663 5250 nos
687 5193 780 5252 modo
800 5193 850 5252 illo
872 5199 1070 5272 persequente
1123 5209 1217 5266 quam
1230 5210 1292 5252 aua
1305 5193 1493 5264 dominetur;
1521 5211 1582 5252 non
1604 5196 1685 5254 euim
1704 5197 1780 5253 irem
1795 5195 1953 5268 possidens

239 5281 470 5358 componimur:
494 5281 560 5356 ipse
583 5286 683 5342 autem
705 5285 734 5340 et
758 5299 877 5358 semper
895 5283 1069 5358 percutitur,
1124 5287 1213 5353 unet,
1242 5283 1295 5342 sed
1318 5283 1357 5342 ab
1381 5285 1425 5342 irc
1451 5285 1577 5342 sarriens
1602 5289 1727 5362 tenetun
1754 5287 1808 5342 Per
1833 5285 1953 5342 hastam

238 5377 267 5429 et
294 5369 325 5432 in
353 5389 423 5432 vase
450 5373 514 5432 utili
537 5388 696 5448 nunqnam
721 5377 861 5432 mutatur.
892 5377 959 5448 ipso
988 5373 1069 5432 enim
1124 5389 1256 5447 namque
1277 5373 1497 5447 predicationis
1519 5374 1631 5446 iacula,
1645 5391 1699 5448 per
1714 5375 1870 5435 meracam
1885 5389 1953 5430 vere

235 5463 367 5520 uniente
391 5463 557 5536 tundimur,
573 5462 626 5520 sed
652 5467 685 5520 ut
709 5461 749 5520 ad
775 5479 864 5522 usum
889 5461 999 5524 domus
1022 5479 1071 5520 su·
1124 5461 1266 5522 fortitudo
1297 5461 1446 5536 patientiae
1475 5463 1659 5534 designatur.
1686 5462 1850 5530 leviathau
1883 5476 1952 5532 erge

235 5563 337 5622 pernae
360 5551 527 5622 veniamus,
545 5553 668 5636 superui
696 5551 817 5614 artificis
844 5567 939 5613 manu
961 5551 1071 5616 torma·
1124 5551 1155 5610 in
1169 5551 1381 5610 anuchriuum
1394 5553 1631 5625 varicositate
1652 5551 1769 5622 virtutis
1783 5549 1951 5625 apparebit,
2046 5611 2047 5614 ,

233 5653 312 5701 mur.
329 5639 484 5726 Sequitur3
1125 5645 1159 5702 ut
1170 5640 1195 5698 si
1209 5656 1373 5715 supernum
1387 5641 1571 5716 adiutorium
1585 5641 1671 5716 desit,
1682 5645 1710 5700 et
1722 5639 1951 5728 predicantium
