4106 6148
140 125 192 180 953
469 126 680 188 seruitutis
700 129 896 190 flnuuausts
914 131 1075 190 hunnine.
1096 165 1130 176 -
1150 137 1290 196 NOTITIA
1309 141 1504 200 hisronlcn.
1793 151 1847 206 aas

133 245 218 318 lium,
232 262 350 306 necnon
357 247 505 308 laicorum
512 251 682 311 habebatur
691 255 855 329 sepultura,
870 255 965 314 accito
979 259 1010 324 A,
1019 258 1140 328 montis,
1156 263 1212 318 etc.
1230 278 1237 330 ;
1260 265 1292 318 ut
1319 267 1421 322 autem
1447 265 1512 324 hec
1532 267 1693 326 auctoritas
1721 269 1847 328 firmiori

139 335 270 407 generali
284 341 444 409 conventu,
456 339 551 414 ipsius
566 341 691 400 consilio
718 343 910 414 deliberatus,
933 344 965 400 in
1018 345 1121 404 valeat
1132 348 1244 420 vigore,
1260 353 1321 407 tam
1337 354 1458 426 proprio
1474 355 1582 430 sigillo,
1606 373 1701 430 quain
1727 358 1847 417 clerico·

134 422 301 496 antiquum,
320 427 351 480 ut
363 423 445 484 iama
456 431 528 497 erat,
545 430 780 488 conversationis
790 432 964 490 monasticae
1018 448 1087 491 rum
1099 439 1284 502 nostrorum,
1301 442 1328 496 et
1340 439 1487 500 nobilium
1503 443 1648 503 laicorum
1677 445 1847 506 testimonio

135 515 245 568 statum
259 513 431 584 reformare,
447 519 475 572 et
487 521 577 590 proiit
589 517 724 578 dictabat
744 522 888 595 temporis
911 539 964 596 op·
1019 523 1278 585 subterroborare
1293 529 1475 588 censuimus.

135 601 303 674 portunitas
314 603 617 680 quantulumeunque
628 624 789 668 numerum
801 611 964 668 monacho·
1055 613 1180 684 Signum
1190 615 1343 675 Roriconis
1352 618 1468 690 indigni
1481 621 1687 680 laudunensis
1699 624 1845 698 presulis.

134 705 202 746 rum
217 705 391 762 aggregare.
408 695 543 752 Evocatis
556 695 646 767 igitur
659 701 869 758 amonasterio
880 717 964 758 sanc·
1055 704 1219 762 statuimus
1230 721 1301 778 ergo
1314 723 1382 764 eam
1394 709 1510 766 mittere
1525 713 1701 770 venerandae
1716 715 1845 788 synodo,

135 779 417 856 tiRenedictisupra
445 785 570 857 Ligerim
590 787 645 845 sito
673 789 834 848 duodecim
858 808 963 850 mona·
1017 807 1086 866 quae
1099 792 1204 850 habita
1217 799 1261 852 est
1276 795 1360 869 apud
1382 799 1510 855 llontem
1539 799 1655 857 Sancte
1682 801 1788 869 llariae,
1814 803 1846 860 in

133 866 206 936 chis,
221 867 263 924 eis
275 870 479 929 venerabilem
501 873 688 932 Relchanum
718 878 837 952 praefeci
869 879 962 938 abba·
1017 895 1098 953 pago
1113 882 1305 955 Tardanensi,
1321 900 1425 944 mense
1436 886 1520 956 Raio,
1544 885 1597 943 ubi
1622 887 1778 946 recitatum
1803 895 1849 949 est

133 959 203 1025 tem,
219 972 350 1030 eumque
362 975 432 1016 cum
445 961 558 1018 ceteris
573 963 771 1022 monachisin
786 966 893 1023 eodem
905 982 963 1023 coe·
1016 967 1075 1026 hoc
1089 969 1237 1028 residente
1255 971 1381 1031 domino
1405 973 1592 1034 hdalberone
1620 976 1849 1052 archiepiscopo

133 1043 225 1101 nobio
240 1045 281 1103 ad
292 1049 352 1104 lieo
366 1049 559 1108 serviendum
574 1053 725 1122 constitui,
748 1054 859 1129 quibus
887 1055 964 1113 inter
1017 1073 1088 1116 euin
1100 1060 1297 1136 coepiscopis,
1313 1067 1404 1138 atque
1419 1066 1575 1122 communi
1599 1081 1727 1124 assensu
1746 1067 1785 1125 ab
1804 1067 1848 1124 eis

133 1137 239 1193 cetera
251 1134 399 1196 beneficia
415 1154 491 1197 eme
507 1140 614 1200 collata
627 1143 766 1200 secundia
781 1144 861 1202 sedis
888 1145 964 1220 epis·
1016 1148 1203 1208 roboratum.

136 1227 264 1298 copatus
275 1224 462 1299 dignitatem,
477 1229 517 1288 ab
532 1231 770 1290 antecessoribus
784 1235 892 1292 nostris
912 1250 964 1292 an·
1053 1237 1203 1296 hdalbero
1215 1243 1326 1298 sanctie
1338 1239 1474 1300 Ecclesia
1501 1243 1655 1301 Remensis
1683 1243 1847 1318 archiepis-

132 1310 223 1384 tiquis
236 1313 335 1371 eidem
350 1315 488 1376 Ecclesia
503 1334 647 1380 concessa
658 1321 843 1396 approbans,
853 1323 962 1382 contir-
1017 1341 1112 1401 copus
1127 1327 1303 1403 subscripsi,
1319 1333 1348 1387 et
1362 1331 1565 1390 corroboravi.

132 1401 215 1457 mavi
231 1419 237 1457 :
255 1403 440 1476 sepulturam
449 1423 571 1482 quoque
593 1410 813 1485 episcoporum,
839 1413 962 1470 canoni·
1052 1419 1160 1474 hatum
1175 1417 1299 1475 laudini
1311 1433 1393 1476 anno
1408 1422 1624 1479 lncamationis
1639 1423 1757 1480 Domini
1774 1438 1846 1480 nos·

132 1505 247 1558 corum,
276 1499 457 1564 casatorum,
483 1499 654 1572 custodum,
691 1502 793 1558 matris
826 1503 961 1560 Ecclesiae
1017 1504 1054 1561 tri
1068 1507 1138 1562 Jesii
1154 1506 1258 1564 Christi
1273 1508 1452 1580 sai,indict.
1470 1527 1511 1580 iv,
1527 1511 1653 1569 Kalend.
1667 1512 1846 1571 Octobrisin

132 1579 357 1652 capellanorum
366 1598 402 1640 ac
410 1584 601 1644 servientium
611 1592 639 1644 et
646 1587 960 1661 familiariumeorum,
1018 1607 1100 1650 anno
1112 1609 1152 1648 v:i
1167 1594 1295 1653 lotharii
1311 1595 1401 1666 regis.

132 1669 266 1726 concessi
278 1670 369 1730 etiam
381 1674 569 1746 procinctum
582 1681 612 1734 et
624 1677 792 1736 districtum
820 1679 906 1738 vallis
934 1685 963 1738 et

770 2001 858 2049 ΔΝΝΟ
881 2003 993 2050 ΒΟΜῙΝΙ
1018 2005 1166 2051 uccccnxi

638 2109 642 2114 ¹
699 2130 1286 2286 ARTHALDUS

731 2387 933 2448 RHEllENSIS
950 2390 1247 2450 incuinrtscorus

874 2523 1107 2540 ἡ

475 2653 698 2738 ΝΟΤΙΤΙΑ
734 2659 1027 2741 HISTORICA
1056 2662 1113 2742 IN
1146 2662 1507 2744 ARTHALDUM.

804 2857 855 2930 (ii
877 2857 970 2916 caina
983 2858 1176 2928 christiana.)

170 3147 183 3174 a
197 3129 254 3184 Nec
267 3143 363 3195 mora,
377 3129 474 3202 inquit
489 3129 685 3200 Flodoardus,
696 3137 764 3206 post
774 3133 890 3190 obitum
916 3133 960 3207 ip·
976 3119 998 3172 Β
1019 3134 1293 3216 cenorum,·asede
1309 3151 1364 3192 sua
1376 3138 1551 3216 recesserat,
1562 3134 1593 3216 in
1616 3133 1749 3191 Ecclesia
1775 3133 1848 3190 Rhe

133 3195 196 3252 sius
210 3198 299 3255 Seulti
315 3200 483 3258 Reribertus
498 3217 598 3259 eomes
619 3204 737 3260 Rhamis
761 3205 842 3261 venit
868 3205 960 3260 advo·
1018 3205 1116 3261 mensi
1131 3209 1271 3278 recipitur
1285 3205 1324 3261 ab
1340 3205 1493 3287 Hei-iberte
1507 3210 1625 3287 comite,
1641 3205 1680 3262 ad
1692 3203 1847 3286 celebran-

132 3283 205 3324 cans
220 3269 379 3328 abbonem
388 3273 565 3346 episcopum
582 3276 814 3344 suessionicum,
831 3281 859 3332 et
871 3279 960 3332 Roso-
1018 3275 1093 3332 dum
1105 3276 1278 3358 episcopale
1290 3276 1436 3358 duntexat
1448 3281 1657 3344 ministerium,
1670 3291 1735 3358 uice
1749 3276 1849 3345 lingo·

131 3353 202 3395 nem
216 3341 451 3400 catalaunicum.
470 3345 584 3410 Quibus
601 3345 657 3402 sibi
680 3347 802 3417 junctis,
830 3351 959 3403 tractans
1017 3346 1075 3416 nis,
1090 3347 1185 3420 ipsius
1201 3353 1318 3403 comitis
1331 3346 1392 3412 filii,
1407 3353 1477 3404 tunc
1499 3347 1600 3429 adhue
1614 3346 1757 3475 parvuli,
1779 3361 1850 3402 con-

132 3425 224 3483 super
236 3411 378 3470 electione
393 3415 515 3472 rectoris
525 3415 617 3488 hujus
629 3416 802 3474 Rhemensis
812 3418 959 3488 Ecclesiae,
1018 3433 1103 3474 cessa
1117 3418 1215 3474 eidem
1229 3417 1350 3492 praesuli
1365 3417 1487 3475 abbatia
1503 3424 1596 3475 sancti
1636 3417 1759 3475 imothei
1776 3433 1847 3473 cum

132 3485 193 3537 tam
209 3483 331 3541 clericos
345 3501 439 3558 quam
449 3485 542 3544 laicos
555 3488 594 3544 ad
610 3487 793 3548 voluntatem
808 3505 894 3545 suam
918 3490 961 3544 in·
1018 3489 1107 3544 unius
1121 3493 1237 3546 tantum
1244 3489 1415 3616 meenda
1430 3489 1535 3545 clerici.
1555 3513 1569 3540 a

131 3553 252 3610 tendere
267 3555 342 3612 iecit.
359 3559 521 3630 sequentes
533 3558 623 3630 igitur
636 3560 702 3630 eJus
728 3559 897 3627 consilium,
922 3575 960 3616 ne
1053 3560 1243 3630 hnn0931,i
1279 3565 1323 3642 est
1341 3560 1415 3617 torte
1441 3563 1502 3642 932,
1528 3564 1561 3616 ut
1588 3559 1643 3642 fert
1668 3559 1849 3618 chronicum

131 3623 205 3680 torte
228 3640 282 3696 pei·
296 3633 454 3686 extraneas
468 3645 613 3702 personas
628 3631 729 3704 episco
752 3637 819 3688 atus
845 3630 960 3688 divide·
1018 3631 1196 3698 Rhemense,
1211 3631 1521 3688 ortasimultateinter
1545 3635 1669 3688 comites
1693 3633 1849 3712 Erigonem

130 3699 220 3762 retur,
244 3695 357 3766 eligunt
373 3699 468 3756 filium
480 3701 583 3773 ipsius.
603 3702 725 3758 nomine
763 3717 894 3774 ugonem
906 3703 959 3756 nrt·
1018 3706 1046 3756 et
1061 3701 1257 3768 heribertum,
1273 3717 1309 3756 ae
1337 3717 1438 3772 regem
1466 3701 1673 3784 Rodulphum,
1701 3701 1851 3782 hic,·post

131 3765 257 3820 modum
279 3769 452 3839 parvulum,
478 3771 531 3842 qui
557 3787 611 3827 nec
640 3773 740 3828 adhuc
763 3770 961 3844 quinquennii
1019 3775 1076 3826 tres
1091 3771 1310 3840 hebdomadas,
1326 3777 1414 3844 capta
1429 3772 1588 3854 Rhemensi
1609 3771 1692 3836 urbe,
1708 3785 1851 3852 conjunc-

131 3840 250 3906 tempus
266 3837 421 3910 explesset.
437 3843 544 3906 Quare
571 3847 690 3914 patrata
704 3843 745 3898 ad
771 3856 872 3911 regem
894 3857 962 3915 pro-
1018 3842 1055 3897 tis
1081 3840 1137 3896 sibi
1165 3841 1269 3921 decem
1294 3845 1323 3896 et
1348 3847 1587 3968 ectouefiiscopis
1611 3857 1648 3897 ex
1663 3844 1787 3898 Francia
1802 3839 1850 3896 vel

130 3907 323 3989 perantejus
347 3911 531 3968 auctoritatis
556 3913 753 3984 impetrandae
778 3911 883 3983 gratia.
907 3915 962 3968 Ro·
1018 3909 1201 3981 Burgundii,
1217 3911 1286 3968 iecit
1299 3911 1433 3968 ordinari
1474 3928 1509 3968 ac
1534 3927 1565 3994 in
1593 3911 1663 3968 sede
1688 3911 1849 3994 praesulem

130 3976 232 4032 dulius
245 3977 335 4049 igitur
348 3982 483 4049 rex,hac
498 3981 641 4039 electione
666 3989 831 4056 comperta,
856 3983 961 4056 priate-
1019 3982 1176 4038 arialdum
1189 3983 1354 4055 quemdam
1375 3999 1411 4039 eii
1438 3981 1576 4040 coenobio
1604 3987 1700 4039 sancti
1726 3985 1850 4051 Remigii

130 4051 231 4104 torum
244 4049 455 4133 episcoporum
471 4052 595 4111 consilio
617 4055 817 4112 Rhemensem
845 4055 962 4126 episco·
1018 4052 1214 4134 monachum.
1230 4052 1287 4109 Sed
1300 4053 1450 4120 anuntio,
1467 4053 1637 4124 Rerbertus,
1648 4055 1848 4109 Durocortoro

130 4125 236 4192 patum
251 4123 409 4180 committit
422 4123 575 4182 heriberto
588 4139 613 4182 ae
638 4125 736 4182 uitatis
750 4141 878 4182 censura
902 4125 962 4180 dis·
1017 4125 1126 4180 iterum
1140 4139 1171 4179 iri
1184 4139 1271 4180 suam
1283 4127 1459 4197 potestatem
1469 4124 1600 4192 redacto,
1617 4123 1773 4206 Arialdum
1783 4139 1850 4205 coe-

130 4191 308 4262 ponendum
320 4197 410 4266 atque
422 4195 589 4265 regendum
605 4212 622 4252 a
657 4197 733 4270 ipso.
751 4195 806 4264 Qui
819 4195 908 4252 etiam
923 4195 963 4251 le·
1019 4195 1061 4266 git
1073 4193 1214 4251 abdicare
1230 4211 1261 4252 se
1276 4194 1462 4324 episcopatu.
1474 4198 1566 4262 Tunc,
1578 4210 1657 4278 aune
1668 4199 1849 4276 insequenti,

131 4267 216 4332 gatos
232 4262 367 4320 Ecclesiae
383 4282 453 4322 cuni
466 4265 593 4324 ebbone
609 4267 736 4340 praesule
746 4270 873 4324 Romam
896 4266 962 4322 mit·
1018 4266 1172 4338 synodum
1187 4266 1269 4349 apud
1306 4281 1459 4350 uessiones
1474 4269 1675 4338 congregavit,
1691 4281 1778 4347 cuius
1799 4263 1850 4320 de-

131 4341 192 4388 tere
208 4335 322 4404 sategit,
338 4335 429 4408 hujus
444 4337 596 4394 electionis
617 4339 770 4396 decretum
797 4354 901 4396 secum
922 4337 962 4394 ie·
1019 4341 1100 4418 crete
1114 4339 1209 4419 Ruga,
1225 4337 1304 4419 titius
1314 4336 1472 4463 eeusculero
1484 4343 1512 4394 et
1526 4337 1639 4419 populo
1657 4339 1848 4418 assentiente,

130 4407 239 4472 rentes,
255 4410 284 4461 et
295 4421 454 4464 assensum
469 4425 557 4482 papie
574 4425 710 4483 superea
741 4414 862 4466 etentes.
875 4411 962 4466 toan·
1019 4407 1264 4480 archiepiscopus
1277 4423 1309 4464 iii
1352 4407 1454 4490 aeilica
1482 4413 1577 4492 eaneti
1598 4411 1722 4490 Remigu
1745 4421 1850 4463 conse-

131 4489 184 4530 nes
197 4475 298 4549 itaque
314 4493 407 4552 papa,
438 4479 650 4537 interveniente
674 4426 799 4537 ibbone
823 4479 960 4560 presule.
979 4467 998 4524 C
1019 4484 1118 4560 cratus
1134 4482 1206 4559 este
1221 4479 1397 4562 tiberiensis
1411 4495 1572 4561 pecuinciae
1584 4493 1743 4560 episcopis.
1760 4479 1849 4558 Caete·

154 4546 265 4602 etitioni
280 4563 385 4606 eorum
401 4565 583 4607 consensum
596 4551 747 4624 praebens.
773 4551 961 4624 episcopium
1018 4565 1059 4605 ris
1071 4548 1119 4605 ille
1133 4547 1290 4605 ordinibus
1302 4565 1367 4620 Jam
1382 4554 1513 4631 initiatus
1527 4554 1600 4630 erat,
1609 4547 1776 4628 minoribus
1786 4561 1849 4619 quis

131 4561 297 4674 ssiemeisa
326 4619 446 4678 Abboni
471 4622 614 4696 episcopo
642 4623 770 4693 delegat,
797 4638 866 4703 quse
894 4626 963 4678 sunt
1018 4621 1089 4702 dem
1104 4619 1143 4702 ab
1158 4616 1850 4702 abbonesuessionensi,diaconatueWidone

131 4689 664 4820 ttttttttrtttttttttetttit
677 4694 963 4835 iiiihtitliiiii
1019 4689 1851 4830 trtritta?iteretisutilitatibus:

132 4845 233 4886 comes
246 4837 390 4904 potestate
402 4834 513 4906 potitus
527 4835 701 4891 Rhemensis
714 4833 858 4908 episcopii
869 4833 962 4904 injus·
1020 4832 1122 4902 gressi,
1136 4831 1261 4912 pallium
1277 4830 1374 4886 eidem
1387 4831 1529 4920 eteierunt
1551 4847 1569 4886 a
1595 4829 1746 4918 §tephano
1766 4845 1850 4903 papa

131 4905 159 4956 te
175 4902 302 4973 privavit
315 4909 375 4960 tam
392 4920 440 4960 me
455 4905 508 4977 qui
523 4919 585 4961 non
600 4905 792 4962 interfueram
823 4907 962 4960 raemissae
1020 4907 1339 4958 transmissumhnno
1350 4905 1721 4984 940.suinmuinl⁴ranciee
1734 4900 1837 4982 cancel

132 4971 269 5030 electioni
285 4991 356 5039 suae,
373 4991 467 5048 quam
480 4975 642 5032 nonnullos
654 4977 727 5034 alios
740 4980 769 5032 et
783 4921 905 5032 clinicos
934 4979 963 5030 et
1019 4973 1127 5054 larium
1143 4973 1274 5053 gerebat.
1291 4978 1377 5028 hnno
1388 4977 1439 5029 tilb'
1456 4972 1574 5029 abbatis
1593 4975 1758 5042 Remigium
1783 4987 1850 5052 Jiire

131 5043 224 5099 laicos
245 5044 397 5102 beneficiis
423 5045 650 5119 possessionum
682 5045 961 5110 ecclesiasticarum,
1019 5061 1054 5100 ac
1071 5044 1154 5124 titulo
1171 5045 1375 5122 cessitehnno
1390 5047 1453 5113 946,
1470 5047 1705 5124 Durocortorum
1726 5041 1845 5098 obside-

131 5114 244 5188 quibus
259 5133 277 5172 a
291 5116 529 5188 praecedentibus
543 5117 692 5190 episeopis
703 5117 849 5174 munerati
879 5117 961 5172 vide·
1020 5121 1067 5196 tui·
1082 5115 1205 5169 atritius
1220 5113 1520 5196 regibus,¹l.ndovico
1536 5113 1849 5193 transmarmo't'raii-

131 5185 241 5243 bamur
256 5187 520 5244 obsecundationis
531 5189 635 5257 gratia.
650 5189 721 5254 Oura
737 5202 792 5268 pro
800 5186 886 5244 libitu
899 5203 962 5244 sure
1020 5202 1083 5247 cias,
1096 5185 1210 5242 Othone
1225 5187 1400 5267 Germania,
1416 5185 1576 5242 Gouraddo
1599 5183 1699 5263 Galliis
1712 5179 1845 5262 'Cisalpi-

131 5257 294 5316 voluntatis
306 5259 416 5332 quibus
431 5257 488 5316 sibi
502 5257 615 5331 placuit
632 5257 802 5332 impertivit.
830 5257 961 5327 Interim,
1019 5273 1076 5312 niti.
1093 5257 1179 5325 Hugo
1191 5271 1266 5337 uero⁸
1277 5263 1408 5338 sentiens
1422 5271 1453 5311 se
1469 5259 1551 5310 tauto
1579 5255 1719 5308 exercitui
1743 5265 1849 5334 parem

133 5331 287 5396 annotat,
313 5329 448 5403 synodus
472 5345 523 5386 seii
551 5330 652 5403 episco
676 5345 763 5386 orum
788 5328 963 5386 Rhemensis
1019 5343 1080 5384 non
1096 5343 1170 5393 esse,
1185 5325 1308 5382 consilio
1323 5326 1425 5408 habito
1440 5341 1510 5406 cuin
1523 5321 1646 5403 Amulio
1674 5319 1850 5403 Elandrensi

132 5399 296 5456 dioeceseos
309 5399 392 5472 apud
406 5400 580 5468 trosleium,
593 5403 659 5458 llari
682 5401 736 5457 erti
763 5399 878 5456 comitis
900 5399 964 5470 jiis·
1021 5397 1142 5454 Widone
1166 5413 1408 5467 consanguineis,
1444 5393 1598 5466 quidhoc
1623 5407 1653 5448 iii
1676 5391 1849 5449 discrimine

133 5471 216 5526 sione
233 5475 407 5536 convocata,
420 5487 490 5544 rege
500 5475 601 5528 tamen
625 5471 783 5545 Rodulpho
812 5469 962 5527 contradi·
1019 5469 1172 5552 agendum
1186 5473 1262 5550 esset
1277 5471 1409 5549 (pactum
1422 5479 1554 5546 namque
1567 5467 1630 5518 erat
1648 5467 1686 5546 'ut
1713 5477 1850 5546 eruerem

133 5545 217 5598 cente
241 5543 358 5613 patrata
373 5547 426 5598 est.
440 5542 580 5599 Paridem
593 5541 653 5599 iere
664 5547 792 5616 tempus,
805 5541 960 5599 0dolricus
1019 5545 1066 5597 tur
1080 5557 1173 5614 ipsius
1183 5539 1272 5608 oculi,
1289 5555 1312 5620 si
1328 5537 1434 5592 urbem
1447 5550 1556 5618 t¹f³³t³¹
1576 5535 1768 5616 centigisset),
1791 5531 1848 5614 sibi

127 5583 281 5686 ,iquehsis
294 5612 454 5687 episcopus
467 5613 530 5688 qui,
545 5613 585 5671 ob
598 5613 838 5689 persecutionem
860 5614 961 5670 Sarra·
1019 5627 1140 5682 cavens,
1153 5613 1222 5685 post
1244 5613 1362 5667 tertium
1391 5605 1557 5664 obsidioms
1578 5605 1660 5663 diem
1688 5621 1758 5662 eum
1786 5617 1848 5660 suis
