4110 6138
269 159 322 221 eet
488 119 489 124 Ν
876 146 1013 213 nmini
1032 145 1134 212 inisti
1152 138 1368 212 samuhelis
1501 163 1504 170 ·
1892 154 1931 212 sse

269 285 357 342 tollat
368 283 484 340 omrem
499 293 584 338 suom
594 278 734 353 quotidie,
746 283 776 337 ct
789 281 933 352 sequntur
946 293 992 335 me
1011 275 1095 349 [Luc.
1115 271 1140 334 l
1155 275 1297 336 omnibu
1306 278 1384 335 enim
1394 274 1609 346 omnicreator
1620 279 1672 331 'era
1695 276 1762 329 tarn
1773 274 1932 347 hmsblcut

268 373 319 447 lx).
331 374 462 439 Quorum
475 367 523 428 ille
538 369 638 427 adhuc
651 381 727 443 puer
748 367 853 426 crebro
868 383 994 436 memor,
1007 369 1035 426 et
1050 365 1098 423 die
1153 381 1253 426 enses
1266 365 1386 425 Oia-tuo
1402 364 1593 438 lucrifaceret
1609 363 1638 434 (i
1652 363 1719 420 Gor.
1732 364 1779 436 rx).

269 477 304 520 ac
317 461 404 518 nocte
415 459 553 534 srep'eilla
563 460 780 517 incitassecnrn
790 458 956 524 resolvens,
968 455 1025 531 pits
1035 471 1098 512 mo·
1187 455 1232 513 iv.
1242 459 1282 514 Ea
1296 455 1473 530 tempestate
1484 453 1640 521 Frisiones,
1661 451 1792 509 homines
1804 452 1932 519 tuccetis

267 547 388 608 ribuset
403 551 513 607 sanctis
523 545 666 623 operibus
678 547 768 621 plane
781 547 864 622 apud
879 561 911 604 se
927 545 1027 604 statuit
1039 547 1099 602 Deo
1152 549 1214 603 tarn
1224 543 1321 604 toedos
1332 549 1417 603 erant
1425 541 1557 618 prolapsi
1568 553 1692 610 amores,
1718 544 1749 598 bt
1761 541 1785 598 is
1797 555 1873 614 quem
1884 541 1933 600 diri

268 643 413 715 perpetuo
429 639 549 712 servire,
564 635 749 712 spiritalique
763 636 850 694 matri
877 639 986 694 sanctae
1003 635 1100 692 Eccle·
1153 633 1401 708 musepiscopus,
1411 643 1573 706 nequepcr
1583 630 1726 708 scipsum,
1736 644 1877 704 nmnsper
1886 646 1934 688 rues

269 727 320 786 sire
330 725 569 802 inseparabiliter
583 724 748 784 adhaerere.
1152 723 1380 782 archidiaconos
1390 737 1441 781 eos
1451 719 1932 796 possetinviamseritstisresocsrs.

304 819 338 874 ll.
355 819 458 891 Itaque
473 819 595 874 sanctus
607 812 796 884 adolescens,
810 813 880 872 viris
893 813 1017 890 quidem
1031 827 1099 888 pro·
1153 809 1371 886 Itaquelitteres
1381 809 1596 886 perhominem
1605 807 1934 880 fidelemmisittrsjsum

269 904 347 964 batis
362 905 511 979 imprimis
526 901 635 976 clarus,
652 905 705 961 scd
719 907 822 960 tamem
837 903 892 961 soli
912 907 973 961 Deo
989 903 1099 960 servire
1153 903 1192 960 ad
1202 903 1300 960 sirum
1311 903 1361 960 Del
1377 899 1560 976 odulphum,
1573 915 1686 971 rogans
1701 914 1778 969 enm,
1792 899 1935 972 utqnapos

270 995 422 1058 sollicitus,
438 1011 492 1068 per
506 995 648 1051 virtutum
674 991 786 1065 padus
802 1007 921 1068 semper
945 993 984 1050 ad
1009 991 1100 1049 subli-
1154 995 1199 1049 set
1212 991 1369 1064 celeritate,
1384 991 1507 1063 traiecto
1526 989 1618 1047 maris
1634 989 1712 1060 sinu,
1728 987 1766 1045 ad
1785 987 1935 1061 ipsumseni
1990 975 1991 1000 ¹

270 1083 367 1142 miore
389 1084 519 1153 tetendit,
539 1082 636 1140 donec
664 1082 695 1139 in
720 1083 819 1140 virum
845 1081 1010 1156 perlectum
1033 1097 1100 1138 eva·
1152 1085 1206 1138 ret.
1221 1079 1333 1138 Litteris
1347 1079 1404 1138 illis
1431 1079 1571 1152 acceptis,
1597 1077 1705 1136 Christi
1729 1091 1823 1133 sersus
1846 1076 1935 1133 mirifice

270 1173 362 1230 deret.
389 1175 514 1230 hiantem
539 1175 645 1246 atque-
661 1173 809 1240 animum,
837 1169 1099 1245 quemadmodum
1153 1164 1343 1241 exhilaratur,
1358 1167 1483 1243 perinde
1497 1183 1533 1226 ac
1548 1167 1572 1224 si
1583 1165 1623 1224 ad
1639 1165 1768 1223 caelestes
1780 1165 1868 1238 epulas
1888 1165 1936 1221 ind

271 1262 366 1318 solent
378 1261 471 1319 sancti
486 1261 634 1332 homines,
651 1259 691 1318 ad
706 1261 837 1318 coelestia
848 1259 1032 1318 continenter
1046 1260 1100 1316 eri·
1154 1263 1273 1329 tareisa,
1290 1260 1414 1334 cupiens
1429 1273 1499 1315 cum
1514 1273 1569 1314 suo
1580 1258 1712 1331 pastore,
1724 1254 1749 1311 si
1761 1255 1846 1311 iteres
1853 1259 1935 1328 maest,

271 1366 350 1422 gere,
366 1353 394 1406 et
405 1349 569 1406 mundanae
584 1351 724 1408 vanitatis
739 1367 774 1407 ac
787 1365 908 1424 pompae
931 1349 1030 1406 inanis
1044 1347 1099 1405 illi-
1153 1349 1185 1406 in
1195 1349 1256 1406 tant
1271 1347 1322 1422 pio
1335 1363 1431 1419 agone
1440 1363 1495 1421 pro
1507 1345 1621 1403 Christo
1630 1343 1884 1416 sangsdnemsunm
1892 1341 1936 1398 inn-

270 1439 374 1496 cehras
390 1438 540 1495 declinare
555 1439 665 1502 statuit,
681 1443 714 1495 nt
728 1437 759 1494 in
773 1437 857 1494 illurn
878 1453 1000 1511 quoque
1021 1453 1101 1493 com·
1154 1434 1234 1495 dere.
1251 1439 1325 1497 Cum
1340 1441 1440 1494 autem
1465 1435 1505 1493 ad
1529 1435 1709 1508 episcopum
1734 1430 1935 1505 pervenissetills

269 1531 390 1600 peteret,
404 1527 488 1601 quod
499 1527 530 1584 in
543 1523 662 1600 psalmo
676 1527 801 1598 legitur:
822 1528 912 1584 ibunt
932 1525 967 1583 de
990 1527 1101 1583 uirtute
1154 1527 1220 1584 viso
1235 1541 1280 1595 eo,
1296 1526 1445 1582 immenso
1460 1524 1600 1597 pertusus
1615 1521 1737 1594 gaudio,
1752 1535 1815 1578 cum
1830 1521 1896 1594 pacis
1906 1535 1936 1575 cr

269 1618 302 1674 ta
317 1618 455 1674 uirtutem
472 1617 566 1688 (Paul.
583 1618 710 1688 ssimi).
726 1617 772 1672 Sic
785 1631 855 1686 ergo
868 1616 900 1673 in
915 1615 1029 1673 cunctis
1043 1615 1101 1672 vir·
1120 1631 1141 1686 B
1156 1613 1223 1670 culo
1236 1629 1305 1670 eum
1319 1614 1490 1670 humaniter
1504 1613 1631 1685 excepit·
1658 1611 1765 1668 Deinde
1787 1614 1874 1666 mutuo
1889 1624 1933 1664 sess

269 1701 382 1761 tutibus
396 1703 566 1778 proficiens,
580 1705 670 1762 etiam
682 1703 949 1762 ecclesiasticorum
964 1701 1101 1761 ordinem
1155 1701 1355 1775 consolantes,
1370 1707 1398 1758 et
1410 1701 1562 1758 utsummi
1572 1699 1652 1773 regis
1662 1715 1808 1774 praecones
1818 1711 1935 1768 generosos

270 1793 383 1862 gradus
398 1793 542 1860 escendit,
558 1797 587 1848 et
602 1793 778 1866 presbyterii
793 1798 837 1850 est
860 1793 1101 1849 benedictionem
1155 1791 1289 1860 decebat,
1307 1791 1407 1862 gladio
1427 1791 1549 1864 spiritus
1569 1790 1689 1860 egregia
1708 1787 1830 1857 accincti,
1842 1801 1882 1858 per
1902 1787 1935 1839 1ο-

267 1879 406 1952 adeptus,
433 1880 512 1951 regis
536 1881 674 1938 altissimi
700 1881 840 1938 sacerdos
870 1880 1004 1938 effectus.
1026 1879 1101 1936 'lum
1156 1877 1260 1936 clesias
1277 1881 1388 1953 pariter
1401 1879 1516 1953 profici,
1530 1879 1641 1936 iterum
1656 1883 1744 1952 atque
1757 1873 1936 1934 iterumeasin·

269 1984 341 2024 vero
352 1985 423 2024 mox
435 1969 518 2042 apud
531 1986 563 2026 se
587 1969 718 2026 decrevit
742 1969 841 2026 studio
868 1969 926 2042 piae
942 1985 1101 2026 conversa·
1154 1969 1382 2038 visere,habere
1397 1970 1557 2026 conciones
1572 1968 1613 2026 ad
1638 1966 1782 2042 populum
1807 1961 1935 2033 evangelica

269 2057 358 2114 tionis
370 2058 409 2114 ad
419 2058 575 2130 quoddam
589 2068 683 2116 secra
707 2055 858 2130 religionis
882 2059 1102 2117 monesterium
1154 2057 1319 2116 eruditione
1333 2054 1373 2116 ad
1388 2055 1543 2116 veritatem
1567 2049 1935 2128 reducemcoepsrunrusni-

270 2163 301 2202 se
313 2147 457 2204 conterre.
474 2151 510 2204 At
523 2151 663 2222 parentes
678 2163 748 2205 eum
758 2142 995 2206 dehortabantur
1018 2161 1056 2204 ne
1070 2143 1102 2203 id
1155 2161 1225 2218 que,
1254 2145 1359 2202 crebro
1387 2143 1593 2217 admonendo,
1617 2143 1780 2216 arguendo,
1798 2136 1935 2211 increpando

270 2234 390 2304 feceret,
419 2236 472 2292 sad
497 2236 597 2309 potius
625 2236 666 2294 ad
691 2237 827 2311 ipsorum
859 2253 891 2293 se
917 2235 1101 2292 voluntatem
1154 2233 1292 2292 homines
1305 2234 1358 2308 qni
1373 2238 1461 2292 antea
1475 2234 1569 2290 instar
1580 2233 1726 2310 luporum
1736 2230 1800 2289 sesi
1812 2233 1837 2287 et
1849 2240 1935 2300 repara

271 2325 522 2394 accommodans,
538 2325 700 2382 Ecclesiam
727 2325 973 2383 oroschattanam
1004 2323 1102 2381 admi·
1154 2322 1283 2390 inerunt,
1300 2322 1424 2380 salutari
1438 2321 1575 2379 doctrina
1594 2321 1627 2378 in
1642 2337 1712 2378 oves
1730 2321 1880 2376 mansuetas
1892 2325 1936 2369 con

269 2413 457 2472 nistrandam
472 2415 644 2488 susciperet,
661 2415 721 2472 illic
734 2414 815 2472 enim
830 2417 859 2472 et
876 2418 965 2471 natus
980 2416 1010 2472 et
1031 2413 1102 2470 edu·
1154 2412 1315 2468 verterunt.
1331 2409 1380 2466 liis
1404 2409 1446 2467 ita
1470 2409 1571 2482 gestis,
1588 2409 1712 2466 antistes
1739 2407 1793 2476 ille,
1815 2399 1937 2462 munan-

187 2571 189 2576 ,
268 2507 352 2559 catus
378 2505 451 2559 erat.
466 2503 564 2558 Victus
588 2502 710 2558 tandem
735 2501 876 2576 precibus
899 2516 1015 2572 eorum,
1038 2515 1102 2557 mo-
1154 2501 1221 2555 cato
1235 2513 1307 2554 cunr
1322 2497 1445 2567 clericis,
1458 2511 1516 2556 neo
1538 2499 1645 2572 paucis
1661 2499 1726 2570 eJ'us
1738 2494 1869 2567 religionis
1880 2489 1935 2546 lacis

268 2606 332 2646 rem
345 2591 386 2647 eis
402 2591 492 2662 gessit
505 2606 542 2647 ea
553 2590 585 2646 in
598 2606 641 2663 re,
657 2591 798 2663 quamvis
820 2589 941 2658 invitus,
959 2589 1016 2646 Sed
1039 2605 1101 2646 non
1154 2587 1225 2644 viris
1243 2587 1379 2656 consilio,
1406 2588 1507 2646 virum
1535 2587 1586 2644 Dei
1611 2587 1720 2645 obnixe
1745 2587 1831 2656 rogat,
1843 2585 1870 2638 ut
1886 2579 1936 2635 inhr

268 2677 321 2734 diu
336 2682 404 2750 post
418 2678 517 2734 visum
530 2683 574 2734 est
587 2678 614 2734 ci
629 2677 711 2735 adire
733 2691 859 2734 summae
874 2675 1048 2734 reverentia
1058 2675 1101 2734 lo·
1153 2673 1232 2732 illius
1260 2679 1342 2733 terrae
1361 2675 1470 2732 limites
1493 2675 1564 2733 velit
1587 2690 1773 2749 permanere,
1787 2678 1813 2730 et
1829 2667 1935 2746 populum

269 2781 339 2822 cum
363 2766 541 2838 trajectum,
557 2765 721 2840 antiquitus
748 2764 952 2836 Witteinburg
975 2764 1100 2838 dietum,
1153 2780 1251 2837 nuper
1265 2763 1306 2820 ad
1320 2764 1480 2821 sanitatem
1493 2769 1671 2822 revocatum
1690 2763 1750 2820 suis
1769 2754 1935 2819 erudihonibus

268 2854 359 2928 idque
372 2869 408 2911 aa
433 2859 532 2912 mente
547 2858 575 2912 et
599 2854 735 2924 consilio,
751 2858 782 2911 ut
805 2853 864 2911 illic
889 2870 959 2910 cum
987 2853 1100 2910 crearis
1154 2853 1333 2911 confirmare
1346 2859 1375 2910 et
1385 2853 1424 2910 ah
1440 2853 1556 2928 antiqui
1570 2853 1667 2910 hostis
1679 2851 1826 2910 mortiferis
1838 2844 1935 2904 trucibus

268 2943 320 3000 itai
345 2942 477 3009 lamuhs,
497 2943 608 3003 christo
634 2943 749 3002 ibidem
772 2941 969 3000 militantibus
996 2943 1136 3031 quondo
1153 2943 1276 3017 eripere.
1288 2944 1326 3001 At
1338 2943 1385 3000 vir
1398 2943 1450 3000 hei
1464 2942 1554 3016 plane
1574 2945 1706 3013 rccuset,
1719 2939 1817 2999 asserit
1836 2951 1861 2992 se
1879 2935 1935 2990 aab

267 3028 387 3098 viveret,
400 3033 693 3108 preponebantiiteo
707 3029 834 3090 fideliter
846 3033 977 3090 serviret.
993 3033 1101 3090 liemo-
1153 3045 1288 3103 gravem
1305 3027 1390 3088 adid
1404 3029 1606 3088 ministerium
1620 3045 1711 3105 pares
1720 3024 1885 3085 sermm
1895 3032 1935 3076 net

266 3119 312 3180 ria
325 3137 398 3196 ergo
412 3121 553 3194 retinens,
569 3122 653 3196 quod
666 3121 697 3180 in
712 3121 874 3194 Evangelio
887 3119 1022 3179 Salvatm
1035 3119 1097 3180 ait:
1152 3135 1252 3196 posse.
1264 3121 1374 3179 Contra
1388 3119 1548 3194 episcopus
1562 3121 1627 3178 suis
1643 3133 1712 3178 curn
1729 3115 1857 3194 precibus
1873 3109 1936 3167 leae

268 3211 326 3280 Qui
338 3228 399 3270 non
411 3213 567 3270 rmustsut
581 3211 716 3270 centres
736 3225 802 3284 qua
814 3211 956 3282 possidet,
971 3226 1032 3268 uos
1044 3225 1099 3282 pc·
1152 3225 1185 3272 re
1197 3213 1331 3268 conatur.
1345 3209 1427 3268 cedit
1439 3208 1565 3267 andem
1589 3213 1712 3268 sanctus
1736 3207 1788 3276 vir,
1802 3207 1828 3262 et
1846 3195 1934 3276 putori

268 3304 414 3358 sestmcsc
425 3315 485 3359 esse
499 3301 665 3371 duciculus
681 3302 765 3370 (Luc.
789 3303 841 3366 rx).
861 3299 1032 3356 Posthabito
1046 3314 1099 3372 pa·
1154 3299 1201 3355 sui
1209 3300 1295 3371 jussa
1309 3299 1446 3373 capessit,
1461 3298 1630 3374 populique
1644 3298 1720 3356 votis
1739 3290 1934 3358 obsecundata

267 3392 320 3458 tre,
340 3388 482 3460 neglectis
506 3389 695 3464 propinquis,
712 3387 890 3462 contemptis
905 3389 995 3459 agris,
1011 3388 1097 3446 iami-
1154 3391 1256 3445 umen
1266 3387 1446 3456 conditione,
1464 3391 1496 3444 ut
1510 3387 1599 3444 liceat
1622 3389 1650 3445 ei
1664 3388 1774 3461 aliquot
1796 3379 1885 3440 exactis
1900 3389 1934 3430 sn
1990 3375 1991 3392 ¹

266 3475 418 3543 harches
431 3480 460 3533 et
472 3475 827 3544 lacmatbusomnlbus‚
842 3475 884 3532 ad
898 3476 1000 3536 tecum
1013 3477 1099 3536 illum
1151 3491 1263 3534 norum
1285 3475 1444 3536 curriculis
1454 3477 1626 3549 trejectum
1647 3476 1782 3539 revisere,
1807 3469 1851 3527 ubi
1870 3481 1893 3522 se
1914 3461 1934 3516 in

267 3563 384 3620 christo
406 3563 482 3619 duce
503 3562 653 3636 proiectus
679 3565 734 3632 est,
759 3563 851 3619 rebus
875 3561 999 3635 quidem
1025 3579 1099 3636 pan·
1152 3565 1257 3624 Christi
1271 3563 1418 3623 famulatu
1430 3566 1522 3622 uben
1536 3563 1694 3624 finitrnnm
1707 3561 1872 3638 promiserat.

267 3665 330 3723 per,
345 3650 398 3707 sed
412 3651 524 3708 meritis
537 3650 631 3708 dives.
643 3651 720 3707 Nihil
732 3652 797 3723 jam
809 3651 840 3707 in
851 3651 909 3708 hoc
919 3651 1035 3708 mundo
1045 3653 1098 3709 ha·
1187 3657 1218 3711 v.
1236 3654 1342 3711 volens
1355 3655 1445 3724 igitur
1458 3671 1514 3712 sno
1528 3655 1648 3712 muneri
1661 3670 1723 3712 non
1741 3652 1834 3710 deesse
1846 3645 1882 3701 vir
1891 3639 1933 3714 plt-

214 3801 222 3812 ,
267 3738 337 3794 bere
359 3739 488 3808 volebat,
504 3743 537 3796 ut
550 3755 569 3797 a
583 3740 710 3796 Domino
727 3740 813 3811 Juxta
825 3738 904 3796 illius
924 3739 1097 3813 promissio-
1150 3755 1208 3799 nus
1220 3743 1329 3816 Spiritu
1344 3749 1533 3814 sancto,n0n
1548 3745 1689 3802 cessabat
1701 3733 1885 3800 seminaverit
1901 3726 1933 3785 llei

266 3843 337 3885 nem
352 3828 527 3902 centuplum
550 3829 706 3902 acciperet,
721 3833 750 3886 et
775 3828 842 3886 vitu
858 3834 975 3886 aeterna
999 3829 1096 3887 haeres
1151 3835 1292 3905 spargere
1320 3833 1352 3888 in
1378 3833 1538 3906 populum,
1568 3834 1714 3890 coelorum
1738 3840 1850 3900 regnum
1868 3817 1932 3877 mnis

267 3932 334 3972 csse
352 3921 523 3974 mercretur.
1150 3919 1294 3977 instantia
1307 3920 1482 3994 predicare,
1498 3921 1642 3980 omnibus
1657 3937 1710 3978 seu
1721 3917 1841 3994 prudens
1853 3915 1875 3968 et
1884 3905 1932 3963 tide

303 4005 349 4061 111.
367 4007 435 4062 Erat
455 4021 509 4078 per
522 4005 691 4078 idtempus
712 4002 835 4077 TrsJecti
860 4005 1020 4080 episcopus
1035 4005 1096 4063 exi·
1149 4007 1185 4065 lis
1211 4008 1412 4082 dispensator,
1436 4009 1530 4066 divini
1563 4009 1711 4067 sermonis
1722 4006 1841 4082 prebere
1863 3997 1933 4056 stimi>

266 4094 328 4151 mia
356 4094 520 4164 sanctitate,
547 4094 720 4150 Fredericus
748 4093 880 4165 nomine,
909 4095 962 4170 qui
1000 4095 1096 4152 virum
1150 4096 1243 4166 niam,
1273 4096 1444 4154 fortioribus
1478 4097 1608 4155 solidum
1644 4099 1753 4168 cibum,
1777 4089 1889 4158 infirmis
1908 4095 1931 4136 ³¹

267 4182 318 4238 liei
345 4198 415 4239 cum
442 4181 537 4240 multo
552 4181 663 4252 gaudie
682 4181 837 4239 ethonore
862 4181 987 4256 excepit.
1012 4185 1096 4241 Fece·
1149 4183 1282 4260 Apostoli
1299 4187 1455 4260 sententia,
1469 4186 1517 4244 lac
1538 4187 1646 4244 offerre
1665 4181 1873 4260 (lonchitis
1893 4171 1931 4227 fii·

266 4270 544 4328 runtidemomnes
559 4271 637 4327 servi
652 4270 834 4344 Deiquiillic
850 4271 1094 4344 erantsdnutati,
1149 4279 1215 4337 tum
1227 4278 1272 4336 est
1285 4279 1318 4332 ut
1329 4291 1435 4333 ornnes
1447 4292 1485 4333 ex
1498 4277 1564 4350 ejus
1579 4277 1734 4334 serenate
1745 4269 1843 4345 gaudio
1863 4258 1929 4334 eple-
1990 4275 1991 4288 ¹

267 4375 304 4415 ex
319 4358 423 4415 animo
438 4360 495 4416 sibi
518 4359 701 4430 gratulantes
722 4363 785 4416 tarn
809 4365 958 4430 sanctum,
973 4365 1095 4436 tamque
1149 4369 1261 4421 rentur.
1278 4366 1352 4421 Cum
1363 4369 1464 4422 autem
1477 4380 1513 4422 eo
1534 4364 1700 4421 ministerio
1714 4360 1866 4438 perimeres
1878 4345 1931 4405 esset

266 4443 438 4515 religiosum
451 4446 491 4504 sd
505 4447 588 4520 ipsos
602 4446 653 4503 ilai
674 4447 822 4505 furnulum
849 4449 1020 4508 accessisse.
1037 4454 1095 4508 Neo
1149 4453 1302 4527 sereeepit
1327 4453 1367 4512 ad
1393 4469 1465 4511 suos
1495 4453 1709 4525 trajectenses,
1729 4453 1815 4508 ileum
1835 4437 1928 4500 sudus

266 4533 504 4607 potuitdiuillns
520 4535 710 4610 oelsrequod
727 4536 938 4596 oculodivinae
957 4541 1096 4612 majesta·
1148 4539 1233 4614 quod
1247 4540 1313 4613 ejus
1328 4539 1420 4598 hctus
1434 4557 1492 4615 ope
1519 4545 1563 4598 tot
1588 4542 1706 4600 animes
1728 4537 1846 4598 lucrans
1868 4523 1928 4582 titii·

266 4621 303 4678 tis
316 4637 378 4679 non
389 4622 483 4681 latuit
501 4623 559 4682 Sed
584 4637 655 4688 cam
684 4624 900 4700 aliquantisper
927 4628 1009 4700 apud
1029 4627 1096 4684 illos
1149 4619 1929 4702 lltsiautemjamlongoiractusessetssrrio,sttt1ss⁶i
1990 4681 1991 4710 1

266 4715 400 4768 moratus
413 4717 500 4783 esset,
515 4711 657 4770 omnibus
670 4714 779 4771 ardens
790 4713 902 4771 ooelesti
915 4713 1027 4772 lumine
1049 4715 1095 4772 ln-
1150 4718 1252 4775 animo
1264 4718 1388 4775 vmccns
1403 4723 1531 4788 atatem,
1542 4719 1617 4776 nihil
1632 4717 1670 4776 de
1682 4715 1733 4772 Dei
1753 4708 1859 4770 servitio
1870 4706 1929 4758 etta
1990 4725 1991 4728 ¹

266 4811 356 4856 cerna
369 4799 564 4874 resplenduit.
579 4803 649 4858 Erat
669 4801 750 4858 enirn
771 4801 802 4860 in
815 4801 925 4874 sigiliis
943 4807 1094 4872 shenuus,
1149 4807 1207 4864 litis
1233 4806 1352 4882 pietatis
1374 4808 1519 4865 exercitiis
1533 4809 1656 4866 remisit.
1671 4795 1855 4864 Perssvcrssit
1874 4783 1929 4846 stiffi

266 4884 297 4940 in
309 4885 429 4957 jejuniis
455 4893 574 4961 potens,
598 4887 629 4946 ln
651 4891 785 4948 orafione
804 4890 938 4960 sedulus,
954 4891 985 4948 in
1010 4907 1097 4950 sacra
1149 4893 1313 4967 iniciuniis
1328 4894 1469 4962 assiduis,
1484 4895 1637 4966 invigiliis
1664 4895 1722 4952 Deo
1736 4882 1861 4962 31111,ἱῦ
1872 4883 1929 4932 ⁸⁸⁸⁰*

265 4971 392 5030 lectione
404 4975 567 5044 studiosus,
579 4976 610 5033 in
621 4977 819 5051 eleemosynis
831 4979 934 5050 largus
944 4980 976 5037 in
988 4997 1095 5038 curan·
1149 4982 1187 5040 tis
1200 4981 1350 5056 precibus,
1363 4982 1396 5040 in
1406 4983 1584 5055 largissimis
1610 4977 1808 5052 assmosynis.
1820 4967 1867 5028 tibi
1884 4970 1929 5052 pu:

266 5060 313 5118 dis
325 5061 511 5136 pauperibus
534 5063 717 5130 calabriam
740 5065 944 5141 hospitalitate
966 5069 1096 5136 fervens,
1150 5087 1213 5142 cus,
1231 5071 1296 5129 aliis
1308 5073 1451 5131 omnibns
1463 5089 1520 5148 pro
1535 5073 1642 5132 Christi
1660 5070 1777 5130 nomine
1789 5065 1887 5131 largus:
1904 5057 1927 5103 ¹¹¹

265 5149 297 5208 in
310 5150 401 5208 rebus
415 5150 623 5210 ecclesiasticis
648 5153 860 5212 distribuendis
883 5157 1026 5230 prudens.
1044 5161 1097 5215 De·
1149 5160 1192 5218 hil
1205 5163 1357 5218 aerenum
1370 5163 1426 5220 sibi
1444 5163 1599 5237 anquirere
1613 5161 1744 5236 cupiens,
1758 5158 1788 5214 1¹⁸
1801 5138 1928 5227 1)οβεοιω

265 5239 356 5314 nique
370 5239 564 5315 qssibuspcst
587 5239 747 5298 andstitam
774 5243 932 5316 preelectus
960 5251 1097 5317 crateae
1150 5249 1408 5310 niscetsrnishui.

265 5329 495 5386 ornnesmirnm
509 5330 542 5388 in
559 5329 687 5388 modum
701 5333 907 5391 snteoedebat.
928 5337 1029 5410 Neque
1043 5335 1097 5392 sli-
1186 5339 1436 5398 Vl.01sraitvero
1451 5337 1713 5414 efismpropbsris
1736 5321 1882 5407 spfflfflsm
1899 5310 1927 5366 ffl'

266 5421 310 5474 ter
323 5419 371 5475 vel
385 5419 424 5476 ab
437 5421 580 5477 omnibus
592 5417 659 5488 iliis,
676 5421 722 5478 vel
736 5421 856 5496 abipso
871 5424 961 5482 etism
986 5441 1098 5498 preasu-
1151 5431 1218 5484 tura
1225 5427 1403 5500 praedicans,
1412 5443 1448 5486 sc
1457 5429 1481 5484 si
1489 5429 1554 5502 jam
1562 5443 1663 5486 coram
1672 5391 1925 5483 amarescerent

263 5505 300 5578 le,
328 5521 422 5579 quam
435 5509 609 5568 monasterii
636 5511 722 5568 Pater
749 5512 925 5578 vecabatur,
940 5515 1030 5586 atqua
1057 5513 1097 5570 ab
1153 5519 1185 5573 ut
1194 5521 1291 5574 certus
1302 5518 1496 5593 testatiusque
1508 5519 1572 5593 liat,
1592 5535 1628 5576 ex
1640 5510 1771 5590 plurimis
1786 5511 1867 5580 trau⁰⁸
1877 5484 1924 5548 *ff*

264 5595 332 5668 stus
360 5609 413 5653 ore
436 5609 544 5656 amnes
570 5599 733 5674 cupiebam
765 5601 901 5674 accipere
924 5601 1111 5664 consfflnmr
1149 5618 1262 5665 mmus.
1279 5607 1425 5680 cumiani
1438 5607 1625 5668 decumus
1637 5607 1714 5664 uses
1724 5599 1802 5660 rhu
1813 5592 1875 5652 1⁰⁰⁰·
1888 5583 1924 5648 4¹¹¹
