4110 6138
151 161 204 217 rsa
532 129 533 134 ‘
807 157 990 216 cruscula
1008 159 1054 215 ue
1073 160 1213 219 nusum.
1810 168 1864 222 ree

152 283 229 341 tris»
242 281 275 340 id
288 282 388 357 operis
399 283 578 357 suscepisse.
589 283 765 340 Communis
778 281 871 338 Petris
885 280 983 338 nomi·
996 285 1021 340 Α
1036 297 1114 339 onus
1141 283 1246 342 amicis
1269 287 1524 359 postulationibus
1545 288 1675 360 levigare
1703 290 1864 360 tentamus,

143 371 192 412 -ne
205 354 253 412 vel
265 369 305 428 pa
328 371 358 422 a,
373 353 419 410 vel
431 354 591 428 episcopus
605 353 653 410 vel
673 353 770 410 abbas
793 351 922 410 eoenobii
937 369 984 410 ve·
1035 358 1069 410 nt
1080 353 1249 412 indiscretis
1266 373 1321 412 vos
1348 359 1615 431 supplicationibus
1640 375 1766 418 onerare
1788 359 1865 417 nite-

152 426 205 483 nit.
219 429 310 482 inscrr
334 425 392 482 itur
407 441 479 482 vero
492 425 523 481 in
535 441 571 482 eo
584 424 696 482 codice.
706 425 805 487 Liber,
814 425 868 496 qui
879 429 906 481 et
921 425 984 480 dia·
1036 441 1125 481 mur:
1142 427 1388 501 contemplantes,
1404 433 1433 484 ct
1444 429 1530 486 vobis
1549 435 1752 505 proponentes
1767 430 1865 504 proxi·

153 498 240 568 lopus
255 497 379 566 dicitur,
394 511 413 554 α
426 497 534 554 domno
550 495 650 554 Odone
668 496 856 566 compositus.
1036 511 1157 553 morum
1172 498 1338 566 utilitatem,
1355 504 1383 556 et
1405 498 1556 558 eharitatis
1571 507 1599 558 et
1612 501 1789 559 obedientiae
1802 517 1867 559 ves·

188 566 342 648 Etsivero
356 567 461 623 domni
472 567 656 624 vocabulum
684 565 803 624 abbatis
841 565 983 648 ¹roprium
1037 569 1089 624 trae
1101 569 1291 637 mercedem
1307 570 1480 626 hocvcstrae
1504 571 1689 628 consulimus
1703 572 1864 644 dilectioni,

153 638 199 704 sit,
215 636 433 719 medro'temen·
445 653 511 720 acuo
531 653 644 720 nomen
665 637 781 720 abbatis
798 583 888 719 uAErcr
911 635 986 694 sole-
1037 642 1070 696 ut
1082 641 1214 712 tempus,
1229 639 1312 722 quod
1329 640 1394 697 aliis
1408 639 1591 714 quibuslibet
1609 643 1762 716 scripturis
1777 659 1866 717 spon·

151 708 215 766 bat.
231 708 362 764 Proehve
373 707 568 766 mhrlomrnus
583 709 651 778 furt,
674 725 717 766 src
745 707 889 765 eoniundr
906 707 985 764 duos
1036 713 1064 782 te
1078 726 1134 766 vos
1146 725 1207 767 non
1222 715 1304 784 prget
1316 711 1478 780 insumere,
1492 711 1540 767 vel
1554 711 1611 768 hoc
1624 714 1663 770 ad
1678 730 1696 770 o
1720 731 1765 781 us,
1782 714 1866 796 quod

153 783 290 837 auctores
311 778 515 862 cognomines.
530 782 668 863 Qttonem
686 779 830 837 nimirum
853 779 983 844 Tonarii
1037 781 1201 862 exigimini,
1215 798 1277 838 non
1291 782 1455 862 gravemini
1467 780 1615 838 addicere.
1628 731 1718 848 Quod
1729 784 1754 840 si
1769 784 1867 842 dreitis

152 867 244 934 quem
259 865 296 908 ex
324 866 381 907 ms.
397 852 550 908 caunensi
578 849 708 920 edimus,
724 854 878 908 auctorem
900 865 986 906 sanc·
1037 866 1102 908 esse
1115 852 1200 920 nihil,
1213 853 1260 910 vel
1271 854 1442 920 minimum,
1457 851 1593 926 idipsum
1616 853 1692 909 nihil
1715 853 1761 910 vel
1778 855 1866 911 mini-

153 921 315 992 trssimum,
330 923 364 978 ut
381 921 529 994 conjicere
548 921 626 990 licet,
642 922 868 980 cluniacensem
888 919 984 978 abba·
1037 939 1134 992 mum,
1150 923 1226 980 sicut
1236 939 1292 980 vos
1309 924 1379 981 certi
1392 924 1472 994 estis,
1488 923 1572 997 quod
1583 923 1707 980 minime
1728 924 1865 992 sufficiat,

153 997 225 1061 tem,
241 992 368 1050 alterum
382 993 568 1049 monachum
581 992 693 1074 dialogi
707 993 894 1066 scriptorem.
1036 993 1078 1050 ita
1089 1008 1146 1051 nos
1159 1010 1222 1051 non
1234 993 1318 1051 dubii
1334 1011 1448 1064 sumus,
1463 994 1547 1068 quod
1565 993 1786 1070 aliquantulum
1799 1011 1868 1069 pro-

188 1067 335 1122 innostro
349 1063 452 1122 codice
467 1063 680 1122 San-blasiano
692 1079 760 1121 sec.
786 1079 842 1120 xu:
867 1063 985 1120 Musica
1036 1063 1153 1121 ficiat.»

152 1135 256 1193 domni
269 1135 399 1204 Odorem
421 1136 454 1193 in
467 1134 534 1192 eod.
556 1135 648 1192 Vatic.
674 1135 785 1206 reginae
812 1133 926 1192 Succira
951 1149 983 1189 n.
1075 1137 1104 1193 S.
1119 1135 1255 1193 Odouem
1267 1136 1410 1208 juvenem
1430 1136 1530 1194 adbuc
1558 1135 1700 1193 claruisse
1719 1137 1750 1193 in
1776 1135 1869 1192 canti-

155 1211 209 1263 72:
228 1207 375 1277 Dialogus
399 1220 419 1263 a
444 1207 505 1264 dno
532 1206 632 1264 Odoce
659 1207 836 1278 compositus
857 1205 894 1262 de
919 1211 986 1262 arte
1037 1207 1097 1263 bus
1110 1208 1339 1280 componendis,
1353 1207 1423 1264 inde
1436 1208 1539 1282 palam
1567 1207 1600 1264 lit
1623 1207 1706 1280 quod
1726 1209 1867 1274 ioannes,

153 1279 269 1335 musico
282 1281 412 1334 neuun.
427 1277 478 1334 ilie
490 1276 522 1333 in
535 1277 596 1334 fine
610 1277 734 1334 mutilus
756 1280 809 1344 est,
831 1291 886 1332 nec
914 1291 985 1349 pro-
1038 1278 1109 1333 Vitae
1123 1283 1228 1335 auctor
1241 1283 1269 1335 et
1279 1278 1455 1352 discipulus,
1469 1279 1511 1336 lib
1527 1295 1536 1335 ι
1562 1295 1593 1335 ιι.
1610 1281 1654 1345 to,
1674 1283 1777 1335 namet
1797 1293 1868 1334 eum

154 1347 287 1418 graditur
301 1347 380 1404 rrlha
393 1347 538 1404 formulas
553 1348 636 1405 modi
646 1348 760 1420 quarti;
777 1346 872 1404 codex
884 1351 986 1402 autem
1038 1353 1178 1417 rogatum
1190 1353 1223 1406 ut
1247 1347 1380 1406 officium
1406 1352 1435 1406 S.
1460 1349 1574 1408 harhni
1595 1349 1763 1420 retingeret,
1778 1353 1867 1420 atque

154 1418 480 1478 San-emmeramensis
491 1419 617 1475 omnino
631 1434 693 1475 non
713 1418 829 1488 attingit
840 1416 986 1474 formulas
1039 1419 1221 1492 antiphonas
1235 1420 1441 1477 abbreviaret:
1458 1437 1521 1494 quo
1535 1435 1660 1477 munere
1688 1435 1759 1476 eum
1782 1433 1867 1490 egre·

153 1490 221 1548 illus
235 1489 371 1564 abruptis
385 1489 603 1570 paginiscum
613 1489 803 1546 hisiormulis
816 1488 881 1544 linit
890 1487 985 1570 codex
1039 1490 1087 1560 gie
1112 1490 1303 1564 perfunctum
1327 1491 1407 1547 dicit.
1438 1493 1519 1557 Quos
1542 1507 1613 1548 vero
1650 1493 1869 1548 commemorat

153 1561 365 1618 admontensis
378 1560 426 1618 his
460 1576 561 1617 raecrse
575 1559 845 1631 verbiszlixplicu't
870 1573 985 1616 musica
1038 1561 1170 1618 bmnos
1197 1561 1276 1617 illius
1303 1560 1393 1618 offleii
1417 1565 1485 1628 tres,
1512 1577 1564 1619 eos
1588 1563 1678 1618 etiam
1711 1561 1869 1618 Udalricus

154 1633 378 1716 enchiridionis.
396 1635 426 1688 ln
438 1577 650 1689 Ean-Blasiano
658 1631 792 1704 sequitur
802 1629 911 1688 eodem
925 1645 986 1712 ser·
1000 1634 1020 1688 B
1038 1577 1115 1714 ligre
1137 1647 1148 1688 1
1172 1631 1429 1714 consuetudinum
1444 1631 1704 1715 cluniacensium,
1725 1649 1751 1688 c.
1768 1636 1825 1714 .²3²
1841 1633 1870 1714 et

153 1719 252 1761 monrs
264 1707 404 1760 contextu
416 1720 423 1760 :
436 1709 471 1760 Α.
483 1703 506 1758 A
511 1717 548 1786 pe
559 1717 639 1774 erpo
652 1703 782 1770 obsecro,
793 1701 868 1759 etde
890 1700 986 1757 modes
1039 1705 1190 1760 lirtmarus
1202 1719 1232 1760 ru
1247 1704 1559 1773 chronicoattmgunt,
1569 1707 1648 1759 crtatr
1663 1718 1681 1758 a
1700 1701 1869 1760 liabrllonro

153 1790 230 1903 itt.
246 1780 423 1902 ‘icch
442 1773 562 1901 {itu
583 1777 696 1902 tue
724 1773 984 1902 inihii‘iii
1039 1775 1182 1903 lilii·
1197 1777 1441 1901 reclutit·
1457 1772 1871 1913 illicitamenta?

154 1921 230 1985 ete.;
246 1861 358 1989 quoecig
372 1914 474 1973 codice
488 1915 632 1996 lipsiensi
643 1913 750 1996 Paulae·
785 1913 836 1970 ibl.
858 1885 986 1994 Barnun}
1040 1916 1085 1972 las
1097 1887 1243 1972 habe’ntes
1258 1860 1456 1985 differentias?
1467 1887 1597 1988 qnaru’m
1611 1860 1746 1971 rerbapet
1759 1927 1871 1970 vocum

154 1987 297 2058 Aegiensi
309 1985 530 2042 adscribuntur.
543 2000 576 2041 ιιι
589 1984 649 2042 tine
657 1984 768 2041 codrers
782 1983 987 2041 San-Blasranr
1041 1986 1239 2044 consonantia
1267 1985 1344 2042 adeo
1372 1985 1429 2042 sibi
1455 1985 1584 2042 invicem
1614 1983 1809 2050 concordant,
1837 1985 1873 2040 ut

155 2058 195 2114 ali
219 2074 259 2114 ua
272 2055 425 2114 adduntur
439 2073 476 2112 cx
487 2055 610 2112 laudata
634 2055 777 2112 cuidonis
801 2053 927 2135 epistola
948 2052 988 2110 ed
1040 2056 1115 2114 nihil
1128 2057 1158 2112 in
1174 2073 1265 2112 sensu
1277 2056 1346 2129 plus
1364 2056 1513 2124 minusve,
1529 2055 1604 2112 nihil
1623 2055 1654 2111 in
1680 2053 1871 2128 symphonia

156 2128 211 2186 llic
234 2127 340 2198 selem,
354 2127 386 2183 in
398 2143 460 2200 que
475 2126 587 2184 adhoc
601 2127 702 2200 ipsum
729 2125 841 2183 Odoms
863 2123 988 2182 enchiri-
1041 2127 1299 2184 modulationibus
1310 2127 1432 2199 reperiri
1444 2126 1562 2183 dulcius
1580 2141 1671 2200 posse
1692 2125 1840 2191 videatur,
1855 2145 1870 2176 ιι

156 2200 434 2272 dionprovocatur.
966 2264 971 2276 Ι
1041 2197 1220 2272 composuit.
1247 2200 1358 2254 Auctor
1378 2197 1490 2268 dialogi
1517 2197 1556 2254 dc
1583 2197 1700 2254 musica
1723 2196 1788 2253 Odo
1808 2209 1872 2250 non

192 2272 356 2326 incavero
371 2268 469 2342 operis
488 2271 572 2341 parte
592 2283 661 2340 quae
682 2267 713 2323 in
742 2265 884 2322 omnibus
905 2265 988 2322 eodr-
1041 2269 1134 2326 semel
1156 2268 1197 2326 ad
1224 2269 1422 2342 antiphonam
1452 2268 1543 2340 hujus
1568 2266 1681 2324 officii:
1709 2266 1872 2323 Obeutum

155 2339 243 2396 cibus
255 2338 368 2396 odonis
391 2338 511 2412 praefert
537 2353 660 2404 nomen,
675 2337 782 2394 citatur
805 2336 879 2404 0do,
896 2351 988 2410 quem
1037 2341 1229 2412 pontificem!
1244 2343 1395 2412 provocet,
1412 2361 1425 2389 a
1440 2355 1518 2421 quae,
1532 2338 1638 2412 inquit,
1655 2354 1725 2394 eum
1749 2337 1779 2392 in
1792 2336 1874 2410 prin·

155 2408 382 2468 cluniacensem
394 2409 661 2466 celebratissimum
677 2407 819 2465 abbatem
843 2423 919 2476 csse,
945 2406 989 2464 nil
1041 2411 1119 2484 cipio
1132 2415 1161 2468 et
1174 2410 1234 2467 fine
1247 2410 1371 2467 secundi
1380 2409 1464 2466 modi
1476 2414 1563 2478 esset,
1578 2413 1700 2482 propter
1718 2407 1796 2464 illius
1810 2410 1873 2462 tan-

155 2480 241 2538 obest
253 2480 327 2554 quin
351 2485 501 2554 putemus,
529 2479 582 2552 qui
606 2482 679 2536 teste
701 2477 859 2535 Trithemio
877 2479 986 2535 Chron-
1041 2485 1105 2540 tum
1131 2481 1212 2538 vocis
1238 2481 1447 2544 elevationem,
1467 2480 1519 2538 ubi
1540 2479 1666 2536 dicitur:
1690 2479 1714 2536 0
1740 2479 1874 2535 Martiae

154 2552 291 2622 llirsaug.
307 2550 347 2608 ed
361 2567 411 2608 an.
426 2553 489 2616 994,
517 2571 531 2600 u
542 2554 610 2607 aute
637 2549 788 2620 religionis
813 2548 987 2620 ingressum
1041 2553 1177 2620 dulcedo,
1193 2552 1334 2624 inprime
1350 2554 1421 2608 tono
1441 2568 1459 2608 a
1476 2551 1591 2608 domno
1606 2549 1710 2608 Odone
1733 2548 1873 2606 curiosis-

153 2637 285 2693 magnns
298 2623 329 2678 in
341 2627 404 2679 arte
418 2622 536 2678 musica
551 2637 600 2678 me
624 2621 694 2678 ister
704 2620 768 2686 init,
781 2625 811 2676 et
833 2619 987 2677 archican-
1041 2625 1115 2680 sime
1127 2628 1172 2681 est
1185 2622 1356 2680 emendata.
1368 2644 1383 2674 ι»
1399 2624 1464 2690 Quo
1478 2622 1596 2679 nullum
1617 2620 1798 2679 luculenh'us
1817 2619 1873 2676 ha-

153 2691 550 2776 torecclesiaecuronensis.
571 2714 585 2741 »
601 2635 679 2773 finiri
700 2695 803 2748 autem
828 2691 987 2772 archican-
1040 2695 1105 2752 beri
1129 2697 1227 2768 potest
1251 2697 1474 2764 argumentum,
1495 2693 1631 2751 Odoncm
1654 2693 1736 2748 hunc
1757 2689 1873 2773 llialogi

153 2768 226 2822 torrs
240 2779 358 2822 muneri
372 2778 470 2834 magis
483 2767 889 2836 congruitquemtonarrum
921 2778 988 2818 ress-
1041 2768 1195 2822 auetorem
1210 2765 1314 2837 (quem
1327 2764 1416 2820 etiam
1435 2769 1506 2837 post
1528 2763 1695 2821 cuidonem
1718 2779 1775 2819 serr
1799 2776 1873 2818 srsse

153 2835 279 2918 cribere,
293 2835 415 2917 qualem
430 2851 467 2891 cx
490 2849 548 2889 ms.
572 2833 727 2915 casinensi
747 2833 877 2914 damus?
901 2778 988 2914 {lude
1041 2835 1084 2892 ire
1106 2851 1182 2917 urens
1211 2836 1325 2916 mentio
1385 2850 1506 2916 ammae,
1556 2851 1629 2890 uam
1665 2777 1873 2914 monochordo

153 2910 244 2964 eham
271 2911 348 2964 retro
369 2909 526 2987 patetcur
549 2906 657 2960 loanni
678 2908 707 2960 et
734 2903 799 2986 alus
825 2905 895 2958 Vitae
921 2919 987 2959 cas
1041 2851 1158 2963 edgrdrt
1185 2905 1292 2976 Gurdo,
1307 2849 1418 2986 pregri)
1447 2904 1487 2960 ab
1515 2851 1619 2962 (idone
1641 2907 1752 2985 ‘nostro
1771 2902 1873 2984 diver-

154 2977 356 3058 scriptoribus¹
365 2993 401 3034 ac
414 2980 593 3057 scriptorum
608 2974 818 3056 recensonbus
838 2972 921 3030 nulla
935 2919 988 3055 hat
1006 2979 1027 3033 c
1042 2993 1110 3034 sum
1130 2992 1206 3034 esse.
1237 2979 1269 3032 ln
1292 2975 1397 3056 codiee
1416 2975 1650 3056 'vindobonensi
1677 2975 1744 3054 ejus
1770 2988 1873 3041 imago

152 3048 374 3122 mentioopcrrs
393 3046 431 3104 de
457 3062 583 3117 musice,
596 3045 685 3119 quale
708 3049 842 3103 tonarius
867 3059 988 3125 proprie
1041 3047 1166 3121 quidem
1184 3063 1254 3103 enm
1269 3045 1373 3102 nimbo
1398 3061 1476 3101 crrea
1500 3048 1591 3118 caput
1618 3048 1804 3126 exprimitur,
1821 3041 1875 3098 sed

152 3119 211 3176 dici
239 3135 277 3176 ne
301 3119 356 3175 uit:
371 3123 405 3175 ut
416 3123 517 3174 umen
532 3133 608 3174 ansa
629 3115 700 3174 inde
727 3115 821 3189 arripi
847 3118 987 3188 potuerit,
1042 3118 1174 3175 crinibus
1187 3117 1331 3190 nulloque
1346 3115 1503 3173 monastici
1517 3115 1638 3172 habitus
1652 3114 1774 3183 rudrcro,
1790 3117 1874 3168 stans

153 3189 276 3247 alterius
314 3189 403 3246 donis
414 3188 526 3245 librum
543 3191 582 3244 lle
597 3188 714 3244 musica
732 3187 802 3242 huic
813 3189 918 3242 sancto
932 3185 987 3242 ab·
1041 3188 1082 3247 ad
1094 3188 1187 3246 sedile
1201 3204 1272 3244 cum
1287 3186 1404 3244 calamo
1423 3185 1573 3243 ambabus
1599 3185 1742 3242 manibus
1762 3197 1873 3257 prenso

153 3261 217 3318 bati
229 3261 313 3319 ierne
325 3259 461 3334 undique
477 3259 642 3334 conspicuo
656 3256 835 3316 ascribendi.
850 3258 891 3338 ca
906 3257 987 3314 enim
1042 3259 1246 3333 scripturiens.
1262 3259 1401 3316 Diversus
1421 3261 1467 3314 est
1485 3257 1581 3314 codex
1606 3255 1795 3313 bibliotheca
1815 3256 1875 3312 cce·

154 3335 242 3390 aetate
254 3347 309 3406 per
323 3331 458 3388 medium
470 3346 569 3387 aarum
587 3329 643 3386 viri
667 3327 902 3403 prestantissimi
929 3327 988 3385 hoc
1042 3347 1146 3402 sareoe,
1161 3347 1198 3388 ex
1212 3346 1274 3405 quo
1301 3345 1332 3386 sc
1355 3332 1468 3386 uantur
1490 3328 1522 3384 in
1543 3327 1718 3385 collectione
1745 3327 1849 3382 nostra
1864 3341 1871 3382 :

156 3402 248 3460 studii
273 3417 434 3477 operaque
459 3416 569 3484 genere
589 3401 711 3457 inerunt
732 3399 871 3456 distenti:
898 3401 988 3471 prout
1040 3403 1164 3475 Requloe
1178 3401 1281 3458 domui
1300 3401 1324 3458 0
1346 3402 1410 3459 onis
1429 3401 1465 3457 cte
1483 3397 1729 3471 rythmimachia,
1751 3401 1796 3453 et:
1814 3397 1873 3454 Su·

152 3474 391 3532 memoravimus
399 3473 569 3543 Regrnonis,
579 3471 716 3529 omniurn
724 3487 775 3528 ore
787 3469 928 3527 celebrati
936 3469 986 3526 ab·
1039 3489 1097 3546 per
1110 3474 1248 3540 abacum,
1264 3476 1319 3529 ete.
1852 3537 1858 3550 ι

154 3545 236 3602 batis
249 3543 428 3601 Prumiensis
455 3543 616 3601 Tonarium
644 3559 698 3599 seu
724 3540 986 3614 antiphonarium,
1077 3549 1110 3601 ln
1124 3543 1297 3601 monasterii
1313 3542 1482 3600 casinensis
1496 3540 1680 3599 bibliotheca
1697 3539 1794 3596 codex
1807 3553 1873 3611 qur·

153 3615 195 3673 ab
211 3615 498 3673 auctureRathbodo
510 3613 737 3688 archiepiscopo
751 3612 914 3670 Trevirensi
925 3612 986 3668 ius·
1040 3615 1113 3674 dam
1129 3621 1266 3672 servatur
1281 3615 1410 3688 scriptus
1422 3614 1502 3671 eirca
1513 3630 1581 3670 saec.
1597 3611 1744 3683 xr,litteris
1758 3613 1873 3680 Longo-

152 3686 605 3816 {cccccccccc
621 3684 809 3813 iiiiii?
830 3686 986 3811 “illitu
1039 3683 1758 3815 illiti{ltiiilutcttltiilllclli
1779 3680 1872 3807 ild

165 3829 251 3912 'hum
264 3829 374 3885 servari
387 3828 418 3908 in
430 3801 612 3910 bibliothece
630 3827 724 3908 civica
745 3798 897 3899 Lips'iensi.
911 3769 985 3882 geu·
1040 3773 1206 3886 continerFs.
1220 3772 1407 3908 caffutvergo·
1419 3796 1652 3906 nohegesimum
1675 3768 1815 3905 quintkum
1829 3793 1871 3878 itc’

150 3845 191 3958 Es
203 3915 274 3957 vero
288 3915 323 3956 ac
337 3898 480 3956 manibus
493 3913 558 3971 rpse
570 3912 687 3954 versavi
702 3913 760 3953 ms.
783 3911 918 3952 courum
932 3898 985 3952 To·
1038 3898 1179 3966 barbare,
1195 3901 1229 3954 ut
1242 3913 1346 3954 omnra
1370 3897 1430 3952 alra
1443 3911 1480 3952 eo
1493 3911 1524 3951 tn
1552 3894 1666 3961 codrcc,
1681 3892 1868 3973 rnserrbrtur:

151 3971 275 4029 nerium
288 3969 431 4028 barnonis
456 3969 616 4038 augiensis
642 3967 762 4024 abbatis
789 3965 983 4034 celeberrimi,
1039 3971 1114 4028 Item
1132 3970 1250 4026 Tonosa
1261 3983 1319 4038 per
1345 3968 1480 4024 ordinem
1506 3980 1574 4022 cum
1597 3965 1658 4020 sur‘s
1681 3963 1868 4032 differentiis,

151 4041 208 4170 ff
223 4041 399 4101 servabatur
414 4041 445 4098 in
467 4038 650 4098 monasterio
675 4039 703 4098 S.
719 4037 808 4096 Blasii
826 4037 891 4110 jam
914 4037 984 4108 igne
1038 4055 1111 4111 quos
1127 4039 1268 4097 babemus
1284 4038 1445 4121 honorifice
1460 4035 1628 4093 emendatos
1648 4038 1677 4116 et
1700 4031 1869 4114 patefactos

189 4117 398 4241 hsffipstilllgntio
409 4183 568 4256 pretorem
579 4183 834 4263 opportuneuero
853 4177 893 4235 ad
905 4179 984 4252 epis·
1038 4109 1318 4238 ῗηάὲιῖγτιέιξιῖιτέἔκ
1329 4109 1467 4262 &limoso
1481 4106 1598 4258 abbat?
1612 4119 1664 4176 qm
1680 4103 1742 4174 fun
1751 4107 1868 4254 pmnfs

151 4254 248 4313 tolum
262 4256 291 4313 S.
307 4253 438 4312 eoseum
450 4253 481 4310 in
493 4267 573 4309 nova
586 4251 756 4309 Gerbcronrr
777 4252 985 4308 San-llauren·
1074 4254 1123 4309 list
1136 4256 1237 4308 autern
1265 4255 1401 4308 tonanus
1423 4265 1493 4306 cum
1521 4251 1599 4330 uotis
1628 4245 1689 4302 tere
1715 4245 1867 4326 perpetuis

153 4325 197 4382 sis
217 4325 359 4383 monachi
380 4323 509 4382 editione
531 4322 705 4404 vicesimam
726 4321 856 4404 primam
879 4337 984 4394 provo-
999 4324 1024 4380 D
1037 4323 1160 4380 musicis
1174 4321 1305 4396 antiquis
1320 4319 1746 4404 longobardicrs,quas‚typrs
1770 4330 1867 4397 expri-

150 4391 984 4550 eurueuluuauscultaturus
1037 4391 1867 4546 uersareturterruerueeertuu:

150 4535 984 4692 citictt'tcltncut‘ttlttltctcpll}
1036 4552 1135 4690 iit..
1149 4531 1734 4691 iceliilcuuttutlffiltl,
1747 4527 1866 4654 lilii

150 4697 209 4810 tt
222 4675 985 4822 etichfilicituttitltciu..chit
1036 4669 1865 4824 ,illicitialleluiatici..illutibilis

151 4823 236 4880 boris
247 4823 404 4880 imminere
419 4820 596 4878 considerat.
614 4823 688 4878 cum
703 4821 793 4891 igitur
819 4835 890 4875 suas
914 4835 982 4893 pre·
1037 4835 1074 4876 ex
1087 4821 1190 4877 codice
1215 4819 1425 4877 San-Blasiano
1445 4833 1513 4872 sure.
1527 4830 1574 4882 rur,
1590 4813 1698 4870 collato
1717 4825 1789 4893 cum
1804 4826 1862 4866 ms.

152 4909 205 4952 ces
218 4892 380 4951 venerabili
393 4891 559 4949 humilitate
578 4891 660 4960 nolit,
676 4906 853 4964 quanquam
877 4890 981 4962 possit,
1038 4889 1347 4948 San-limmcramensi
1359 4902 1479 4954 maneo,
1495 4885 1777 4966 etadmontensr,1n
1801 4897 1863 4966 quc

152 4965 227 5022 tanti
240 4965 382 5038 pendere,
398 4969 431 5020 ut
444 4963 567 5036 pondus
588 4962 767 5036 impendens
789 4961 905 5036 possint
919 4977 983 5016 sus·
1035 4965 1104 5034 post
1119 4960 1274 5031 dialogum
1288 4960 1330 5016 sic
1340 4958 1463 5029 legitur:
1476 4959 1611 5028 Explicit
1626 4953 1863 5037 musteaEucbr-

152 5035 295 5110 pandere,
325 5035 434 5092 obnixa
459 5033 574 5104 flagitat
592 5038 741 5106 quatenus
769 5037 887 5090 nostras
912 5049 981 5089 eum
1035 5033 1181 5100 iudicatu
1196 5037 1270 5105 puto
1293 5031 1376 5105 quod
1402 5029 1511 5086 alicubi
1525 5028 1663 5098 dialogus
1692 5029 1746 5084 rste
1773 5029 1862 5081 ettam

154 5107 217 5164 suis
230 5111 335 5164 contra
346 5105 505 5180 praeiatum
518 5103 653 5160 laborem
670 5121 810 5161 curemus
833 5104 983 5178 appende·
1036 5103 1226 5160 Euchiridion
1240 5103 1429 5161 inscribatur.

152 5195 196 5237 rc.
211 5177 426 5253 sedquoniam
437 5191 492 5234 nec
505 5174 569 5252 ipse
583 5189 638 5232 nec
653 5191 708 5232 nos
721 5175 820 5250 operis
832 5175 926 5250 optati
940 5175 982 5232 sic

826 5487 1191 5530 ψ·-
