4110 6138
218 207 271 263 ω
661 241 664 248 .
838 189 1012 251 manuni
1030 185 1078 247 in
1098 183 1132 248 s.
1151 191 1307 252 onouan.
1884 201 1940 258 sai

217 323 390 386 manimatae
405 319 432 376 et
446 313 642 388 insensibiles,
659 319 798 398 pastoris,
811 317 856 377 sui
886 316 1045 374 sentientes
1062 315 1086 371 it
1101 329 1173 388 sua,
1189 332 1207 374 a
1234 315 1312 374 clero
1332 313 1422 374 etiam
1437 321 1465 374 et
1477 317 1590 392 populo
1609 321 1778 394 susceptus,
1798 321 1832 378 in
1853 321 1940 392 loeo,

218 413 393 478 adventum,
436 410 521 478 grata
562 405 827 480 congratulationis
863 423 925 463 sure
961 405 1047 474 signa
1100 418 1161 476 quo
1189 404 1263 478 [uhi]
1291 419 1371 462 nune
1400 404 1553 475 adoratur,
1582 405 1641 464 liuc
1665 425 1762 484 usque
1784 415 1938 468 servatur.

217 498 415 575 praetendunt.
450 495 598 554 Universae
624 495 773 570 siquidem
802 493 935 566 arborea,
949 493 1046 551 ettru·
1101 494 1217 549 Domno
1229 494 1328 566 igitur,
1343 497 1376 550 ut
1390 493 1532 564 diximus,
1549 495 1713 556 Turonensi
1726 499 1865 574 bertino,
1882 501 1940 556 Tu·

217 594 277 648 teta
289 593 423 661 tempore
446 583 577 644 brumali
606 585 690 660 (tto),
714 587 902 658 repugnante
914 583 982 640 licet
995 597 1047 638 na·
1099 597 1209 640 renum
1233 583 1395 658 [Turonim]
1418 601 1505 642 snam
1531 585 1561 642 iu
1593 585 1726 643 millibus
1753 588 1817 645 suis
1835 589 1940 662 ingre-

217 683 294 750 tura,
307 673 443 740 redivivis
457 673 566 730 vestita
579 671 668 748 foliis,
683 677 712 730 et
725 671 851 730 floribus
866 673 1002 739 vernant,
1017 671 1046 726 et
1100 671 1197 728 diente
1224 673 1308 745 (217),
1338 677 1400 731 tota
1423 672 1544 731 obviam
1574 673 1643 746 ruit,
1673 679 1703 732 et
1716 675 1755 732 ab
1775 676 1940 736 adalaudo

216 768 248 824 in
274 766 320 824 sui
344 767 463 836 ornatu,
504 765 625 836 quantae
654 762 831 820 meritorum
866 759 1045 820 excedentia
1100 759 1278 835 [Adulando]
1294 761 1693 836 archipraesuleTuronensi,
1709 767 1737 822 et
1750 765 1843 824 tratre
1870 768 1939 840 eJ'ns

219 857 257 914 sit
273 861 358 930 pater
372 852 475 928 patria
490 851 657 926 repatrians
672 849 925 910 demonstrarunt.
942 849 1046 907 itidem
1099 849 1243 907 Raimone
1256 851 1470 919 aurelianensi,
1482 851 1666 910 ettiainoldo
1677 856 1939 928 cenomannensi,

217 946 337 1004 dcitera
362 939 501 1016 laevaque
520 941 551 997 in
572 941 703 1000 ecclesiis
729 941 867 1016 ejusdem
894 939 1046 1016 parochiis
1099 943 1129 995 et
1157 944 1260 996 sancto
1290 941 1372 1014 Lupo
1399 939 1617 1010 andegavensi,
1645 945 1674 998 et
1698 943 1939 1016 asuffraganeis

217 1035 281 1092 sinc
293 1034 429 1090 humano
452 1029 637 1088 adminiculo
665 1031 753 1104 signa
776 1031 938 1088 divinitatis
960 1028 1046 1104 [divi-
1100 1028 1190 1085 totius
1206 1028 1365 1104 provinciae
1378 1027 1537 1104 episcopis,
1554 1029 1596 1086 eis
1611 1033 1867 1106 congratulanter,
1884 1051 1937 1091 oc·

216 1123 306 1196 nitus]
344 1119 553 1198 pulsabantur.
587 1119 760 1178 Luminaria
791 1123 854 1178 tam
890 1134 1046 1176 cereorum
1100 1117 1237 1187 curritur,
1252 1123 1281 1174 et
1295 1117 1395 1174 omnis
1421 1132 1510 1174 sexus
1528 1117 1732 1176 indifferenter
1759 1121 1937 1180 desiderato

217 1228 311 1286 quam
332 1207 546 1284 lampadarum
575 1209 716 1268 divinitus
731 1209 997 1278 accendebantur;
1014 1207 1046 1266 iii
1099 1207 1152 1264 diii
1176 1207 1302 1264 Domino
1329 1223 1385 1263 suo
1416 1204 1607 1264 letabundus
1637 1223 1809 1280 occurrens,
1836 1209 1935 1286 lacry-

217 1299 337 1362 duabus
364 1298 497 1358 maxime
522 1295 664 1368 ecclesiis,
688 1314 755 1374 quae
784 1297 902 1355 nomini
916 1297 982 1370 ejus
1003 1295 1046 1352 di-
1099 1296 1166 1364 mis,
1196 1311 1273 1372 quas
1290 1295 1435 1368 gaudium
1464 1299 1637 1368 extorserat,
1664 1297 1866 1372 perfunditur.
1890 1300 1936 1358 Ab

144 1391 147 1398 “
217 1394 289 1448 catis
315 1393 384 1448 sunt
411 1393 490 1446 notia
512 1387 766 1464 [dignoscunturJ.
796 1392 828 1446 ln
850 1387 957 1462 priore,
978 1403 1045 1460 quae
1099 1385 1248 1460 episeopis
1263 1384 1413 1460 siquidem
1441 1388 1469 1442 et
1492 1383 1664 1460 abbatibus
1685 1386 1796 1446 aclero
1831 1393 1861 1448 et
1877 1391 1935 1446 vir-

215 1469 309 1557 iiejus
320 1479 537 1538 monasterium
551 1481 753 1553 nuncupatur,
769 1478 800 1535 in
819 1494 882 1551 qua
895 1476 1000 1536 vivens
1013 1475 1045 1532 in
1100 1475 1230 1546 ginibus,
1258 1490 1276 1532 a
1290 1472 1411 1550 populis
1424 1477 1452 1530 et
1474 1472 1652 1545 baronibus,
1682 1477 1817 1552 apueris
1841 1479 1934 1536 etiam
2047 1537 2048 1560 ,

216 1585 342 1644 corpore
359 1567 488 1638 lectioni,
503 1565 701 1636 meditationi,
723 1565 841 1640 vigiliis,
869 1565 999 1640 jejuniis,
1017 1569 1046 1622 et
1099 1567 1128 1620 et
1140 1563 1261 1621 senibus
1273 1565 1304 1620 in
1315 1561 1472 1620 eeclesiam
1484 1579 1572 1620 suam
1593 1581 1664 1621 cum
1676 1565 1768 1622 cereis
1781 1569 1810 1624 et
1839 1569 1936 1624 eruci-
2047 1561 2048 1598 l

216 1655 412 1730 orationibus,
429 1653 478 1714 die
492 1659 644 1730 noctuque
659 1657 719 1712 ileo
733 1653 940 1714 incumbebat.
956 1657 988 1710 tn
1001 1653 1044 1710 al-
1058 1676 1084 1738 Β
1097 1651 1166 1724 biis,
1194 1669 1264 1710 eum
1286 1653 1409 1728 hymnis
1434 1657 1462 1710 et
1483 1652 1625 1710 laudibus
1640 1653 1790 1726 gloriosus
1805 1657 1935 1714 antistas
2047 1663 2048 1738 t

216 1749 289 1816 tera,
301 1761 369 1820 quia
389 1743 485 1802 sancti
500 1741 614 1803 Martini
622 1741 722 1819 divitis
737 1743 831 1802 Casiri
842 1743 907 1802 Nivi
921 1741 1043 1802 dicitur:
1098 1743 1226 1814 gloriose
1252 1742 1418 1812 deducitur,
1447 1744 1475 1798 et
1499 1741 1530 1798 in
1557 1742 1685 1817 propriae
1701 1743 1781 1802 sedis
1803 1745 1935 1820 pristino
2047 1805 2048 1814 ,

216 1833 254 1890 de
282 1849 344 1910 qua
366 1831 464 1906 primo
488 1830 644 1888 Rollonem
668 1830 786 1904 fugiens
817 1830 952 1890 sublatus
980 1830 1045 1888 fue·
1098 1833 1196 1904 gradu
1206 1850 1276 1893 cuin
1287 1831 1388 1890 debito
1401 1831 1515 1888 honore
1528 1835 1686 1892 etsunima
1695 1835 1863 1893 reverentia
1873 1835 1936 1894 col-

216 1927 275 2000 rat,
298 1923 331 1982 in
349 1939 412 1998 qua
425 1921 566 1983 suamab
580 1921 726 1986 universis
741 1921 890 1998 episcopis
908 1921 1049 1982 dioecesis
1100 1923 1214 1981 locatur
1246 1923 1329 1996 (ais).
1361 1923 1485 1979 Haecest
1498 1921 1587 1996 igitur
1601 1923 1742 1996 gloriosa,
1771 1924 1934 1983 solemnis·

216 2064 354 2124 habetin.
371 2083 387 2116 i
401 2063 588 2135 -rrcpniii
601 2065 764 2135 paroeciae.
780 2065 812 2122 td
823 2069 878 2135 est,
893 2065 1043 2136 dicecesb,
1135 2066 1269 2194 Seruilii
1306 2063 1482 2136 opmuiecdi
1493 2065 1625 2135 mistim
1637 2067 1933 2138 grudueottocuiur.

217 2143 251 2194 ut
266 2141 357 2194 antea
370 2153 377 2192 :
392 2136 557 2208 Postquam
569 2136 666 2207 muer
687 2137 818 2195 decedi
832 2152 895 2196 iuoe
907 2138 982 2208 iivies
1000 2143 1045 2195 ct-
1099 2140 1139 2194 De
1151 2141 1235 2196 atum
1258 2080 1356 2194 brerae
1377 2135 1470 2194 sancti
1498 2135 1612 2196 ltardui
1636 2153 1747 2211 corpus
1763 2138 1796 2196 in
1810 2138 1933 2212 abside,

218 2210 337 2292 ξίρεναρ.
348 2207 499 2290 Parecbiai
527 2207 607 2288 cuim
620 2207 772 2290 interdum
791 2223 848 2282 pro
868 2207 1045 2290 dioecesibiis
1099 2225 1193 2283 quam
1205 2207 1277 2266 olim
1291 2207 1397 2266 heatus
1409 2209 1578 2289 Perpetuus·
1599 2207 1728 2292 fecerat..
1746 2210 1934 2292 auctumni

216 2277 701 2434 itigfitiiiiiiiiifl‘iiiill
715 2277 1044 2424 terrueritis
1098 2277 1468 2434 trististristis
1490 2277 1933 2434 {tererestereres

216 2419 303 2479 tuiti
329 2433 398 2506 ..vii
417 2421 623 2502 Unusquisque
639 2433 843 2504 epueopoiiim
857 2422 968 2506 anteat
980 2433 1043 2504 rute
1098 2422 1330 2502 dardanensis,
1347 2424 1448 2494 Lupus
1466 2420 1747 2504 andegavensium
1760 2423 1933 2482 liainoldus

212 2494 369 2574 parochia
380 2497 566 2572 puericiae,
578 2490 611 2547 id
622 2495 678 2572 eit,
689 2490 825 2574 dieamus
839 2495 1045 2576 attestareris·
1099 2497 1342 2575 Cenomanensis,
1371 2507 1442 2572 uum
1464 2497 1614 2575 cercesi
1636 2494 1776 2552 erumbus
1800 2511 1933 2569 excepe-

217 2563 367 2623 dictiouis.
383 2561 570 2620 studemus
581 2565 667 2634 epist.
685 2565 726 2623 te.
739 2562 792 2620 tib.
813 2565 1044 2646 rizrercpraci
1098 2569 1176 2633 runt,
1191 2564 1309 2624 etinira
1322 2562 1472 2620 ambitum
1491 2563 1677 2624 alteriacum
1701 2565 1816 2624 honore
1843 2583 1932 2624 com·

215 2635 296 2704 forte
305 2632 476 2716 discessibus
490 2631 609 2713 mutii
622 2631 699 2706 veni,
714 2631 746 2691 id
769 2637 814 2691 est
826 2635 987 2710 parochiis,
1000 2635 1043 2692 uti
1097 2639 1254 2712 ponentes,
1280 2633 1482 2717 Ingelgeriuin
1505 2635 1619 2718 ipsum¹
1639 2635 1872 2710 thesaurarium,
1902 2643 1933 2696 et

216 2703 349 2760 Jacobus
364 2701 543 2759 sirmundus
559 2701 601 2758 ibi
616 2701 781 2761 adnotavit.
1098 2707 1286 2764 defensorem
1296 2721 1361 2776 eJus
1373 2705 1511 2762 Ecclesiae
1525 2709 1752 2764 constituerunt.
1768 2709 1863 2780 liujus
1884 2710 1932 2767 rei

241 2775 470 2856 ¹(ittttstreoijee
480 2779 507 2830 et
519 2774 638 2856 fruteta
652 2779 784 2844 tempore
797 2774 939 2833 emmau.
955 2777 1044 2833 titire
1096 2779 1202 2836 notitia
1210 2777 1337 2834 debetur
1347 2775 1484 2860 Heberno
1497 2777 1530 2834 in
1541 2777 1717 2860 prelatione
1724 2779 1791 2860 iibri
1803 2780 1932 2837 ttiracii·

217 2844 1045 3001 Quaesitumuaesitum
1096 2848 1816 3003 irritabatur,,illitteratura
1830 2851 1934 2996 tur

216 2987 264 3044 bis
289 2991 433 3044 :utnno
458 2989 575 3046 Domini
599 2989 662 3070 879,
686 3003 795 3064 corpus
817 2987 897 3046 beati
929 2993 1042 3050 Martini
1057 3015 1081 3086 ὁ
1097 2991 1230 3050 demubi
1245 2991 1569 3064 eorpusbeatitdartiui
1591 2992 1808 3060 continebatur,
1830 3010 1931 3068 quani

217 3063 339 3141 propter
352 3061 541 3115 Normannos
555 3057 795 3116 antissiodorum
818 3063 971 3136 portatum
986 3061 1043 3118 mi·
1096 3064 1186 3120 etiam
1200 3061 1368 3120 detulerant
1393 3061 1433 3117 ab
1458 3062 1673 3132 autissiodoro,
1689 3063 1783 3120 insilis
1798 3069 1873 3136 erat,
1890 3083 1931 3122 ex
2047 3071 2048 3084 ¹

215 3131 325 3187 naeniis
352 3130 454 3212 claret.
477 3129 533 3212 {ted
555 3135 679 3211 propter
695 3130 863 3188 oblationes
886 3133 1043 3189 monachis
1096 3139 1212 3193 auroat
1225 3137 1349 3214 argento
1370 3132 1454 3214 quod
1477 3133 1587 3189 dieitur
1611 3133 1763 3205 electrum,
1790 3136 1932 3217 spissitu-

217 3201 460 3258 disoordanubus
481 3205 557 3258 inter
582 3204 739 3260 Martinam
766 3204 1044 3261 cthnmaniimie-
1096 3205 1307 3264 dinednorum
1317 3203 1489 3274 digitorum,
1506 3209 1719 3280 auctoremque
1732 3221 1832 3280 operis
1849 3208 1929 3266 bea-

216 3287 325 3346 prosus
351 3272 467 3346 positus
492 3287 529 3328 ex
555 3276 641 3344 parte
665 3273 922 3356 ttartinisanatpr,
943 3279 972 3332 et
985 3274 1044 3332 alia
1095 3281 1161 3334 tum
1172 3279 1361 3359 Perpetuum,
1376 3274 1596 3350 insculptarum
1619 3293 1639 3350 g
1672 3277 1837 3350 designans
1865 3281 1929 3336 sui·

216 3347 303 3402 noete
314 3358 475 3401 conversus
484 3339 613 3415 perlecta
625 3341 867 3422 mundatur,non
879 3349 1043 3418 impotente
1095 3347 1191 3420 tragio
1201 3347 1368 3404 htterarum
1381 3349 1409 3402 et
1420 3362 1572 3420 versuum,
1585 3363 1641 3405 nec
1657 3354 1729 3424 erat,
1743 3349 1831 3418 rima,
1843 3349 1929 3409 tora-

217 3416 375 3484 Germano,
391 3411 445 3469 sad
459 3429 549 3468 suuni
561 3412 740 3480 hospitalem
765 3413 941 3473 honorante.
969 3419 1043 3474 Cum
1095 3437 1177 3490 men,
1190 3419 1320 3476 fenestra
1334 3421 1363 3474 et
1376 3415 1487 3474 ostium
1496 3417 1530 3474 in
1543 3433 1587 3474 ca.
1603 3419 1685 3476 lianc
1697 3424 1800 3478 autem
1812 3421 1929 3478 mearat

217 3489 318 3541 antem
333 3483 483 3566 convenis
498 3484 689 3566 Nortmannis
715 3489 883 3558 repertatm·
906 3489 1040 3553 Turonis,
1094 3493 1202 3548 beaute
1219 3493 1392 3562 Perpetuus,
1408 3489 1533 3570 quando
1547 3489 1673 3548 elevavit
1692 3507 1802 3566 iiorpue
1826 3493 1895 3564 ejus
1909 3509 1930 3550 a

217 3555 320 3612 omriia
333 3559 439 3636 virent,
463 3556 493 3610 et
517 3558 662 3612 conuecti
673 3555 748 3627 duo,
769 3557 824 3630 qui
838 3557 956 3628 lugiunt
974 3563 1044 3616 anie
1096 3567 1183 3630 terra
1196 3560 1363 3620 involutum
1377 3575 1460 3632 prius
1478 3559 1510 3618 in
1528 3575 1663 3634 purpura
1690 3563 1794 3626 rubea,
1809 3569 1841 3619 st
1860 3564 1927 3621 dili·

216 3626 328 3700 ipsum.
338 3628 424 3686 inviti
434 3629 589 3706 sanantur.
612 3645 627 3676 u
1096 3637 1199 3703 genter
1212 3635 1384 3702 consutum,
1401 3630 1543 3704 sicquain
1554 3632 1634 3690 hane
1648 3633 1788 3692 absidam
1809 3635 1925 3708 posuit.

254 3693 326 3770 (217)
337 3697 451 3754 nomeu
473 3697 568 3768 igitur
580 3695 714 3752 Martiae
733 3695 885 3755 Turonum
899 3714 984 3758 suum
999 3701 1044 3758 in·
1097 3703 1173 3762 Fecit
1187 3703 1276 3760 etiam
1291 3699 1384 3758 altare
1399 3701 1583 3774 quadratum
1596 3709 1625 3760 et
1639 3721 1807 3764 concavum
1821 3721 1860 3762 ex
1881 3705 1927 3763 la-

215 3767 379 3841 gredi'eute.
392 3769 469 3848 Bene
484 3781 581 3834 suain,
595 3782 690 3850 quam
705 3771 734 3824 et
744 3768 783 3826 ab
794 3769 859 3841 eius
881 3771 1042 3842 prasentia
1093 3774 1217 3850 pidibus
1232 3772 1373 3831 tabulatis
1388 3771 1472 3845 quod
1485 3789 1599 3844 magna
1620 3775 1724 3833 tabula
1755 3777 1927 3850 cooperuit,

214 3837 827 3984 ii‘f'liniiffiiiiilsliiep'ffim‘
847 3842 1042 3901 ⁰⁰¹³¹¹²⁰¹¹⁶³⁸
1095 3843 1928 3976 irrubueritattritutisim

422 3959 423 3962 ,
693 3929 703 3969 i
1094 3933 1150 3974 as
1370 3955 1373 3960 =
1475 3957 1482 3982 ,
1658 3935 1672 3974 s
1726 3935 1746 3974 n

251 4017 319 4073 inde
332 4017 391 4072 iter
405 4015 548 4072 accelerat
562 4016 694 4073 Turones
704 3983 831 4074 festinas
847 4017 876 4072 in
887 4018 987 4074 arbem
1093 3985 1429 4134 haffigssjffifflffig'
1448 3932 1812 4132 {sffgffifflfflffig
1820 3935 1929 4120 {iffi}

250 4090 340 4151 Quem
352 4088 499 4158 gairinum
512 4089 607 4145 nitida
619 4090 725 4144 fiumen
736 4089 910 4146 circumfluit
918 4089 1003 4146 unda.
1093 4075 1136 4188 ἐξ

1136 4135 1194 4212 ιιιικΙ
1209 4127 1548 4214 ljeeitdeniquefredam
1564 4129 1693 4258 desuger
1705 4149 1780 4190 auro
1795 4135 1925 4216 optimo,

1093 4207 1123 4260 et
1135 4201 1286 4276 lapidibus
1307 4203 1442 4273 pretiosis
1455 4203 1539 4256 tanto
1553 4215 1638 4258 sacer
1660 4207 1707 4261 ote
1727 4203 1925 4286 condignam.

1095 4274 1227 4346 Denique
1242 4271 1350 4330 meruit
1367 4269 1448 4328 idem
1477 4272 1583 4330 consui
1609 4289 1678 4332 euin
1697 4275 1926 4332 venei-abiimus

1094 4344 1243 4418 episcopis
1252 4341 1408 4399 itdalaudo
1419 4343 1594 4412 Turonensi‚
1610 4349 1639 4402 et
1651 4351 1754 4402 sancto
1766 4349 1851 4420 Lupo
1866 4352 1927 4402 An-

1094 4415 1265 4498 daguuensi,
1281 4410 1464 4498 etitainoldo
1473 4413 1725 4500 cenomannensi,
1738 4422 1767 4474 et
1777 4419 1927 4499 itaimone

1093 4486 1299 4544 Aurelianensi
1326 4498 1436 4568 corpus
1512 4501 1528 4542 e
1549 4489 1727 4545 nominandi
1740 4489 1926 4546 contessoris

250 4161 495 4230 HineLiger,hine
505 4160 595 4216 Carus
606 4162 714 4216 :medio
723 4162 1041 4234 sedetinterutruuique

250 4231 336 4286 Clara
351 4233 419 4296 situ,
436 4229 567 4304 speciosa
581 4229 654 4294 solo,
662 4231 789 4304 jucunda
801 4233 923 4298 fluentis,

249 4301 366 4358 Fertilis
379 4303 544 4370 arboribus,
558 4301 706 4358 uberrima
715 4303 811 4371 fruge,
828 4301 953 4375 superba

250 4373 318 4428 Cive
330 4380 447 4458 potens,
463 4373 551 4438 clero,
569 4373 686 4458 populis
702 4391 865 4438 numerosa,
881 4375 987 4430 referta
1053 4379 1077 4448 0

250 4443 377 4514 Divitiis,
391 4441 477 4514 lucis,
489 4449 519 4500 et
530 4446 637 4500 vitibus
648 4445 775 4518 undique
788 4445 898 4502 lucens.

249 4515 337 4580 Quam
353 4517 531 4571 sacrosancti
547 4515 703 4588 praesentia
716 4519 845 4590 corporis
861 4523 946 4574 ornat

248 4585 1000 4718 iiiiiisuarattaratae....a.
1092 4625 1929 4782 gggpggggeipegg

215 4769 276 4823 tino
288 4765 366 4823 bene
381 4781 479 4836 suain,
495 4781 565 4839 quei
578 4770 607 4824 et
625 4765 665 4824 ab
678 4767 744 4839 ejus
756 4766 879 4824 nomine
892 4767 1041 4824 Martiae-
1093 4778 1194 4832 autem
1202 4771 1325 4829 coasilio
1338 4769 1486 4827 dederunt
1495 4769 1660 4844 ingelgerio
1670 4773 1771 4832 comiti
1783 4773 1927 4848 preiban-

210 4838 289 4907 potis
301 4837 373 4894 olim
387 4841 565 4920 vocatauest
580 4838 749 4896 Bernardus
773 4837 930 4912 sylvestris
944 4837 977 4897 iu
988 4841 1042 4898 lia·
1092 4845 1164 4902 dam
1178 4843 1260 4900 beati
1270 4840 1384 4901 itaitini
1395 4840 1464 4914 ipsi,
1475 4842 1683 4924 stbmedibns
1692 4845 1758 4918 ejus
1771 4846 1804 4902 in

214 4921 358 4978 gaeosmo
372 4909 414 4965 ad
423 4909 602 4965 Herncumi
1092 4912 1417 4989 tunmpcssidandaui.
1444 4913 1520 4978 Quia
1548 4929 1619 4972 vcro
1634 4916 1760 4998 andasta
1784 4918 1810 4988 ej
1849 4987 1856 4998 ·

247 5013 373 5072 Emicuit
387 5015 508 5100 Ligeris,
523 5015 573 5100 ubi
586 5015 790 5090 Martinopolis
800 5019 877 5074 inter
1093 4983 1925 5128 ffiffiffiffiggffmfflffizffffffffiffi

245 5087 387 5164 Sydersos
401 5087 507 5144 fluvius
520 5087 656 5162 Pictaque
670 5107 742 5146 rura
756 5091 847 5148 sedet.
1092 5129 1207 5188 mium
1220 5129 1446 5194 constituerunt,
1463 5129 1492 5184 οἱ
1502 5101 1835 5188 ‘mmmmm
1848 5129 1927 5187 ω,

211 5195 365 5254 nannum
393 5194 618 5254 vindocinensis
653 5195 829 5271 praelatione
865 5195 897 5254 in
929 5195 1040 5256 librum
1091 5204 1171 5270 runt,
1187 5203 1359 5258 ettutorem
1372 5195 1511 5256 omniurn
1525 5201 1755 5273 possessionum
1788 5201 1836 5258 'ns
1855 5199 1925 5258 ubi-

212 5267 348 5337 Thobia,
366 5267 688 5352 qncmssmmctomuo
698 5268 864 5328 turonensi
877 5269 1039 5344 amhiepis·
1093 5287 1213 5356 cunque
1224 5276 1334 5342 essent,
1349 5267 1573 5352 delegauerant.
1587 5272 1644 5340 Qui
1656 5271 1760 5354 isdem
1871 5343 1877 5356 Ι
1902 5341 1908 5352 Ι

212 5354 290 5413 copo
303 5337 475 5398 dedicavit:
1091 5359 1126 5401 rii
1148 5347 1183 5428 'st
1200 5343 1319 5428 ⁹iioiiios
1339 5355 1410 5400 euni
1440 5339 1617 5427 redditibus,
1646 5341 1785 5418 quandiu
1803 5341 1925 5401 adm

248 5443 306 5510 Sol.
331 5449 414 5520 cuijus
429 5447 528 5506 radici
548 5447 619 5504 urbs
640 5443 849 5530 liertinopoiis
869 5447 933 5504 orbi
1092 5414 1235 5544 glanem}
1247 5413 1923 5556 afflagsspffiffifflmffloguffi

248 5517 426 5590 Commodat,
441 5524 578 5578 ettctum
592 5517 823 5590 partisbonorat
838 5517 944 5582 benur,
1035 5541 1038 5550 ·
1090 5556 1212 5616 sum,
1233 5529 1360 5632 ἔω,
1378 5553 1511 5611 mmm
1538 5573 1610 5616 vm
1637 5555 1922 5616 mmmm&

212 5624 248 5682 iit
273 5626 443 5708 munacius
464 5623 583 5698 latoris
606 5625 826 5710 donatarii«
849 5625 1040 5712 ‚snbdmatur
1091 5623 1570 5714 pagi‚toedaveiuntsceieiatain,
1584 5633 1616 5690 et
1633 5625 1921 5689 benetieiuineoale

211 5696 1037 5839 ἑὶπῐᾳξοιίὶιιέᾗῶυξαὴωῆωψὴωὺμ
1093 5717 1144 5762 sisi
1157 5699 1255 5775 insiti
1269 5706 1381 5764 mm

1093 4559 1207 4617 Marini
1217 4557 1294 4616 inira
1306 4556 1455 4614 ambitum
1496 4557 1608 4616 tnrisin
1622 4559 1927 4618 durauhnidneom·
2047 4559 2048 4582 ³
