4104 6162
220 131 272 190 ιιι
763 121 791 178 ε.
812 117 944 177 οεοιιιε
964 111 1109 172 sesana
1128 115 1379 176 tamassanus
1398 121 1420 174 ιι
1814 101 1816 106 ’
1882 120 1935 174 sse

219 271 300 314 mus.
313 251 398 320 Quod
414 249 438 306 sl
452 263 509 306 nos
524 247 608 308 nulla
622 246 754 304 conditio
779 241 927 302 servitutis
952 238 1050 312 oppri-
1066 237 1091 294 Α
1106 239 1267 298 Sciendum
1280 245 1392 310 buren,
1407 243 1480 317 quia
1494 243 1571 300 deut
1584 241 1691 300 beatus
1698 241 1937 316 Hieronymnsin

220 349 322 406 meret,
339 341 466 397 tortasse
488 353 573 394 mens
600 341 704 394 nostra
723 335 824 392 multis
845 330 1050 406 iniquitatibus
1105 328 1183 386 libre
1196 331 1235 388 dc
1251 332 1377 389 Psalmis
1390 333 1525 408 disputat
1552 350 1560 389 ι
1589 333 1618 390 Si
1645 347 1740 390 unum
1765 349 1877 406 corpus
1895 337 1937 390 est

219 434 306 507 pejus
320 431 414 486 libera
428 426 617 484 desserviret.
644 427 713 482 Haec
738 425 828 496 igitur
849 437 918 496 qum
944 420 1048 477 tolera·
1106 418 1237 476 Christus
1250 425 1279 478 et
1294 421 1434 490 Ecclesia,
1450 427 1480 480 et
1494 421 1518 480 si
1533 422 1594 480 sint
1607 422 1669 478 duo
1694 422 1726 480 in
1750 437 1848 480 carne
1864 437 1934 491 una,

219 537 299 589 mus,
315 520 383 576 ideo
399 516 503 590 gravia
515 515 676 582 eredimus,
701 515 773 589 quia
797 512 985 570 considerare
999 523 1049 566 ne·
1105 522 1228 566 necesse
1242 513 1289 566 est
1303 511 1440 568 utmodo
1461 511 1572 585 pariter
1596 511 1628 568 in
1654 510 1795 584 passione
1815 525 1887 578 una,
1909 517 1936 568 et

220 611 361 682 gligimns
376 625 395 665 a
408 610 524 681 quante
537 607 622 662 hoste
644 620 697 678 per
710 603 862 674 flagellum
876 601 1048 658 liberamur.
1106 613 1174 654 cum
1189 599 1367 664 transierint,
1381 601 1441 658 sint
1454 601 1485 657 in
1498 601 1600 675 requie
1615 617 1685 660 una.
1700 605 1773 660 Nam
1784 600 1810 656 si
1825 601 1936 674 passio

220 699 293 756 ilinc
309 701 386 754 Deus
399 695 439 752 ad
454 695 578 752 beatum
591 693 646 750 tob
659 709 665 749 :
680 694 835 756 Memento,
851 690 957 763 inquit,
969 688 1048 754 beiti,
1105 702 1160 743 nes
1173 687 1203 744 in
1218 689 1285 747 sole
1299 691 1406 764 eapite,
1422 691 1507 764 qued
1522 695 1567 748 est
1581 691 1724 760 cbristus,
1735 706 1832 764 quare
1845 706 1936 747 mem·

220 787 413 845 ottrooddos
431 785 512 856 toqui
526 784 719 855 (terrant).
735 781 815 838 Acsi
829 782 910 837 hune
924 778 1050 834 reicon-
1106 776 1274 850 brumcius
1290 780 1399 836 Paulus
1414 780 1486 839 dicit
1510 799 1517 838 ι
1544 783 1677 853 suppleo
1695 797 1729 839 en
1752 795 1819 854 qua
1830 781 1936 838 desum

169 877 172 882 '
221 875 402 933 sideratione
418 869 1052 940 mersabatamurmurationecempescet
1104 868 1277 936 passionum
1293 869 1409 926 Christi
1422 871 1634 929 incarnatam
1661 872 1708 944 (II
1726 873 1795 928 Ger.
1814 887 1852 940 rx,
1879 871 1934 942 ta).

221 963 325 1020 dicens
341 980 348 1018 ι
367 961 395 1020 Si
409 959 542 1031 gladium
557 953 719 1015 adversarii
734 957 915 1024 consideras,
932 959 1015 1012 tanto
1025 958 1052 1010 te
1106 954 1255 1012 Universa
1270 957 1350 1014 enirn
1361 959 1517 1032 passiones
1527 959 1646 1032 Christi,
1661 960 1713 1032 qni
1728 961 1894 1034 passusest
1904 958 1936 1014 in

223 1052 262 1110 ad
277 1051 467 1124 disciplinam
490 1047 593 1122 patris,
610 1048 662 1121 qui
676 1051 705 1105 te
723 1047 851 1104 exterms
872 1043 1052 1102 eruciatibus
1106 1043 1212 1116 eapite,
1228 1044 1260 1100 id
1275 1046 1364 1102 estin
1378 1061 1420 1117 se,
1436 1052 1465 1104 et
1478 1047 1590 1121 petitur
1613 1048 1645 1104 in
1667 1047 1823 1118 membris,
1848 1045 1936 1103 idest

223 1141 264 1198 ab
276 1141 392 1197 interna
405 1138 544 1211 passione
558 1137 673 1206 liberat,
686 1136 794 1193 exhibe
807 1135 941 1206 tacitum,
958 1148 1052 1206 quen·
1105 1131 1136 1188 in
1149 1133 1248 1202 nobis,
1265 1134 1304 1192 ab
1320 1151 1506 1210 unoquoque
1518 1140 1655 1194 nostrum
1670 1135 1801 1193 terenda
1814 1141 1896 1202 sunt,
1909 1139 1936 1191 et

223 1235 254 1288 to
268 1235 296 1288 te
314 1229 353 1286 ad
375 1228 511 1300 ejusdem
534 1226 630 1284 bostis
655 1227 735 1284 bella
762 1225 951 1304 prospexeris
970 1223 1051 1280 intir-
1105 1221 1162 1278 hoc
1177 1223 1261 1295 qued
1275 1224 1409 1296 patimur
1422 1225 1510 1298 quasi
1525 1225 1565 1284 ed
1580 1241 1775 1283 communem
1793 1224 1935 1298 reipubli-

223 1335 319 1376 mum.
349 1318 416 1374 Alta
441 1317 554 1390 quippe
583 1315 768 1390 dispensatio
794 1314 978 1387 judiciorum
1001 1311 1053 1368 Dei
1106 1325 1148 1368 cm
1161 1309 1345 1369 functionem
1358 1327 1413 1386 pre
1427 1313 1623 1386 possibilitate
1638 1313 1746 1372 virium
1764 1317 1936 1370 nostrornm

223 1410 300 1470 mira
311 1408 445 1482 petentia
459 1405 612 1480 praevidet,
628 1406 773 1479 qrreninm
788 1405 813 1462 si
826 1403 918 1478 quieti
930 1419 964 1459 ac
978 1401 1052 1458 libe·
1105 1398 1194 1472 quasi
1206 1415 1353 1458 canonem
1377 1403 1556 1475 passionum
1579 1402 1739 1460 intercutes
1752 1401 1936 1460 exsolvimus

221 1498 247 1554 ri
261 1495 368 1556 lamuli
387 1497 452 1568 ejus
466 1495 668 1568 persisterent,
691 1494 868 1551 tentationes
892 1490 1053 1549 adversarii
1106 1487 1189 1561 qued
1201 1488 1359 1548 debemus.
1376 1491 1516 1565 Aliequin
1532 1491 1556 1548 si
1570 1498 1651 1549 estro
1665 1491 1857 1566 disciplinam
1871 1491 1935 1548 luo

221 1586 298 1646 iorro
319 1599 382 1642 non
408 1583 553 1654 valentes,
582 1583 692 1640 mentis
716 1582 890 1639 vulneribus
914 1580 1053 1654 prostrati
1068 1593 1090 1648 B
1106 1577 1211 1646 rimus,
1226 1580 1322 1650 cujus,
1339 1584 1372 1637 nt
1386 1581 1427 1638 ait
1439 1581 1610 1655 Apostolus,
1624 1581 1786 1656 participes
1800 1581 1937 1638 erimus?

121 1678 124 1686 '
221 1675 362 1747 tacerent.
393 1671 438 1729 Ob
460 1671 492 1728 id
518 1671 607 1742 igitur
629 1671 696 1728 licet
717 1671 793 1727 bene
813 1673 960 1726 merentes
974 1684 1053 1742 srepe
1106 1666 1237 1724 Adulteri
1251 1683 1332 1739 erge,
1349 1670 1519 1726 etnonfilii
1541 1687 1548 1726 ε
1574 1675 1603 1727 ει
1627 1671 1651 1727 si
1669 1669 1829 1744 discipline
1853 1685 1936 1726 aare

222 1762 269 1818 vel
282 1761 372 1818 minis
385 1760 510 1834 impetit,
526 1759 574 1816 vel
587 1758 714 1830 flagellis
729 1759 847 1834 premit,
864 1759 909 1814 vel
930 1757 1053 1832 quibus·
1106 1772 1185 1828 mus,
1202 1772 1389 1831 consequens
1403 1764 1448 1817 est
1467 1763 1499 1816 nt
1521 1759 1693 1818 hereditate
1716 1773 1884 1816 cernamus.
1907 1762 1940 1818 in

222 1849 295 1906 dam
309 1848 456 1924 impositis
470 1848 612 1906 oneribus
628 1863 747 1920 gravae
770 1848 819 1905 vel
830 1847 987 1906 laboriosis
1002 1862 1052 1904 ee·
1105 1845 1329 1920 nobismetipsis
1375 1863 1510 1922 nemque
1554 1849 1701 1906 debemus
1739 1848 1938 1906 banlormare

223 1938 435 2014 copationibus
448 1937 589 2010 implicat.
1105 1935 1189 2008 quod
1202 1935 1340 2006 legimus,
1358 1943 1390 1994 ut
1403 1953 1471 1994 cum
1487 1954 1542 2012 per
1555 1939 1692 1998 auditum
1707 1953 1740 1994 se
1755 1938 1874 1994 animos
1887 1953 1939 1994 ex·

258 2029 349 2084 xltlt.
365 2026 416 2084 iiis
432 2027 533 2100 itaque
546 2026 644 2082 verbis
658 2025 689 2082 id
703 2041 828 2083 suasum
843 2025 880 2082 sit
893 2025 975 2099 quod
991 2041 1053 2081 me
1105 2025 1184 2092 citat,
1202 2025 1440 2099 adoperandum
1453 2029 1537 2101 qued
1551 2027 1678 2086 audierit
1690 2028 1752 2085 vita
1766 2031 1938 2084 oenenrrat.

222 2116 323 2174 lestias
337 2115 489 2188 quaslibet
500 2115 612 2172 idcirce
626 2113 728 2172 divina
742 2114 964 2187 dispensatione
978 2112 1053 2186 pati·
1141 2114 1228 2170 xilv.
1245 2113 1387 2181 Quamvis
1401 2116 1503 2190 itaque
1516 2117 1687 2174 nesciamus
1699 2133 1755 2190 pro
1767 2131 1830 2189 qna
1846 2115 1940 2189 eulpa

221 2219 301 2273 mur,
316 2207 467 2276 quatenus
482 2207 535 2260 aut
547 2203 697 2276 praeterita
708 2207 832 2276 peecata
846 2202 877 2258 in
892 2201 981 2258 nobis
995 2215 1051 2274 pu·
1105 2201 1257 2272 feriamur,
1272 2206 1300 2260 et
1311 2205 1452 2276 quamvis
1467 2205 1509 2262 nil
1524 2206 1595 2264 mali
1611 2205 1635 2262 sl
1650 2205 1714 2262 lieri
1728 2209 1833 2278 posset
1845 2205 1938 2261 nobis

220 2291 353 2368 utantur,
366 2295 418 2349 aut
432 2291 532 2348 futura
546 2291 771 2365 prohibeantur.
792 2290 841 2347 llis
855 2294 956 2348 autem
975 2290 1051 2346 due·
1105 2291 1217 2348 conscii
1237 2291 1396 2364 bserimus,
1420 2299 1522 2352 umen
1559 2295 1778 2368 eorreptionem
1800 2297 1938 2351 nosbam

221 2381 280 2438 bus
295 2380 570 2452 considerationes
585 2379 1051 2449 murmuravimus,intclligenies
1104 2395 1160 2437 nec
1173 2380 1317 2452 injustam
1331 2397 1387 2440 neo
1403 2383 1587 2457 superfluam
1601 2385 1721 2442 eredere
1734 2385 1780 2442 ies
1799 2389 1854 2457 est,
1879 2399 1941 2441 nec

220 2469 305 2544 qued
319 2469 469 2540 benignus
478 2468 573 2526 iudex
587 2469 628 2526 ab
640 2473 752 2526 esterna
765 2483 867 2542 poena,
880 2484 975 2540 qnam
987 2482 1050 2523 me·
1105 2468 1229 2526 omnine
1240 2469 1421 2528 tristandum
1435 2472 1507 2546 quia
1528 2473 1567 2530 de
1586 2473 1676 2530 beato
1701 2473 1808 2545 legitur
1832 2473 1941 2544 Tobia,

220 2558 374 2628 rebamur,
387 2572 446 2615 nes
464 2573 519 2632 per
541 2562 787 2614 momentaneam
807 2571 952 2614 excusare
971 2555 1049 2624 velit,
1105 2557 1188 2630 quod
1211 2573 1274 2614 nen
1300 2559 1336 2615 sit
1359 2559 1551 2618 contristatus
1573 2576 1629 2634 pro
1657 2561 1802 2620 caelestis
1832 2561 1941 2635 plaga,

220 2661 277 2705 nee
290 2646 457 2704 ullomodo
478 2661 534 2703 ves
554 2645 710 2702 derelictos
733 2645 917 2718 putabimus,
938 2643 1050 2717 quippe
1104 2645 1194 2702 etiam
1211 2662 1280 2702 eum
1295 2646 1335 2702 ab
1349 2646 1477 2706 infantia
1501 2651 1595 2708 Deum
1621 2649 1762 2708 timuerit.
1793 2653 1870 2721 Ergo
1902 2652 1943 2708 sit
2040 2650 2041 2698 i

221 2751 292 2793 cum
306 2752 343 2793 ex
356 2736 423 2810 ipsa
436 2733 546 2807 flagelli
555 2734 739 2808 experientia
758 2734 807 2790 Dei
831 2733 1050 2806 providentiam
1104 2733 1212 2807 aliquis
1227 2734 1268 2792 ita
1280 2736 1389 2807 justus,
1398 2741 1429 2794 ut
1438 2739 1615 2810 procacioris
1629 2739 1726 2813 culpis
1738 2753 1942 2813 nequaqnam

220 2825 262 2883 ita
274 2825 364 2882 nobis
378 2823 514 2898 impendi
528 2825 871 2896 cognoverimus,utper
880 2823 938 2879 heo
949 2824 1050 2896 ipsum
1103 2823 1238 2895 indigeat
1249 2823 1401 2894 flagellari.
1419 2826 1477 2884 Sed
1490 2827 1561 2884 huie
1578 2843 1701 2902 queque
1712 2828 1787 2885 illud
1801 2829 1942 2887 censide-

220 2931 291 2990 spes
304 2915 401 2972 inesse
416 2914 519 2988 pessit.
535 2913 619 2988 qued
643 2913 748 2986 diligat
767 2913 879 2986 quibus
894 2927 998 2970 euram
1012 2927 1050 2968 ne
1065 2945 1086 3000 c
1103 2913 1233 2970 randum
1244 2918 1299 2980 est,
1316 2914 1399 2986 qued
1412 2915 1478 2988 ipso
1493 2916 1635 2974 humanm
1645 2917 1715 2974 vites
1728 2931 1788 2980 usu
1801 2918 1942 2992 quetidie

218 3003 498 3081 peceantadbibore
511 3003 759 3076 dignatur,juxta
772 3003 846 3060 illud
868 3019 875 3060 :
899 3003 964 3074 Epo
978 3017 1050 3076 qnos
1102 3005 1327 3072 veterascimus,
1353 3007 1382 3062 et
1404 3005 1556 3062 exterioris
1584 3006 1716 3064 bominis
1738 3005 1870 3080 impulsu
1897 3009 1942 3066 ab

120 3119 127 3138 .
219 3109 299 3169 ama,
320 3109 417 3168 arpeo
430 3099 458 3152 et
472 3093 584 3166 castigo
612 3093 716 3166 (Aper.
744 3107 784 3158 ιιι,
814 3093 874 3165 ιι);
901 3090 1051 3165 siquidem
1104 3090 1295 3147 interioribus
1318 3107 1372 3165 per
1397 3091 1546 3151 lubricam
1573 3095 1785 3168 cogitationem
1805 3096 1941 3158 enimus.

219 3201 326 3244 ornnes
340 3184 415 3240 dum
429 3183 613 3258 quibuslibet
625 3182 734 3240 mentis
754 3185 783 3239 et
803 3181 938 3254 corperis
956 3180 1050 3237 mole·
1104 3182 1179 3237 liam
1194 3179 1270 3240 sicut
1283 3195 1321 3238 ex
1334 3180 1428 3238 nihilo
1442 3183 1554 3240 mndlti
1569 3199 1685 3253 snmus,
1699 3199 1754 3258 per
1765 3199 1822 3241 nos
1840 3184 1941 3258 ipsos,

218 3274 282 3331 stiis
306 3269 471 3339 afficimur,
505 3271 683 3328 earumdem
710 3269 914 3328 molestiarum
941 3284 1049 3326 causes
1103 3268 1161 3326 uisi
1187 3284 1282 3326 manu
1307 3269 1430 3328 artificis
1457 3271 1550 3330 noent
1574 3277 1740 3340 teneamur,
1761 3289 1882 3348 semper
1897 3275 1942 3333 ad

218 3375 309 3421 nesse
321 3363 474 3434 optamus,
489 3361 639 3433 quatenus
652 3359 683 3414 in
698 3373 735 3414 ee
745 3357 829 3431 qued
843 3357 991 3425 delemus,
1014 3373 1050 3414 ex
1103 3357 1232 3415 nihilum
1258 3358 1417 3418 tendimus.
1444 3364 1535 3419 Tenet
1556 3367 1658 3420 numm
1673 3377 1730 3421 nos
1743 3363 1795 3420 illa
1807 3365 1942 3422 amatrix

218 3450 286 3524 ipsa
298 3461 401 3505 rerum
416 3445 616 3504 accidentium
628 3445 733 3503 notitia
743 3444 900 3518 quoddam
916 3444 1051 3502 consola·
1104 3461 1225 3510 manus.
1241 3463 1312 3504 oum
1325 3448 1373 3506 vel
1393 3449 1432 3506 ad
1452 3465 1588 3508 amorem
1605 3453 1838 3526 compungendo
1858 3453 1941 3510 vivi-

219 3538 308 3595 tienis
322 3549 417 3606 genus
435 3534 616 3593 habeamus.
633 3534 768 3593 sednon
786 3537 832 3591 est
853 3547 975 3590 necesse
986 3533 1050 3605 jam
1102 3534 1183 3598 fleat.
1197 3535 1243 3592 vel
1256 3537 1295 3594 ad
1310 3536 1449 3596 timerem
1459 3538 1643 3612 flagellando
1662 3547 1817 3600 restaurat.
1846 3543 1942 3609 oneri

218 3629 253 3683 nt
265 3623 400 3696 singulis,
423 3623 455 3680 in
479 3637 515 3680 eo
538 3622 623 3695 qued
640 3621 769 3695 quisque
782 3621 896 3688 tolerat,
915 3624 991 3677 bens
1003 3636 1050 3678 re·
1102 3624 1159 3682 nisi
1173 3623 1444 3700 ieceritrepcntino
1457 3628 1556 3702 lapsu,
1583 3617 1671 3688 mens
1691 3633 1754 3689 tota
1777 3633 1943 3690 veterascit

220 3713 378 3790 spondeat,
408 3712 481 3787 quia
502 3726 621 3769 sacram
642 3710 826 3784 scripturam
848 3709 992 3777 condidit,
1018 3710 1050 3766 in
1102 3713 1192 3771 edam
1207 3730 1276 3787 quar
1290 3713 1383 3786 lenge
1397 3717 1512 3774 virtutis
1523 3733 1582 3776 usu
1599 3719 1742 3778 innovata
1763 3721 1942 3780 videbatur.

219 3819 282 3878 qna
296 3801 517 3875 unusquisque,
531 3800 556 3858 si
570 3799 712 3874 requirat,
729 3814 854 3858 oausam
868 3815 956 3856 suam
968 3799 1049 3857 inve·
1103 3805 1208 3860 Nonne
1218 3803 1361 3878 seriptum
1376 3809 1419 3862 εει
1434 3821 1441 3861 :
1463 3807 1597 3865 Visiiotio
1610 3813 1663 3866 tuo
1676 3810 1834 3868 custodiuit
1845 3813 1943 3881 spiss-

218 3893 290 3950 niet.
305 3891 432 3950 Utenim
445 3905 541 3947 unum
556 3905 572 3946 e
585 3889 724 3964 pluribus
735 3888 1050 3962 proteramus,l>aulus
1103 3893 1166 3946 tum
1179 3897 1306 3949 meum?
1328 3891 1393 3965 (deb
1404 3911 1434 3962 x,
1461 3895 1515 3967 tn).
1541 3881 1681 3962 visitatio,
1706 3897 1802 3972 inquit
1821 3913 1829 3954 :
1847 3899 1941 3958 eitius

219 3981 390 4044 infirmitate
415 3980 514 4038 carnis
538 3983 666 4037 tentatus
690 3977 804 4036 audivit
831 3995 838 4034 :
860 3979 982 4050 Sufficit
997 3977 1052 4036 tibi
1102 3976 1184 4034 enim
1199 3978 1660 4052 spiritusvirtutenudetnr,nisi
1673 3989 1725 4042 eut
1738 3985 1940 4060 portugalia,

220 4073 322 4144 gretia
345 4084 422 4140 meo,
446 4083 516 4128 nom
540 4070 639 4126 virtus
660 4068 1051 4138 inioflmiteteperficitur
1103 4071 1157 4124 aut
1165 4081 1219 4140 per
1229 4070 1471 4142 compunctionis
1480 4071 1942 4150 visitationcmablpsinsvirtn-

220 4159 346 4233 (licor.
361 4158 509 4230 x11,9).ln
523 4157 675 4230 Scriptura
689 4171 760 4228 erge
776 4171 862 4213 sacra
875 4155 986 4213 ideireo
1005 4155 1050 4212 ai·
1103 4154 1140 4211 tis
1166 4154 1306 4228 largitore
1334 4157 1527 4217 custodiatur.
1552 4163 1610 4219 Neo
1632 4163 1743 4220 mirum
1766 4163 1791 4220 sl
1809 4163 1941 4238 spiritus

220 4247 332 4319 tligitur
346 4246 454 4303 Paulus
464 4243 626 4316 sigillatim,
637 4259 675 4302 ne
690 4243 799 4314 singuli
808 4244 1051 4317 nostrerum,qui
1065 4295 1087 4350 D
1104 4243 1314 4316 amaritudine,
1337 4262 1405 4320 quae
1424 4248 1509 4306 carni
1522 4251 1672 4310 cerbaria
1683 4255 1727 4308 est
1737 4253 1941 4321 custodiatur,

220 4351 283 4394 non
295 4334 422 4394 audiunt
433 4334 512 4391 hanc
527 4333 775 4405 consolationem,
790 4331 894 4389 audire
906 4347 975 4389 eam
991 4331 1051 4405 pri·
1104 4331 1228 4404 ιριειιιιο
1238 4332 1362 4405 quidem
1373 4333 1431 4392 sibi
1440 4335 1568 4394 invicem
1579 4337 1785 4396 adversantur.
1802 4341 1838 4396 ut
1850 4341 1942 4398 enirn

220 4424 315 4482 vatim
328 4437 545 4498 quereremus.
556 4421 629 4480 ilinc
642 4421 675 4478 in
687 4420 743 4478 tob
765 4437 773 4478 r
799 4421 898 4479 Sernet
918 4423 1052 4495 loquitar
1103 4418 1247 4477 illamolli
1256 4419 1452 4481 delectatione
1463 4424 1605 4497 ρεεειιιιι,
1614 4425 1656 4484 sie
1668 4427 1722 4484 iste
1733 4425 1943 4488 amaritudine

222 4518 252 4573 et
278 4511 408 4572 secunde
431 4511 561 4582 idipsum
584 4523 646 4566 oon
666 4510 775 4580 repetit
794 4507 975 4580 (Jebmru,
990 4507 1051 4583 ιιις
1103 4511 1260 4579 vegsuon
1281 4525 1288 4567 ι
1309 4510 1614 4572 etsioutillamdnra
1627 4515 1774 4585 saucient,
1788 4516 1942 4578 stolsmsn

222 4613 279 4660 neo
293 4599 450 4660 adomnia
463 4597 666 4674 respondebit.
689 4597 781 4663 Quasi
801 4595 913 4656 diceret
940 4613 948 4655 ι
975 4600 1053 4656 bons
1104 4594 1208 4654 mollia
1222 4601 1340 4655 uocant.
1356 4599 1390 4656 at
1404 4598 1474 4657 inde
1489 4601 1713 4676 inperpetuum
1727 4603 1849 4677 spiritus
1860 4603 1944 4662 inta-

222 4690 412 4762 singulerum
424 4688 566 4747 cordibus
575 4686 716 4762 privatim
727 4699 788 4744 noe
801 4684 973 4760 respondet,
982 4701 1053 4744 oum
1103 4682 1558 4763 attundesuavitsradtempm
1567 4690 1945 4764 amountcujmonram

223 4779 349 4838 tortasse
376 4793 485 4838 causas
504 4777 651 4850 angustie
673 4789 737 4833 snae
755 4774 866 4846 singuli
880 4775 955 4832 seire
968 4791 1053 4850 qnae-
1104 4785 1203 4832 nexus
1215 4773 1438 4846 praeponderat,
1461 4777 1504 4834 sie
1522 4776 1572 4835 bie
1585 4777 1626 4836 ab
1639 4781 1761 4838 auotme
1771 4777 1945 4852 disciplinas

215 4871 303 4939 runt,
316 4867 371 4926 sed
383 4867 442 4925 tale
452 4865 606 4942 eloquium
620 4863 777 4935 construit,
800 4877 856 4937 per
879 4863 964 4938 qued
978 4879 1053 4921 eun-
1104 4860 1284 4920 dssb'tuitur.
1298 4865 1365 4922 iam
1376 4879 1450 4924 vere
1463 4865 1635 4926 cunalibus
1653 4867 1768 4942 intend,
1792 4881 1848 4926 neo
1869 4867 1946 4941 ipsa

221 4960 340 5014 etornm
354 4955 570 5029 questionibus
583 4951 756 5012 sabaimiat.
785 4955 849 5011 lton
871 4953 973 5026 itaque
988 4953 1054 5026 jam
1104 4952 1210 5009 ιιοειιε
1218 4949 1408 5012 destitutione
1417 4953 1568 5014 ιιιιιιιειιιιε
1577 4955 1692 5018 marna
1702 4957 1859 5015 metimus.
1871 4957 1946 5024 orso

224 5045 334 5104 nostris
345 5043 577 5116 cogitationibus
592 5046 645 5101 aut
663 5041 876 5102 afflictionibus
895 5057 950 5117 per
963 5056 1054 5100 voces
1105 5038 1189 5096 onim
1202 5037 1294 5111 leuge
1308 5056 1365 5100 nes
1377 5043 1522 5102 Οοιιιιιιοι
1538 5045 1658 5118 desani,
1678 5059 1716 5104 ee
1735 5061 1823 5104 mens
1835 5049 1945 5106 nom

215 5134 452 5209 prophetarum,
467 5135 520 5190 ant
531 5147 586 5207 ρει·
597 5129 775 5203 angelorum
789 5129 890 5188 efficia
905 5132 983 5188 Deus
1006 5145 1053 5187 ιε-
1107 5127 1140 5186 ιιι
1155 5127 1348 5188 sensibilibus
1362 5131 1546 5206 obdurescit,
1559 5132 1654 5209 fltque
1669 5133 1832 5194 miserabili
1845 5135 1945 5193 mede

221 5221 349 5297 pendet,
358 5221 505 5296 quoniam
522 5219 569 5278 vis
583 5219 742 5294 Scripturas
756 5218 909 5292 quidquid
929 5217 1055 5289 nugam
1105 5218 1190 5274 tanto
1204 5217 1348 5288 manner,
1360 5224 1477 5294 quanto
1490 5222 1586 5296 peior.
1610 5221 1701 5282 Valde
1722 5223 1805 5282 enim
1819 5222 1945 5284 difficile

223 5307 711 5384 poeoetmamraaomprebenatt.
734 5310 799 5366 Non
819 5307 902 5366 enim
914 5305 986 5364 dicit
997 5305 1053 5377 iig-
1105 5308 1152 5364 sst
1166 5309 1200 5366 ut
1210 5305 1320 5380 aliquis
1330 5309 1377 5366 ret
1391 5313 1537 5383 quiajam
1548 5312 1709 5384 marrubii,
1719 5310 1768 5370 val
1776 5311 1932 5370 deiecbun
1935 5369 1947 5402 ‚

224 5403 362 5455 mentum
376 5399 470 5471 lipsio
484 5415 492 5455 r
506 5399 564 5455 Orsr
576 5395 730 5456 metocisti
744 5395 812 5452 siet
832 5395 891 5452 Sed
912 5393 1054 5468 estquod
1105 5397 1146 5454 ad
1170 5409 1264 5470 quern
1283 5396 1411 5454 subinde
1438 5395 1525 5457 meni
1548 5401 1614 5474 ejus
1634 5402 1740 5475 vergit,
1764 5401 1798 5460 in
1811 5417 1945 5476 prospe·

225 5484 309 5542 dicat
321 5501 423 5543 servus
432 5491 463 5545 et
474 5491 622 5558 creatura,
636 5484 722 5560 qued
743 5483 817 5544 distr
829 5483 910 5542 iilius
923 5485 954 5542 et
967 5485 1054 5542 Crea-
1105 5482 1191 5544 ritats
1211 5487 1383 5556 cognoseat
1408 5488 1598 5570 Quapropter
1613 5489 1663 5548 ille
1676 5489 1730 5565 qui
1743 5489 1887 5548 tidetibus
1901 5505 1946 5548 ει

226 5571 1053 5657 ιειιιιιοιιιιιεαιιοιιιιιιωειιιιιαιιιιιιιιιισιωιι).
1107 5571 1946 5656 menarstssflutdtsnetasutuaensquedspsd
