4120 6154
98 113 144 168 425
479 103 629 168 serrone
648 108 832 172 uomitu?
850 109 880 168 S·
900 109 1001 168 GREG.
1022 115 1057 172 ut
1074 115 1146 176 lou.
1161 145 1196 170 v-
1211 121 1277 182 tic.
1296 126 1409 185 XXXIII.
1745 141 1799 200 m

21 303 22 308 γ
97 248 158 290 rum
183 245 266 287 more
292 231 404 290 mamili
430 233 462 290 iu
482 234 623 292 sensibus
638 249 748 292 sonum
771 233 915 307 loquendi
933 237 957 296 Α
972 238 1029 294 tur.
1044 237 1121 304 Quid
1132 241 1416 319 perluminasfarri,
1429 251 1606 322 nisiduritia
1619 257 1799 320 fortitudinia

96 320 209 386 babent,
222 319 275 375 set
286 337 409 380 sensum
423 322 500 380 bens
512 323 702 382 vivendrncn
714 323 836 384 hebent.
853 323 915 380 Hoc
971 324 1174 397 designatur?
1197 334 1337 392 Nonnulli
1363 339 1444 396 enim
1458 342 1580 403 infirma
1608 349 1730 421 uniunt,
1745 353 1799 412 sed

96 423 220 481 namque
235 409 324 481 quasi
338 410 488 470 humiliter
502 412 656 485 loquendo
668 416 816 480 asserunt,
832 411 916 485 quod
971 414 1106 476 elationis
1120 418 1247 493 decepti,
1263 421 1391 480 sortibus
1419 444 1455 485 ea
1483 434 1706 506 suspicionibus
1730 440 1799 513 tun.

95 498 156 556 elati
171 497 298 553 vivendo
313 503 519 558 contemnunt.
537 501 620 559 Unde
634 501 710 558 bane
722 517 776 576 per
792 500 915 560 Paulum
971 509 1056 573 gunt,
1071 511 1099 566 et
1113 524 1175 580 quo
1188 525 1252 568 esse
1268 527 1380 584 magua
1392 517 1532 589 sentiunt,
1555 539 1591 580 eo
1610 525 1648 582 de
1672 543 1728 585 sua
1748 543 1800 587 ns·

94 588 195 644 dicitur
206 603 212 642 ι
225 609 239 638 ι
253 587 282 644 Si
295 587 406 658 linguis
428 591 588 648 homiuum
615 591 724 664 loquar
741 595 770 648 et
793 589 915 660 angelo-
970 593 1064 666 quitis
1076 599 1231 656 emendari
1243 607 1450 663 contemnunt.
1465 609 1505 664 lte
1526 612 1638 683 quibus
1653 617 1798 678 Ieremias

93 693 166 744 rum,
181 675 356 734 charitatem
371 683 472 736 autem
500 695 563 736 non
577 680 719 748 habeam,
736 680 833 741 factus
847 695 915 740 sum
970 680 1032 740 ait:
1050 705 1064 734 r
1079 684 1273 746 Candidiores
1298 694 1428 750 Nasuraei
1454 696 1520 768 ejus
1549 699 1628 772 nive,
1644 703 1798 766 nitidiores

94 765 169 822 velut
182 781 224 820 cs
238 781 363 836 sonans,
390 771 442 824 aut
465 768 641 840 cymbalum
656 769 785 828 tinniens
801 770 830 834 (I
844 769 913 826 Cor.
969 770 1055 842 lactc,
1069 775 1298 836 rubicundiores
1313 781 1404 840 ebore
1418 785 1553 860 subque,
1575 792 1718 864 sapphiro
1733 797 1798 868 pul·

93 872 145 927 ιιιι,
162 859 199 920 lt.
216 877 231 906 ιι
253 858 427 914 Xoussrrsn.
442 857 513 924 Quis
538 875 592 930 per
606 875 676 916 ossa
699 858 861 919 Behemoth
874 857 914 916 is·
970 861 1111 922 clariores.
1128 868 1286 939 tlauigrata
1298 875 1342 928 est
1353 889 1444 946 super
1457 876 1604 936 carbones
1632 880 1725 939 iacias
1750 899 1798 941 eo-

93 945 145 1000 tius
158 944 215 1000 nisi
229 945 353 1002 consilia
367 945 590 1018 designantur?
604 951 679 1006 Nam
694 951 772 1004 sicut
798 949 829 1004 in
843 946 915 1008 ossi,
969 965 1047 1019 rum,
1063 957 1092 1010 et
1106 968 1168 1014 nou
1183 961 1252 1014 sunt
1266 960 1376 1029 cogniti
1389 961 1421 1018 in
1439 963 1556 1036 plateis,
1572 967 1700 1030 adbaesIt
1721 972 1797 1029 cutis

90 1031 144 1088 bus
158 1031 266 1106 positio
288 1038 335 1091 ast
348 1035 482 1107 corporis
497 1035 650 1109 roburque
670 1035 814 1106 subsistit,
829 1035 868 1094 lte
882 1035 914 1096 ιἰι
969 1053 1074 1098 corum
1096 1043 1218 1102 ossibus
1234 1063 1240 1101 :
1257 1048 1335 1105 aruit
1357 1053 1387 1106 et
1412 1049 1491 1110 lacta
1508 1057 1556 1112 est
1571 1057 1662 1129 quasi
1678 1057 1796 1130 lignum

90 1121 283 1178 fraudulentis
297 1122 429 1179 consiliis
453 1127 515 1180 tcta
529 1141 560 1181 se
588 1125 654 1196 ejus
682 1124 795 1182 malitia
809 1123 912 1194 erigit:
968 1127 1092 1197 (Tireu.
1109 1148 1148 1204 rr,
1163 1141 1189 1202 7,
1203 1135 1241 1206 8).
1258 1137 1426 1210 »sequitur
1441 1157 1449 1196 :

89 1226 182 1284 nequa
197 1211 278 1267 anim
293 1211 322 1268 vi
343 1213 520 1286 quempiam
535 1214 652 1287 premit,
675 1215 728 1272 scd
754 1213 913 1274 caliditate

87 1298 228 1372 pestilerae
242 1299 448 1372 persuasionis
477 1301 624 1358 interficit.
642 1305 676 1358 et
690 1318 821 1370 rursum,
838 1301 914 1362 sicut

87 1387 222 1444 medulloe
243 1388 413 1445 confortant
438 1405 509 1446 ossa
530 1389 603 1462 quia
625 1390 759 1461 irrigant,
786 1391 911 1462 itacius

86 1477 206 1533 consilia
216 1493 269 1551 per
282 1483 397 1534 naturas
411 1479 552 1552 spirltalis
565 1480 731 1552 potentiam
749 1479 851 1539 iulusa
865 1479 911 1538 in-

87 1567 177 1637 geniis
188 1567 337 1624 subtilitas
350 1569 481 1626 roborat.
499 1571 559 1626 lloc
573 1585 645 1626 vero
670 1569 798 1628 testiculi
812 1568 852 1630 ab
866 1584 912 1626 cs·
927 1591 948 1648 p

87 1656 176 1728 sibus,
187 1656 219 1712 id
232 1661 277 1712 est
294 1659 502 1728 suggestiones
515 1675 534 1716 a
548 1657 681 1716 consiliis
690 1658 813 1729 distant,
827 1659 912 1732 qued

86 1745 216 1816 perillus
230 1751 331 1820 aperte
345 1747 436 1805 noxia
445 1748 556 1816 inserit,
573 1763 627 1821 per
641 1749 705 1806 baec
720 1752 822 1806 auum
835 1763 911 1821 qua-

86 1835 110 1890 si
123 1841 153 1892 et
162 1835 244 1894 bono
255 1835 415 1893 considens
425 1837 464 1893 ad
475 1837 596 1910 culpam
607 1837 707 1896 uehit.
718 1839 797 1894 Bene
811 1841 912 1898 eutem

85 1925 151 1982 aeris
166 1926 273 1984 fistulis
284 1930 509 1999 comparantur.
525 1927 598 1983 AEris
612 1927 724 2000 quippe
739 1927 846 1984 fistula
866 1943 912 1984 so·

83 2016 165 2072 noris
194 2016 291 2088 aptari
318 2017 459 2072 cantibus
482 2016 587 2083 solent,
615 2016 656 2072 ita
671 2033 793 2089 quoque
816 2021 914 2076 astum

82 2104 221 2176 consilia,
238 2103 312 2160 dum
328 2105 353 2160 si
365 2104 548 2177 quablanda
562 2105 732 2177 provisione
742 2105 911 2174 consulunt,

82 2209 135 2249 cor
149 2210 169 2249 a
184 2193 252 2250 lorti
267 2193 430 2250 intentione
441 2198 623 2266 pervertunt,
633 2194 745 2251 ctdnm
758 2194 858 2252 dulcia
866 2211 912 2252 re„

83 2285 203 2350 acuant,
233 2282 273 2338 ad
295 2284 386 2339 noxia
400 2283 553 2340 Inclinant.
571 2282 664 2339 Veluti
684 2283 752 2356 quis
775 2283 913 2354 frangere

82 2372 252 2428 voluntates
274 2377 372 2443 parat,
398 2378 427 2428 et
453 2371 573 2428 alterius
588 2370 791 2428 voluntatibus
811 2371 910 2441 subdi,

82 2458 150 2514 huic
164 2460 260 2520 hostis
273 2459 397 2518 callidus
410 2459 569 2518 blandiens
582 2462 654 2518 dicit
670 2479 677 2517 τ
694 2464 716 2518 0
730 2466 845 2535 quanta
860 2477 913 2535 per

83 2548 274 2620 temetipsum
286 2564 374 2619 agere
389 2549 528 2605 mnanda
540 2557 670 2622 poteras,
682 2549 707 2605 si
717 2565 913 2624 nequaquam

84 2641 110 2692 ta
126 2637 243 2708 iudicio
258 2637 379 2696 allartus
394 2637 581 2695 subdidisses
606 2640 612 2695 l
627 2643 656 2696 ct
677 2639 723 2696 his
738 2639 855 2698 similia.
865 2642 914 2696 Se·

84 2727 184 2799 quitur
209 2729 390 2800 :cartaligo
422 2729 506 2784 illics
534 2730 623 2800 quest
649 2731 768 2786 tumissa
795 2731 911 2800 serrem

84 2817 233 2889 cartilago
260 2833 395 2892 namque
422 2818 500 2876 ossis
514 2819 639 2890 quidem
667 2819 797 2892 speciem
811 2820 911 2878 hebet.

84 2907 159 2972 Quid
173 2911 306 2979 astorgo
320 2907 403 2980 quod
424 2906 567 2978 cartilago
592 2909 658 2978 eJus
676 2907 797 2964 laminis
813 2909 913 2964 ferreis
933 2935 954 2990 Ο

1003 1255 1088 1312 Vens.
1105 1261 1148 1313 tl.
1165 1261 1230 1329 ipse
1257 1267 1299 1317 est
1325 1265 1511 1335 principium
1540 1269 1659 1328 ciarum
1680 1271 1744 1331 Dei.
1761 1307 1796 1317 -

968 1343 1045 1408 Quid
1059 1345 1140 1402 enlm
1154 1348 1217 1405 vias
1234 1350 1293 1419 Dei,
1309 1351 1367 1408 nisi
1381 1353 1447 1424 ejns
1461 1356 1593 1416 actiones
1608 1359 1796 1436 accipimus?

968 1435 1007 1488 lle
1027 1433 1138 1506 quibus
1165 1453 1219 1510 per
1234 1441 1414 1512 prophetam
1443 1444 1551 1502 dialtur
1569 1465 1575 1503 :
1593 1471 1608 1498 ι
1625 1452 1689 1506 Νοιι
1715 1452 1796 1512 cuim

966 1519 1022 1576 viae
1037 1537 1112 1578 mea
1124 1523 1200 1581 sicut
1214 1525 1269 1582 vice
1285 1531 1389 1584 vestrae
1402 1531 1472 1600 (Iac.
1485 1548 1529 1602 nv,
1545 1535 1582 1606 8).
1601 1557 1615 1585 a
1644 1537 1677 1593 Et
1689 1539 1797 1612 princi-

966 1609 1051 1682 pium
1065 1612 1183 1669 viarum
1197 1614 1249 1670 Dei
1263 1616 1426 1674 Behemoth
1440 1619 1796 1696 dicitur,quianim1rum

967 1714 1036 1755 cum
1061 1706 1169 1758 cuncta
1195 1719 1301 1761 creans
1323 1710 1435 1780 ageret,
1451 1707 1531 1766 bunc
1546 1711 1679 1786 primum
1695 1715 1796 1772 condi·

967 1787 1018 1856 dit,
1030 1806 1121 1864 quem
1131 1791 1253 1872 reliquis
1266 1794 1380 1865 angelis
1393 1796 1619 1856 emiuentiorem
1635 1799 1712 1858 feeit.
1722 1801 1796 1862 ilinc

967 1880 1114 1954 propbeta
1128 1881 1188 1938 ait:
1206 1904 1219 1932 c
1237 1883 1323 1939 cedri
1337 1899 1400 1940 non
1414 1884 1534 1944 luerunt
1559 1887 1679 1946 altiores
1701 1889 1752 1948 illo
1765 1890 1795 1950 iu

967 1967 1109 2038 paradiso
1125 1969 1184 2039 Dei,
1201 1969 1313 2027 abietes
1341 1987 1403 2028 non
1417 1982 1649 2051 coequaverunt
1672 1979 1796 2040 summi·

968 2055 1020 2110 tati
1045 2055 1120 2127 ejus,
1141 2079 1155 2107 ι)
1179 2061 1234 2130 etc,
1263 2059 1381 2131 (Erech.
1406 2077 1485 2132 xxxi,
1516 2065 1557 2138 8.)
1593 2069 1627 2122 lit
1650 2082 1792 2124 rursum:

971 2145 1037 2199 «Tu
1065 2145 1255 2215 signaculum
1279 2147 1491 2222 similitudinis,
1507 2151 1615 2226 plenus
1637 2155 1794 2230 sapientia,

969 2236 997 2288 et
1021 2234 1168 2307 perlectus
1205 2235 1313 2294 decore
1342 2237 1373 2294 in
1406 2237 1518 2296 deliciis
1547 2243 1681 2318 paradisi
1716 2245 1796 2302 fuisti

968 2322 1085 2394 (Erech.
1103 2341 1204 2396 xxvrn,
1223 2331 1277 2396 lt).
1296 2349 1310 2378 ι
1331 2327 1502 2386 Considerct
1521 2345 1593 2402 ergo
1608 2331 1701 2390 homo
1722 2333 1796 2407 quid

932 2435 938 2444 ·
967 2411 1100 2469 elevatus
1112 2413 1144 2469 iu
1159 2418 1237 2475 terre
1252 2421 1412 2484 mereatur,
1426 2417 1452 2474 si
1471 2419 1499 2474 et
1512 2419 1653 2492 praelatus
1681 2422 1795 2494 angelis

966 2497 997 2554 In
1021 2501 1096 2557 coelo
1121 2505 1327 2576 prostamitur.
1351 2505 1425 2563 Hinc
1449 2508 1599 2582 propheta
1625 2509 1687 2566 ait:
1706 2511 1797 2567 «lna-

966 2587 1080 2646 briatus
1101 2591 1188 2648 estin
1204 2593 1279 2650 coelo
1306 2593 1424 2670 gladius
1443 2597 1515 2670 (Iso.
1538 2614 1636 2668 xxxiv,
1651 2599 1689 2672 ὅ).
1708 2621 1722 2650 »
1749 2601 1797 2657 Sa-

967 2677 1067 2750 quitur
1091 2696 1097 2735 :
1119 2680 1177 2748 Qus·
1194 2682 1266 2752 serit
1290 2699 1367 2754 eum,
1388 2685 1554 2758 applicavit
1566 2688 1704 2760 gladium
1719 2690 1793 2759 ejus.

968 2767 1090 2823 Gladius
1115 2771 1227 2844 quippe
1255 2771 1417 2830 Behemotb
1448 2774 1543 2844 istIus,
1570 2775 1639 2850 ipsa
1666 2777 1796 2834 nocendi

967 2856 1081 2914 malitia
1094 2863 1147 2914 est.
1165 2857 1223 2916 Sed
1242 2859 1282 2915 ab
1308 2875 1344 2916 eo
1372 2877 1434 2936 quo
1455 2861 1554 2919 honus
1577 2881 1631 2940 per
1654 2869 1794 2924 naturam

968 2945 1064 3001 iactus
1079 2950 1124 3004 est
1142 2947 1207 3020 ejus
1223 2947 1340 3018 gladius
1365 2949 1542 3026 applicatur,
1565 2953 1637 3028 quia
1651 2955 1716 3026 ejus
1729 2971 1794 3011 ma-

1366 3051 1403 3092 ne
1431 3039 1627 3112 restringitur,
1656 3057 1694 3096 ne
1710 3041 1795 3098 ferire

967 3126 1084 3178 tantum
1098 3123 1257 3180 hominum
1283 3129 1398 3181 mentes
1421 3131 1570 3200 quantum
1597 3129 1709 3207 appetit
1731 3145 1797 3206 per-

968 3211 1111 3269 mittatur.
1140 3217 1196 3270 lste
1221 3229 1353 3288 namque
1386 3215 1561 3290 Behemoth,
1587 3217 1659 3291 quia
1687 3217 1796 3298 princi-

84 3000 289 3069 comparaiffl',
300 2995 358 3051 mii
372 2994 495 3068 ‘1¹¹⁰dffi
506 2996 559 3068 ‘1¹¹i
569 2995 600 3051 in
608 2995 659 3052 5¹¹⁰
672 2995 832 3053 d⁰bffi⁰¹⁹⁰⁸
845 3001 914 3053 mut
967 3032 1029 3089 litia
1053 3033 1156 3090 divina
1179 3033 1364 3108 dispensatio

83 3085 121 3140 ad
131 3086 337 3158 perpetranda
359 3085 441 3142 male
459 3085 622 3158 neqqures
650 3086 805 3146 existunt?
828 3089 914 3142 l'crrc

82 3175 195 3249 quippe
202 3175 434 3232 caeterametalla
442 3175 651 3247 conciduntur,
663 3176 839 3246 atcartilago
849 3177 914 3248 ejus

83 3264 185 3324 ’πῶς
201 3263 280 3321 ¹⁰⁸⁰
291 3264 408 3332 (ΜΨ
424 3264 496 3336 qnia
508 3264 539 3320 hi
553 3264 606 3337 qui
621 3265 651 3320 in
662 3265 729 3336 ejus
739 3281 865 3338 ⁰⁰sp⁰r⁰
875 3265 915 3322 ad
968 3301 1053 3374 pium
1066 3301 1184 3360 viarum
1199 3303 1249 3360 Ilei
1264 3309 1320 3376 cst,
1341 3311 1527 3366 cumcontra
1544 3311 1685 3367 sanctum
1697 3308 1796 3366 virum

82 3353 314 3454 ⁰⁵t⁰⁰tati⁰n⁰fn
347 3352 491 3452 mptum
527 3369 590 3408 ΜΠ
622 3351 783 3453 ⁵Uffi⁰iuf¹t'
812 3357 915 3410 mmm
967 3390 1118 3450 licentiam
1129 3393 1298 3450 tentationis
1313 3394 1437 3470 accepit,
1452 3399 1560 3454 cuncta
1574 3395 1706 3472 abstulit,
1728 3413 1797 3456 con·

82 3457 187 3500 ΜΠ]
204 3443 338 3502 fldelfflm
353 3458 452 3500 ³⁰r¹¹¹⁸
467 3442 683 3501 ³⁰⁰⁰¹¹du⁰mr'
695 3444 837 3509 omrem
852 3459 915 3502 ⁰⁰¹¹
968 3481 1104 3538 urentes
1118 3482 1195 3539 filios
1208 3483 1357 3552 exstinxit,
1371 3484 1424 3540 sed
1439 3483 1558 3556 gladius
1574 3487 1638 3559 ejus
1656 3503 1675 3544 a
1691 3487 1797 3546 Condi·

83 3531 159 3589 lerro
189 3531 414 3633 tantummodo,
438 3532 492 3632 sed
520 3531 641 3590 laminis
665 3531 767 3632 ferreis
792 3548 915 3634 compa·
969 3571 1212 3646 ,orereplicatury
1227 3589 1297 3629 eum
1308 3571 1464 3630 dimum
1474 3573 1797 3640 Animamffliusserva

83 3627 187 3679 rantur
201 3641 208 3692 ;
222 3638 294 3695 quia
303 3622 378 3678 dum
392 3637 422 3677 se
442 3635 678 3694 circumquaque
695 3637 726 3677 ιιι
740 3622 914 3679 credulitate

82 3709 372 3778 occursantium,
393 3709 483 3783 quasi
497 3709 608 3766 Inferri
633 3727 664 3767 se
675 3710 797 3772 laminis
813 3715 914 3768 extem
949 3785 954 3794 Ι

82 3798 167 3858 dunt.
182 3804 358 3858 ldonsmrns.
375 3799 451 3866 Quid
461 3814 514 3872 per
525 3799 741 3869 cartilaginem,
755 3801 813 3857 nisi
824 3801 914 3857 simu·

81 3887 152 3947 latio
182 3891 249 3962 ejus
262 3889 431 3960 accipitur?
456 3887 604 3958 cartilago
618 3905 751 3963 namque
771 3890 849 3946 ossis
863 3907 913 3947 os-

81 3979 178 4036 tendit
192 3979 335 4051 speciem,
360 3977 412 4032 sed
427 3975 503 4032 ossis
527 3991 590 4035 non
615 3977 706 4034 habet
731 3978 912 4038 firmitatem.

83 4069 113 4124 et
128 4071 203 4124 sunt
219 4064 365 4122 nonnulla
380 4064 450 4122 vitia
462 4081 531 4138 quse
544 4065 707 4124 ostendunt
728 4066 759 4122 in
777 4083 807 4123 se
829 4069 914 4126 recti-

80 4158 198 4214 tudinis
214 4155 354 4230 specIem.
373 4154 551 4227 Plerumque
575 4155 606 4210 in
631 4155 809 4214 ulciscendis
837 4157 915 4214 vitiis

82 4245 245 4305 crudelitas
260 4245 368 4317 agitur,
382 4249 410 4302 et
422 4244 537 4316 lustitia
547 4249 678 4318 putatur,
703 4251 793 4320 atque
810 4247 915 4305 immo

204 4337 209 4350 .
261 4337 267 4350 .
324 4337 329 4347 .
392 4336 397 4348 .
482 4335 487 4348 .
655 4336 659 4346 .
967 4285 1052 4346 hoste
1076 4301 1260 4360 pugnamus,
1286 4291 1422 4366 superest
1443 4291 1477 4344 ut
1500 4288 1710 4364 unusquisque
1729 4305 1798 4348 nos-

82 4337 189 4438 dffflta
202 4341 332 4437 ΜΨ
345 4336 400 4437 ΖΨ
414 4340 554 4438 ΜΨ]
580 4335 720 4393 Μθὼωῖ·
737 4335 914 4412 p¹⁰r¹¹mqu⁰
968 4381 1048 4433 trum
1067 4379 1149 4432 tanto
1173 4392 1204 4432 sc
1226 4375 1344 4450 planius
1362 4377 1476 4436 auctori
1495 4377 1659 4450 subjaceat,
1683 4381 1798 4454 quanto

82 4427 232 4484 dissoluta
255 4443 391 4484 remissro
419 4441 507 4499 quaer
532 4425 735 4484 mansuetudo
759 4428 913 4500 copiates

82 4515 230 4587 hebetur3
247 4532 470 4591 nonnunquam
484 4515 593 4574 effusio
605 4515 812 4574 misericordia
821 4518 915 4575 credi·
969 4471 1074 4524 contra
1089 4481 1120 4522 ⁵⁰
1134 4467 1237 4526 saevire
1250 4467 1394 4528 Vi⁰l⁰¹¹t³r
1407 4465 1573 4528 adversarii
1587 4469 1666 4532 Vires
1677 4473 1796 4546 pensat·

968 3660 1045 3732 (Jcb.
1060 3676 1089 3730 rr,
1103 3659 1140 3733 6).
1155 3683 1169 3710 »
1184 3662 1355 3720 Notandum
1365 3679 1487 3739 quoque
1498 3665 1636 3740 estquod
1647 3681 1796 3726 vesanum

968 3746 1081 3818 dogma
1103 3747 1163 3804 Arii
1174 3753 1278 3822 aperta
1287 3749 1319 3804 in
1332 3749 1469 3807 hocloco
1489 3752 1603 3808 ratione
1613 3751 1774 3832 dissipatur
1787 3772 1795 3825 ;

968 3835 1115 3893 Iacturam
1130 3837 1243 3914 qqupe
1258 3837 1309 3893 Dei
1323 3837 1430 3894 Filium
1443 3840 1565 3916 patitur,
1579 3845 1608 3897 ct
1621 3857 1689 3900 cccc
1705 3843 1796 3902 Bebe-

967 3925 1053 3982 motb
1065 3926 1097 3980 iu
1112 3923 1228 3982 iactura
1241 3941 1342 3982 rerum
1357 3925 1473 4002 primus
1489 3931 1605 3984 creatus
1620 3930 1795 3988 ostenditur.

968 4018 1108 4094 Superest
1119 4031 1190 4088 ergo
1210 4019 1242 4072 ut
1254 4017 1341 4072 Arius
1361 4033 1423 4074 uon
1438 4016 1552 4076 iactum
1574 4017 1679 4078 Filium
1691 4019 1799 4096 praedi-

969 4111 1024 4176 cet,
1047 4111 1098 4164 aut
1124 4123 1193 4164 aum
1221 4111 1289 4180 post
1303 4107 1466 4165 Behemcth
1490 4107 1646 4168 conditum
1669 4109 1797 4168 stultum

969 4201 1060 4271 putet.
1082 4196 1158 4264 Quia
1172 4213 1243 4254 vero
1271 4213 1327 4256 nos
1346 4197 1558 4270 cognoscimus
1585 4215 1656 4260 cum
1682 4203 1797 4279 quanto

507 4821 680 4914 LIBER
734 4823 1069 4916 iniciemus
1110 4825 1362 4917 TERTIUS.

117 5139 208 5198 vass.
221 5141 262 5193 te.
274 5137 354 5195 Huic
367 5142 480 5195 montes
495 5136 602 5193 derbes
610 5135 726 5206 seruat.
742 5165 778 5178 -
791 5140 824 5193 in
836 5138 911 5195 Scri·
927 5140 950 5194 u
968 5139 1040 5211 (isc.
1055 5155 1086 5210 rr,
1101 5138 1139 5211 ι),
1158 5157 1168 5190 ι
1183 5137 1353 5212 Aliquando
1369 5143 1473 5198 sancta
1495 5141 1635 5214 Ecclesia,
1653 5147 1686 5200 ut
1699 5143 1773 5200 illud
1786 5149 1794 5190 2
1906 5147 1909 5159 ⁴

81 5231 172 5300 ptura
189 5243 277 5284 sacra
291 5245 361 5285 cum
376 5242 503 5284 numero
516 5225 660 5298 singulari
675 5243 763 5284 mons
781 5228 913 5300 ponttur,
968 5249 980 5283 s
995 5229 1052 5296 Qui
1064 5227 1220 5286 confidunt
1232 5229 1263 5285 iu
1277 5229 1404 5288 Domino
1419 5227 1496 5289 sicut
1508 5247 1597 5288 mons
1615 5232 1684 5288 Sion
1699 5231 1794 5302 (Paul.

81 5317 252 5392 aliquando
266 5319 440 5375 incarnatus
455 5317 600 5374 Dominus
627 5316 814 5388 dcsIgnatur,
841 5317 917 5373 sicut
970 5335 1063 5388 nrxrs,
1076 5323 1114 5388 l).
1130 5337 1145 5372 s
1161 5318 1331 5393 Aliquando
1346 5324 1558 5378 testamentum
1571 5317 1698 5387 nomint,
1721 5318 1797 5378 sicut

81 5409 310 5482 scriptumest:
329 5431 342 5460 s
360 5407 419 5462 Erit
432 5405 463 5460 in
487 5405 660 5464 novissimis
674 5407 782 5464 diebus
802 5421 917 5480 praepa·
970 5408 1110 5466 llabacuc
1122 5408 1164 5466 ait
1179 5427 1186 5466 t
1202 5428 1217 5463 s
1234 5413 1345 5467 Deusa
1369 5409 1481 5467 Libano
1502 5408 1609 5476 venlet,
1633 5409 1661 5464 et
1674 5413 1797 5468 sanctus

81 5503 167 5556 ratus
182 5513 272 5555 mons
286 5498 397 5556 domus
412 5495 529 5554 llomini
556 5495 588 5552 in
613 5497 753 5555 verticem
768 5496 917 5554 montium
971 5497 1121 5556 demente
1135 5497 1281 5558 umbroso
1295 5501 1324 5555 et
1346 5497 1501 5554 condenso
1527 5494 1653 5566 (Habea.
1669 5511 1710 5569 ιιι,
1726 5502 1795 5568 3).»
