4120 6154
110 153 156 212 38)
466 154 468 158 ’
500 157 649 215 annona
667 158 852 216 neaeman
871 159 900 216 S.
922 159 1024 218 Gaea.
1045 162 1079 218 ln
1098 163 1172 222 JOB.
1191 189 1227 208 «-
1247 165 1312 224 ua.
1332 167 1423 223 xxm.
1765 170 1818 226 Μ

107 276 294 336 manifestius
321 280 569 352 contemplantur.
593 281 666 340 ilinc
695 283 842 354 propheta
869 273 909 341 ait
924 300 930 340 :
947 285 972 338 A
989 307 1001 334 α
1014 288 1115 356 AEnea,
1138 293 1226 346 sanat
1241 292 1268 344 te
1284 289 1427 346 Dominus
1445 291 1531 348 lesus
1546 291 1694 360 Christum
1716 307 1817 362 surge·

108 366 312 424 «Animamea
327 369 505 426 desiderarit
519 375 546 426 te
560 369 591 426 in
603 374 691 428 nocte
704 371 773 438 (Ian.
788 372 932 442 sumet»
982 377 1016 430 et
1030 379 1126 432 sterne
1141 377 1192 432 tioi
1205 377 1281 448 (Art.
1296 394 1334 447 u,
1349 379 1423 450 ³4t·”
1441 381 1567 450 Surgere
1586 379 1666 436 enim
1680 383 1724 438 est
1737 380 1818 440 mala

106 456 245 530 Sequitur
260 475 268 514 ι
282 457 407 525 Quando
426 460 516 516 aruit
529 475 619 530 sopor
633 475 723 529 snper
737 460 933 531 Aemines,····
988 467 1156 536 perpetrata
1174 465 1361 539 relinquam
1388 471 1519 524 sternere
1545 474 1647 528 antem
1670 469 1818 530 mercedis

104 543 146 602 ab
159 543 297 602 exteriori
311 545 423 619 quippe
448 547 566 604 actione
580 563 709 614 cesama,
731 548 862 606 dormire
876 553 931 606 eat.
988 567 1108 622 causes,
1119 555 1150 610 in
1163 553 1275 628 quibus
1289 555 1474 628 requiescere
1489 557 1607 624 debeat,
1622 559 1750 632 operari.
1765 558 1820 616 Ali-

103 633 259 706 Sequitnr:
271 635 309 689 lit
324 635 476 692 dormiunt
491 637 523 694 in
539 638 659 696 lectulo.
674 667 709 680 -
725 638 839 696 Sanctis
852 638 933 696 enim
987 643 1112 713 quando
1131 661 1202 702 vem
1226 645 1345 718 requies
1370 647 1543 719 temporalis
1565 648 1720 721 accipitur,
1743 649 1820 708 sicut

103 722 174 778 viris
187 722 320 779 dormire
334 723 365 780 in
387 723 507 794 lectum,
521 731 567 784 est
593 727 672 784 intra
688 728 797 786 mentis
812 743 935 785 sumen·
988 731 1553 804 scriptumest:‹Universumstratum
1567 737 1633 808 ejus
1648 738 1774 796 versasti
1786 738 1819 798 in

103 811 163 869 bile
177 812 340 884 quiescere.
358 813 440 872 Unde
454 815 600 889 scriptum
624 821 686 874 est:
707 838 716 868 ι
736 817 935 874 exsultabunt
987 819 1158 880 infirmitate
1182 824 1247 896 ejus
1273 826 1370 892 (Psoi.
1399 841 1443 892 aa,
1470 825 1536 898 4).»
1560 827 1603 882 Ac
1634 825 1660 882 si
1689 826 1813 885 dicerett

105 900 198 958 sancti
211 901 243 957 in
257 901 584 972 gloria,toetabunturin
596 906 745 964 cubilibus
759 907 822 964 suis
839 908 933 980 (Psoi.
988 909 1082 966 Omne
1102 911 1187 983 quod
1214 912 1262 969 bio
1287 912 1343 970 sibi
1356 912 1472 986 paravit
1497 913 1537 972 ad
1559 913 1778 986 requiemnon
1790 914 1819 974 ei

105 1005 197 1059 ann,
213 989 280 1061 5).»
296 991 451 1064 Sequitur:

138 1080 225 1136 Vens.
243 1083 286 1151 tn,
303 1082 385 1138 Terre
400 1083 498 1152 opert
513 1097 600 1140 aures
628 1085 773 1142 virorum.
797 1113 832 1126 -
858 1086 934 1142 Gnm
986 1083 1085 1140 nonin
1100 1086 1254 1157 praesentis
1269 1086 1336 1144 vite
1351 1087 1518 1160 requie,vel
1532 1087 1701 1146 tentationis
1714 1086 1818 1146 stimu-

103 1167 173 1224 enin
188 1167 228 1224 ab
239 1169 435 1228 exterioribus
459 1171 628 1228 actionibus
648 1172 813 1246 sopiuntur,
831 1179 935 1248 aperta
986 1169 1034 1238 lis,
1051 1171 1098 1228 val
1112 1171 1222 1244 flagelli
1237 1173 1398 1234 afflictione
1412 1175 1624 1234 conturbat-Et
1635 1177 1737 1234 emate
1751 1190 1818 1234 etan

105 1271 179 1312 aure
191 1255 301 1314 interni
321 1257 470 1314 examinis
498 1275 605 1316 causas
630 1261 758 1318 audiunt
785 1261 839 1334 qni
859 1261 934 1320 dum
988 1257 1052 1324 ejus
1065 1272 1244 1318 marcessere
1256 1260 1343 1330 serit.
1358 1291 1393 1302 -
1410 1261 1486 1318 Ossa
1501 1259 1532 1318 in
1558 1259 1709 1334 Scriptura
1732 1274 1818 1322 sacra

106 1345 313 1403 subtiliterve}
333 1345 453 1416 flagella
473 1348 605 1422 publiea,
630 1351 677 1406 vel
690 1351 803 1422 judicia
818 1352 935 1410 00011122
991 1344 1110 1402 virtutes
1124 1347 1301 1421 accipimus,
1316 1349 1393 1408 sicut
1417 1349 1560 1423 scriptum
1576 1353 1637 1408 eat:
1650 1349 1817 1408 «Dominus

105 1433 308 1504 congldemt,
326 1437 502 1508 semetipsos
516 1436 647 1509 affligem
663 1437 763 1496 flendo
787 1457 847 1497 non
870 1457 934 1498 033.
988 1434 1117 1492 custodit
1145 1437 1247 1494 Omnia
1271 1454 1342 1496 0888.
1367 1453 1483 1502 eorum,
1504 1455 1599 1496 unum
1622 1454 1660 1496 ΒΧ
1681 1437 1729 1497 htS
1756 1454 1818 1496 11οὓ
1842 1428 1849 1439 .

102 1527 179 1580 sant,
189 1524 343 1596 sequium
360 1525 401 1582 Er
414 1527 552 1584 eram
565 1543 612 1584 eos
626 1529 932 1600 insomndnctpzma,
988 1529 1155 1582 motaretur
1167 1527 1262 1596 (Psoi.
1277 1543 1373 1596 xxxin,
1387 1529 1443 1598 nt).
1456 1551 1472 1578 »
1491 1531 1525 1586 nt
1537 1529 1611 1600 quio
1624 1528 1656 1584 in
1666 1543 1702 1586 ea
1716 1525 1818 1601 requie

102 1612 220 1678 -Ouia
231 1613 435 1672 consideranti
443 1615 571 1673 mantici
580 1633 643 1673 sese
658 1631 711 1690 per
724 1619 931 1691 penitentiam
946 1618 1091 1693 nannete
1106 1615 1192 1672 nobis
1206 1615 1247 1674 nb
1266 1617 1323 1674 hnc
1337 1617 1447 1677 soennln
1466 1631 1683 1690 pinnnrninnn,
1698 1616 1817 1688 tltsssstin

102 1701 257 1766 laceranti,
273 1703 361 1774 quasi
375 1704 517 1775 quedam
532 1705 629 1778 pinge
645 1707 846 1778 percussionis
860 1713 933 1764 sunt
987 1701 1156 1758 tentationis
1173 1703 1337 1762 afficimur:
1363 1704 1415 1777 qni
1442 1705 1568 1762 fortnnnn
1595 1705 1633 1762 dn
1658 1704 1816 1762 virtutibus

99 1787 233 1846 lamenta
270 1791 518 1863 compunctionis.
551 1793 633 1850 Unde
660 1794 750 1850 etiam
787 1795 930 1852 Salomon
987 1791 1097 1850 nostris
1122 1792 1219 1850 inflari
1244 1794 1406 1866 potuimus.
1423 1795 1551 1866 cognita
1571 1793 1752 1852 infirmitatis
1766 1798 1816 1852 tee-

101 1881 179 1934 recte
190 1877 251 1934 vim
261 1879 462 1951 percussionis
474 1881 629 1954 utriusque
637 1883 824 1953 conjungens
836 1883 930 1942 dicit:
987 1879 1037 1936 dio
1066 1885 1274 1940 extenuamur.
1304 1885 1379 1940 Cum
1403 1885 1483 1940 enim
1509 1884 1586 1942 siout
1610 1883 1750 1957 cupimus
1776 1883 1817 1940 ad

103 1989 117 2016 «
133 1965 219 2023 Livor
232 1967 364 2024 vulneris
382 1967 524 2038 abstergit
538 1970 628 2036 mala,
645 1975 672 2027 et
686 1971 784 2042 plage
798 1972 828 2028 in
839 1987 935 2028 sacre-
988 1967 1149 2024 Dominum
1163 1971 1348 2042 proficimus,
1365 1971 1390 2028 si
1412 1970 1577 2044 profectum
1599 1976 1737 2030 nostrum
1751 1975 1816 2030 ten·

104 2055 232 2112 tionibus
251 2056 362 2112 sennis
385 2057 488 2128 (Pron.
501 2075 550 2125 xx,
566 2060 621 2130 30).
639 2081 653 2110 »
668 2059 744 2124 Quia
759 2061 837 2116 enim
866 2061 934 2133 ipsa
990 2054 1059 2110 tatio
1087 2055 1170 2112 nniln
1204 2058 1345 2129 Dnlnntnt,
1375 2058 1502 2130 alicujus
1542 2075 1601 2116 1²0³
1636 2059 1817 2118 f⁰ttit11di1¹i⁸

102 2143 298 2215 compunctio
313 2148 445 2201 mentem
470 2145 592 2214 lacerat,
608 2147 747 2204 eamdem
773 2163 936 2221 compunc-
988 2158 1052 2198 esse
1068 2143 1266 2202 crederemus.
1283 2146 1339 2202 Sed
1352 2147 1424 2219 quia
1437 2146 1596 2202 nobiscnm
1609 2162 1739 2220 superna
1759 2147 1814 2204 dis·

101 2233 217 2288 tionem
231 2247 293 2288 non
305 2232 470 2304 incongrue
485 2234 675 2307 disciplinam
689 2241 786 2292 vocat.
802 2239 934 2300 Quntuor
988 2231 1163 2304 pensatione
1176 2233 1283 2304 nssitnr.
1292 2238 1335 2303 nt,
1349 2234 1529 2291 infirmitatin
1541 2235 1614 2308 (tuin
1627 2235 1816 2307 Plotinitntnss

101 2318 217 2392 quippe
231 2326 302 2378 sunt
319 2321 487 2394 qualitates,
504 2323 615 2396 quibus
630 2324 683 2380 riri
696 2325 769 2396 Juati
784 2327 887 2384 anima
900 2328 932 2386 in
988 2320 1204 2394 Oblivisniffltn',
1232 2326 1334 2380 tentati
1357 2323 1526 2380 leffllnfflnfl
1543 2342 1550 2392 ἱ
1577 2329 1607 2382 tt
1630 2324 1661 2380 1¹²
1682 2323 1818 2396 Pf⁰t⁰⁰t¹¹

105 2408 336 2480 compunctione
351 2411 543 2468 vehementer
554 2411 681 2470 afficitur
697 2433 703 2469 ε
718 2430 789 2470 enm
804 2421 856 2472 aut
869 2433 931 2472 ma
988 2413 1090 2466 nostin
1102 2410 1177 2482 qnid
1192 2412 1229 2468 dn
1242 2411 1345 2470 divino
1360 2428 1497 2482 mnnnrn,
1512 2417 1540 2468 nt
1552 2413 1583 2470 in
1595 2412 1756 2470 mutatione
1767 2429 1817 2470 00·

102 2495 200 2552 lorum
216 2513 340 2554 suornm
353 2500 565 2570 reminiscitur,
582 2501 777 2559 considerans
793 2503 845 2560 ubi
859 2504 929 2574 tuit,
987 2499 1162 2568 gnoseimus
1188 2501 1263 2574 qnid
1287 2502 1326 2558 de
1345 2502 1474 2575 propriis
1486 2501 1600 2560 viribus
1625 2517 1742 2560 eumne.
1760 2501 1817 2560 Sio-

4 2601 6 2606 ·
107 2591 160 2641 aut
182 2585 365 2658 judiciorum
393 2589 571 2646 senmntiam
596 2596 741 2664 metuens,
771 2598 799 2648 et
827 2609 930 2651 secum
985 2601 1044 2660 qne
1065 2587 1117 2646 illn
1145 2589 1247 2648 omnia
1273 2595 1445 2648 nostrarum
1471 2590 1578 2648 virium
1601 2589 1816 2666 vnlntninssnit

107 2689 246 2746 quarens
271 2677 382 2746 cogitat
409 2677 462 2734 ubi
492 2678 564 2737 elit:
587 2683 640 2736 aut
667 2697 737 2738 enm
766 2681 929 2739 matavita
986 2675 1148 2748 viridisque
1175 2677 1344 2748 gratulatio,
1358 2678 1515 2738 maeatis
1535 2679 1814 2738 moeroresiecatur.

102 2763 258 2834 praesentis
274 2764 396 2821 solerter
417 2767 583 2836 attendens,
605 2784 734 2824 moercns
761 2771 932 2827 considerat
987 2764 1144 2836 Sequitur:

101 2853 153 2909 ubi
167 2857 230 2922 est;
244 2857 306 2924 ant,
331 2871 402 2910 cum
416 2855 498 2912 bona
511 2872 649 2930 supernae
671 2858 774 2930 patriae
798 2863 930 2916 contem·
1021 2855 1104 2909 Vnus·
1118 2853 1163 2908 20·
1178 2853 1396 2911 Abominabitt's
1408 2857 1435 2911 ei
1444 2857 1482 2912 sit
1497 2857 1529 2911 in
1541 2858 1603 2912 vita
1612 2872 1667 2913 sua
1679 2858 1817 2926 paam-

103 2942 213 3015 piatur,
238 2959 317 3015 qum,
344 2944 416 3016 qnia
443 2945 574 3000 necdum
610 2945 794 3020 adispicitur,
828 2948 931 3004 lucens
949 2985 972 3046 c
987 2940 1063 3006 Quid
1081 2955 1134 3012 per
1148 2957 1259 3014 Panem
1285 2941 1471 3014 aliudquam
1486 2944 1640 3014 pinsentis
1654 2944 1720 2998 Vtin
1736 2943 1816 3000 dele·

986 999 1108 1056 mutaati
1133 1001 1250 1058 occulto
1273 1001 1386 1074 jndicio
1410 1002 1449 1060 ad
1462 1002 1727 1076 perturbationem,
1745 1003 1818 1076 quia
1912 1075 1914 1080 ι

102 3030 249 3104 conspicit
262 3032 316 3088 ubi
330 3049 392 3088 non
408 3038 460 3089 est.
472 3035 628 3106 Sequitur:

136 3123 223 3176 Vens.
242 3121 284 3176 tr.
305 3123 341 3179 Ut
354 3129 472 3180 avertat
488 3124 636 3180 bominem
651 3125 689 3180 ab
704 3125 750 3180 leia
765 3141 829 3196 qnae
847 3125 931 3195 fecit,

100 3217 127 3266 et
144 3209 247 3266 liberet
262 3226 327 3268 eum
342 3212 378 3268 de
392 3213 543 3282 superbio.
556 3245 590 3254 —
605 3213 682 3279 Quid
697 3213 778 3270 enim
793 3214 932 3270 homode

100 3299 222 3374 proprio
250 3299 309 3360 nisi
334 3306 493 3378 peceatum
522 3301 609 3360 tecit?
636 3305 669 3360 Et
696 3303 841 3378 scriptum
869 3308 930 3362 est:

100 3389 243 3448 «initium
259 3389 358 3448 omnis
379 3391 494 3463 peccati
518 3391 661 3466 superbia
685 3393 790 3464 (Eroti.
807 3409 834 3460 x,
853 3393 905 3464 t'o').
918 3416 932 3444 ι»

101 3480 177 3534 Bene
191 3494 263 3550 ergo
277 3478 394 3546 dicitur,
409 3496 482 3554 qma
495 3481 588 3538 homo
608 3497 679 3538 cum
693 3482 733 3540 ab
747 3482 794 3540 his
809 3499 878 3558 quae
894 3481 933 3540 ie-

100 3567 139 3624 cit
158 3568 264 3626 avertit
280 3569 456 3642 [avertitur],
471 3569 509 3626 de
532 3571 675 3643 superbia
688 3571 841 3630 liberatur.
858 3575 932 3630 Gon·

101 3659 146 3712 tra
170 3657 359 3722 Conditorem
384 3659 497 3734 quippe
523 3659 678 3734 superbire
697 3666 753 3726 est,
782 3665 933 3736 praeoepta

99 3743 164 3814 ejus
188 3745 342 3818 peccando
369 3747 589 3808 transcendere.
604 3753 641 3806 At
663 3753 778 3814 contra,
804 3749 878 3824 qnid
901 3749 932 3806 id

98 3832 182 3904 qnod
197 3832 266 3892 fecit
279 3834 373 3894 vitare
386 3836 509 3910 appetit,
524 3835 555 3892 id
568 3837 652 3910 qnod
669 3839 758 3894 aDeo
777 3837 874 3896 sactus
887 3842 933 3896 est

98 3923 295 3994 recognoscit,
308 3927 337 3978 et
350 3922 389 3980 ad
403 3923 584 3984 conditionis
599 3941 660 3984 sum
683 3925 820 3983 ordinem
833 3926 932 3985 humi-

97 4007 164 4068 liter
177 4009 264 4082 redit,
280 4009 355 4068 dum
370 4025 425 4066 sua
450 4027 543 4086 opera
564 4011 690 4082 fugiens,
707 4013 797 4070 talem
812 4030 843 4068 se
857 4031 930 4086 qua·

987 3029 1075 3088 etalio
1090 3029 1281 3100 intelligitur?
1298 3033 1337 3088 Ao
1358 3029 1383 3086 si
1398 3045 1469 3100 ergo
1487 3031 1585 3086 dicat:
1602 3030 1718 3088 Affliota
1732 3047 1817 3086 mens

988 3117 1043 3173 sibi
1059 3118 1089 3173 in
1104 3117 1336 3174 amaritudinem
1352 3117 1426 3174 verti
1440 3117 1777 3190 considerat,qnidquid
1787 3107 1818 3174 se

988 3209 1056 3262 ante
1083 3205 1193 3262 blande
1220 3206 1405 3279 libenterque
1431 3206 1577 3279 sapiebat.
1608 3210 1638 3261 ln
1669 3205 1819 3278 Scriptura

988 3295 1069 3352 enim
1085 3311 1170 3352 sacre
1184 3295 1272 3368 panis
1284 3296 1405 3352 nomine
1419 3295 1584 3370 aliquando
1597 3295 1661 3368 ipse
1674 3294 1818 3352 Dominus

988 3384 1173 3458 designatur,
1190 3385 1346 3460 sicutipse
1362 3386 1421 3442 ait:
1439 3389 1528 3458 «Ego
1543 3403 1610 3442 snm
1620 3386 1708 3460 panis
1721 3386 1817 3458 vivus,

987 3475 1040 3548 qui
1054 3475 1092 3532 de
1108 3475 1184 3532 cmlo
1198 3475 1341 3532 descendi
1369 3475 1466 3548 (donn.
1478 3492 1515 3541 vr,
1533 3478 1590 3558 tlt).
1607 3497 1622 3526 »
1648 3474 1818 3548 Aliquando

986 3579 1056 3620 vcro
1070 3564 1209 3638 spiritalis
1223 3564 1296 3620 doni
1310 3564 1415 3635 gratia,
1430 3563 1546 3622 utillud
1557 3564 1726 3638 prophete:
1739 3563 1819 3630 «Qui
1910 3592 1916 3598 ·

987 3653 1107 3712 obturat
1120 3670 1208 3710 aures
1223 3671 1293 3712 suas
1307 3669 1343 3710 ne
1356 3654 1459 3712 audiat
1474 3657 1655 3726 sanguinem
1670 3673 1676 3724 ς
1692 3678 1706 3704 »
1720 3653 1816 3721 idest,

986 3743 1116 3815 peccatis
1150 3743 1348 3800 suadentibus
1377 3759 1438 3800 non
1474 3743 1588 3816 praebet
1623 3758 1816 3811 eonsensum,

988 3853 1001 3882 α
1016 3836 1045 3889 et
1060 3831 1173 3888 claudit
1196 3832 1300 3888 oculos
1323 3847 1394 3888 suos
1418 3847 1456 3888 ne
1480 3832 1581 3889 videat
1601 3832 1716 3888 malum
1745 3833 1816 3898 (Iso.

987 3938 1088 3992 ruam,
1105 3919 1158 3993 15),
1176 3919 1236 3976 »id
1251 3925 1399 3976 estomne
1423 3919 1506 3992 quod
1531 3919 1699 3976 rectitudini
1714 3919 1818 3976 adrer-

988 4027 1055 4066 snm
1071 4015 1124 4080 est,
1139 4025 1201 4066 non
1211 4008 1389 4082 approbare.
1403 4009 1477 4064 «iste
1491 4007 1521 4063 in
1533 4007 1656 4064 excelsis
1673 4006 1817 4072 habitat»

96 4096 133 4154 lis
150 4112 168 4154 a
183 4096 350 4156 Deoiactns
362 4102 409 4158 ast
423 4097 525 4170 diligit.
542 4100 697 4172 Sequitur:
987 4097 1018 4156 id
1043 4103 1097 4170 est,
1112 4101 1244 4154 mentem
1258 4097 1290 4151 in
1316 4085 1590 4152 sublimibus'fixit.
1607 4116 1621 4144 a
1638 4089 1819 4156 munimenta

134 4187 222 4246 Vens.
240 4189 281 4246 ta.
296 4187 415 4249 arcens
429 4189 561 4246 animum
576 4191 640 4260 ejus
653 4204 672 4245 u
686 4191 888 4260 corruptione,
903 4197 930 4248 et
989 4202 1132 4244 saxorum
1160 4185 1329 4244 sublimitas
1358 4185 1433 4256 ejus,
1452 4205 1466 4235 »
1488 4183 1582 4250 idest,
1598 4183 1637 4240 ad
1655 4196 1818 4255 supernam

98 4277 189 4334 uitam
208 4275 302 4342 itlius,
319 4282 353 4334 ut
369 4292 429 4333 aon
454 4283 589 4336 transeat
605 4280 635 4336 io
649 4279 796 4349 gladium.
813 4311 847 4320 -
863 4281 930 4336 Om—
988 4275 1117 4352 patriam
1133 4291 1187 4350 per
1214 4274 1449 4350 precedentium
1477 4276 1597 4330 Petrum
1615 4271 1755 4344 exempla
1772 4287 1818 4328 su-

98 4363 146 4422 nis
164 4363 277 4438 quippe
291 4369 431 4440 peccator
445 4364 483 4422 ab
498 4366 555 4424 hac
579 4367 769 4440 corruptione
789 4368 929 4428 vitiorum
951 4337 1136 4422 ”elevatura
1153 4387 1165 4414 n
1183 4364 1312 4420 Panisci
1336 4364 1425 4420 dutus
1448 4363 1605 4432 esttibid„
1625 4365 1679 4433 tat,
1692 4382 1706 4412 »
1718 4359 1750 4419 id
1762 4364 1817 4431 est,

98 4453 168 4510 ilinc
191 4453 231 4512 ad
249 4453 384 4526 nantum
402 4455 589 4528 compellitur
611 4456 736 4514 transire
757 4473 929 4530 poenarum,
986 4454 1106 4512 relectio
1122 4453 1261 4527 spiritalis
1284 4453 1397 4524 gratiae.
1411 4451 1582 4526 Aliquando
1598 4452 1685 4525 panis
1711 4450 1818 4508 dicitur

98 4547 126 4602 nt
142 4542 400 4618 uadentemque
425 4543 590 4604 delectatus
612 4550 665 4615 est,
681 4545 752 4602 inde
766 4546 835 4604 illuc
850 4548 930 4618 juste
986 4542 1095 4600 divinae
1124 4542 1266 4598 doctrinm
1291 4541 1429 4610 eruditio,
1457 4541 1533 4598 sicut
1554 4556 1608 4614 per
1637 4539 1818 4613 prophetam

99 4630 259 4692 cruciatur.
276 4632 447 4694 Notandum
470 4639 516 4694 est
539 4649 611 4706 ergo
635 4633 719 4706 qnod
742 4635 820 4692 Deus
844 4635 931 4692 nobis
986 4632 1107 4690 dicitnr:
1126 4651 1141 4684 u
1157 4631 1212 4698 Qui
1226 4630 1367 4688 habitetis
1382 4630 1414 4686 in
1429 4635 1506 4686 terra
1521 4629 1630 4698 Austri,
1647 4652 1661 4680 »
1674 4627 1772 4698 idest,
1786 4627 1818 4684 in

96 4735 154 4790 per
167 4722 314 4778 somnium
327 4720 464 4796 loquens,
480 4723 565 4796 prius
578 4738 666 4780 nosa
686 4723 887 4795 corruptione,
904 4727 933 4780 et
986 4719 1115 4776 Ecclesia
1143 4719 1251 4794 Spiritu
1276 4721 1380 4774 sancto
1409 4717 1540 4792 repleta:
1556 4737 1571 4766 a
1597 4732 1667 4772 cum
1686 4714 1818 4788 panibus

97 4810 295 4884 postmodum
318 4826 337 4869 a
359 4809 460 4884 gladio
474 4811 590 4870 liberat.
608 4812 683 4878 Ouia
696 4811 839 4870 nimirum
853 4811 932 4868 iilius
986 4809 1130 4866 occurrite
1145 4808 1269 4878 fugienti
1284 4807 1355 4879 (Iso.
1372 4823 1431 4874 xxi,
1451 4810 1513 4878 tl);
1528 4828 1543 4858 »
1559 4805 1652 4868 idest,
1664 4820 1734 4862 cum
1750 4803 1818 4878 quie

97 4897 192 4956 vitam
217 4897 275 4958 iilic
298 4898 386 4974 eripit
406 4899 447 4956 ab
470 4899 583 4958 tuitione
607 4899 756 4976 supplicii,
771 4901 859 4973 enjus
883 4900 932 4958 hic
985 4896 1067 4954 mala
1094 4912 1149 4953 sua
1164 4897 1290 4954 evadere
1300 4895 1413 4966 nititur,
1428 4893 1603 4954 eruditionis
1615 4893 1735 4968 eloquio
1748 4908 1818 4950 con-

97 4991 231 5048 mentem
264 4988 411 5051 subtrabit
442 5005 461 5048 a
491 4989 688 5050 delectatione
719 4991 843 5064 peccati.
880 4993 931 5048 Se·
986 4985 1083 5042 sulita.
1097 4985 1268 5060 Aliquando
1297 5001 1420 5058 quoque
1444 4984 1652 5044 hereticorum
1671 4981 1816 5057 praediea·

97 5077 219 5150 quitur:
985 5073 1036 5144 tio,
1050 5074 1127 5132 sicut
1142 5074 1284 5132 Salomon
1299 5089 1336 5134 ex
1359 5090 1432 5132 voce
1452 5074 1588 5132 Ecclesiae
1608 5074 1816 5132 hereticorum

134 5169 218 5226 Vnus.
232 5166 423 5238 inluderet
434 5183 610 5244 qunqueper
621 5169 796 5226 doloremne
807 5159 929 5226 lectulo.
984 5163 1074 5220 dicit:
1093 5165 1213 5220 «Panes
1237 5163 1369 5220 occultos
1387 5163 1513 5222 libenter
1525 5164 1612 5222 edite.
1632 5187 1646 5214 »
1669 5165 1704 5219 Et
1714 5160 1814 5255 ΗΙυά)

97 5285 132 5294 -
146 5257 178 5312 ln
196 5254 343 5332 scriptura
366 5273 454 5316 sacra
474 5256 578 5327 lectus,
595 5256 656 5312 sive
679 5242 852 5328 grabatum,
870 5257 929 5312 sive
984 5275 999 5304 a
1011 5258 1103 5326 Aquoe
1114 5251 1229 5308 suruvae
1242 5252 1391 5310 dulciores
1408 5259 1486 5322 sunt,
1503 5258 1532 5311 et
1551 5253 1640 5325 panis
1654 5243 1815 5314 meronda-

98 5345 235 5414 stratum,
255 5343 419 5418 aliquando
444 5344 581 5420 voluptas
602 5345 703 5404 carnis
727 5345 881 5418 accipitur,
898 5349 930 5400 ut
984 5348 1031 5400 tus
1045 5341 1167 5398 stravior
1178 5343 1278 5408 (Pron.
1293 5359 1333 5412 rx,
1347 5347 1401 5412 tr).
1414 5341 1582 5415 Aliquando
1597 5350 1732 5406 namque
1746 5332 1817 5393 suo

97 5431 190 5488 illud:
206 5455 220 5482 a
232 5435 335 5505 Surge,
345 5433 414 5492 tolle
429 5434 590 5506 grabatum
604 5439 701 5506 tuum,
711 5439 739 5492 et
749 5433 827 5489 vade
837 5433 868 5490 in
878 5433 930 5490 dc·
985 5431 1097 5490 sidium
1111 5430 1178 5486 vitre
1198 5431 1365 5506 presentis.
1383 5431 1466 5488 Unde
1480 5427 1572 5486 iacob
1586 5425 1646 5482 ait:
1663 5447 1676 5474 υ
1690 5423 1814 5484 nomine

98 5537 184 5583 mum
197 5525 281 5586 tun
296 5525 396 5594 (Jona-
412 5539 441 5589 v,
457 5523 519 5594 8).»
532 5521 703 5596 Aliquando
718 5523 889 5598 repausatio
897 5521 929 5578 in
985 5521 1101 5590 Deus,si
1110 5519 1228 5578 dederis
1237 5521 1309 5578 mihi
1318 5537 1428 5594 panem
1437 5514 1815 5588 adedendumpetreliqua

98 5607 189 5674 hone
206 5611 357 5688 operibus,
374 5613 407 5674 ut
425 5610 500 5672 iilud
520 5610 552 5670 in
566 5610 688 5680 Actibus
702 5611 927 5686 apostolorum:
983 5610 1057 5684 (Gen
1078 5625 1180 5682 uviri,
1197 5614 1254 5682 20).
1271 5613 1305 5668 Et
1319 5607 1482 5668 Dominus:
1510 5604 1674 5672 anuarino
1689 5619 1738 5664 me
1751 5615 1814 5662 non
