4156 6182
240 123 275 182 n.
559 95 564 114 ‘
827 123 856 180 s.
880 122 950 177 ouo
970 119 1082 176 nuans
1102 117 1360 204 cuunieepnsis.
1922 121 1959 174 Ω

241 251 354 308 tialtat:
372 258 427 306 nos
442 265 513 304 vero
528 261 598 305 oum
608 261 721 318 magno
731 247 928 318 atterituejns
941 245 1067 302 miraba·
1084 247 1107 300 Α

242 331 311 379 mur
324 323 473 386 virtutem,
489 325 518 377 et
531 330 593 376 non
607 320 756 375 immerito
772 335 778 374 :
800 324 832 374 ut
853 320 903 392 qui
926 335 944 374 a
969 331 1069 372 corru-

242 394 343 520 iiim
358 407 419 448 non
433 399 542 466 passus
564 395 609 446 est
622 390 710 458 vinci,
726 405 745 446 a
759 391 928 462 corruptela
942 403 1004 444 non
1019 388 1070 442 de-

282 464 370 520 batur
389 462 548 536 prosterni.
570 461 702 534 lienique
720 461 958 586 parvipendebat
983 459 1071 541 quid·

242 535 318 608 quid·
331 534 447 589 virtutis
460 533 494 588 in*
506 547 537 587 ss
551 531 672 587 ridebat
687 550 693 587 :
711 531 718 586 i
732 531 783 586 lud
799 547 982 603 magnopere
995 530 1072 600 Judi·

243 597 341 673 cubat,
356 604 379 660 si
394 604 467 685 quid
482 604 511 658 in
525 603 583 658 alio
596 603 696 658 ridere
709 608 832 674 poterat.
847 602 1073 659 sustentabatur

243 684 297 804 per
311 677 395 731 idem
404 674 535 729 iniantire
545 689 606 728 siim
619 679 737 746 ternpus
746 674 845 728 media
858 675 944 746 [initis
958 673 1034 727 libra
1045 677 1073 727 et

254 748 322 802 aba
330 745 454 820 pugillo,
467 750 554 816 atque
571 745 663 817 (quod
672 750 716 799 est
725 751 975 800 eontranatnram
988 747 1073 798 llan-

244 819 358 882 corum)
370 829 516 898 perparvo
532 821 613 887 potu.
630 816 767 888 tlepositn
793 817 891 888 itaque
911 816 992 870 omni
1011 830 1073 868 cor-

243 883 376 960 ruptibili
391 887 509 942 sarcina
523 887 605 942 nudo
621 886 945 959 pectore,1nuia1ni1es
968 884 1073 939 Christi

244 958 422 1032 praecinctus
442 958 556 1013 ferebat
570 973 665 1012 arma.
692 957 852 1012 Videbatur
878 958 917 1012 ab
932 956 1073 1012 omnibus

244 1028 329 1086 rudis
342 1028 508 1084 triunculus
518 1029 738 1101 sennis-prestre
750 1045 870 1093 euneos,
883 1033 910 1082 ct
919 1027 1074 1081 conlidens

244 1100 276 1156 in
291 1100 406 1156 Christo
421 1100 582 1166 gloriosam
601 1101 637 1154 de
652 1100 736 1154 hoste
762 1101 920 1167 satagebat
939 1099 1073 1170 predam

245 1171 396 1227 reducere.
413 1173 478 1226 Haec
492 1176 591 1226 autem
605 1170 708 1226 omnia
721 1171 804 1242 apud
824 1170 982 1225 eeclesiam
995 1168 1073 1224 beati

245 1242 358 1299 flartini
370 1242 494 1298 Turonis
509 1241 630 1297 fiebant.
643 1245 689 1296 Est
700 1241 784 1296 loeus
800 1241 847 1295 ille
862 1240 1003 1296 omnibus
1019 1240 1075 1294 vir-

246 1312 360 1370 tetibus
380 1311 492 1380 fertilis,
509 1312 653 1384 prodigiis
675 1311 830 1376 mirabitis,
856 1312 965 1366 divitiis
989 1311 1073 1376 uber,

246 1383 389 1456 amntem
412 1383 552 1453 religione
570 1382 760 1455 praefulgens.
790 1383 917 1450 rignum
942 1395 1074 1452 namque

246 1460 292 1511 est
302 1454 386 1510 ilium
401 1467 466 1510 csse
481 1454 659 1522 mirabilem,
676 1453 728 1526 qui
743 1457 858 1508 tantum
873 1451 981 1508 meruit
993 1452 1076 1506 bebi

246 1529 375 1581 latorem
387 1525 509 1580 babere.
526 1528 588 1579 lton
600 1525 679 1578 enim
692 1529 807 1596 martyr
817 1528 933 1579 tantum
945 1528 996 1577 aut
1008 1537 1076 1577 con-

1126 245 1220 317 prius,
1235 259 1306 300 mox·
1320 262 1370 301 eos
1384 245 1585 316 indigentibus
1601 245 1745 311 erogavit.
1769 246 1862 318 Coepit
1884 246 1960 301 inte·

1127 331 1177 370 rea
1192 315 1332 372 alumnus
1347 333 1457 372 euneos
1469 317 1956 389 praeirepraeceptorumetsubsc·

1127 387 1283 459 quentium
1297 388 1359 444 fieri
1376 388 1558 460 exemplum.
1878 397 1882 426 ¹

1410 461 1537 516 Parisiis
1562 458 1670 514 studet.

1165 533 1205 584 lt.
1221 528 1271 584 His
1284 527 1474 586 diebusabiit
1488 529 1625 598 Parisius,
1646 527 1747 601 ibique
1769 528 1958 586 dialecticam

1128 601 1222 654 saneti
1232 600 1388 668 Augustini
1404 601 1534 657 ileodato
1546 601 1606 655 lilio
1618 616 1674 655 suo
1684 600 1810 656 missum
1820 601 1957 674 perlegit,

1127 676 1154 726 ct
1164 671 1338 726 bertianum
1347 672 1377 726 in
1390 672 1563 727 liberalibus
1572 671 1684 726 artibus
1695 671 1863 742 truculenter
1876 671 1958 727 lecti-

1128 742 1198 796 tarit
1213 759 1219 796 :
1237 747 1449 814 praeceptorem
1465 743 1576 816 quippe
1591 745 1622 797 in
1638 742 1682 796 iris
1698 743 1839 798 omnibus
1850 743 1958 800 habuit

1129 813 1360 938 ltcmigiumptt)
1372 832 1378 880 ;
1388 831 1454 895 ¹quo
1466 820 1587 887 peracto
1606 813 1782 870 Turonieem
1801 815 1956 870 remeavit.

1129 885 1265 954 Greporii
1278 885 1300 939 tt
1311 886 1410 940 cretae
1422 887 1583 954 curatretett,
1605 887 1667 940 viso
1681 886 1822 955 Greporio
1838 885 1877 942 ad
1901 887 1958 942 troc
2052 921 2053 964 l

1458 957 1620 1012 quinidius.

1163 1031 1206 1081 20.
1222 1029 1274 1080 Per
1288 1025 1361 1082 iilud
1374 1043 1506 1099 namque
1519 1032 1636 1100 tempus
1649 1031 1771 1095 rogatus
1794 1031 1840 1082 est
1859 1041 1880 1081 a
1899 1025 1957 1082 fra·
2052 1059 2053 1064 κ

1129 1097 1221 1152 tribus
1236 1114 1267 1152 se
1291 1097 1494 1166 diligentibus,
1515 1104 1547 1154 ut
1570 1097 1695 1154 moralia
1718 1098 1796 1153 beati
1825 1097 1955 1166 Gregorii

1128 1183 1215 1239 papia
1229 1168 1285 1222 sub
1310 1184 1370 1224 uno
1392 1169 1433 1224 eis
1458 1175 1622 1224 coarctaret
1645 1169 1804 1226 volumine.
1832 1167 1880 1224 illc
1905 1184 1957 1224 au·
2051 1199 2053 1234 ι

1129 1244 1185 1293 tem
1212 1238 1366 1310 protessus
1388 1245 1432 1294 cst
1454 1257 1484 1296 se
1503 1241 1566 1294 inre
1593 1240 1715 1296 minime
1739 1241 1835 1296 facere
1857 1255 1955 1311 posse,
2051 1235 2053 1248 ¹

1129 1309 1255 1373 addens,
1271 1309 1386 1364 etiarnsi
1409 1311 1535 1367 facultas
1555 1311 1662 1381 agendi
1685 1311 1741 1367 sibi
1765 1311 1892 1376 adesset,
1916 1316 1958 1365 ta·

1129 1397 1198 1436 men
1212 1396 1272 1436 non
1286 1381 1394 1435 ‹irlicre
1408 1381 1470 1436 linc
1487 1398 1583 1452 agere,
1602 1399 1638 1438 ne
1655 1383 1726 1436 tanti
1743 1383 1794 1437 viri
1809 1381 1954 1444 laborem,

1129 1451 1263 1523 tantique
1280 1453 1378 1522 operis
1421 1453 1526 1510 retium
1545 1453 1632 1509 aliter
1652 1454 1820 1516 immutare,
1844 1453 1891 1508 rei
1905 1452 1954 1507 aii·

1130 1523 1201 1594 qnid
1222 1523 1342 1577 demere
1364 1469 1519 1579 vitiaretur.
1549 1528 1674 1580 Eeontra
1699 1525 1738 1579 ilii
1764 1523 1959 1596 opponebant

246 1596 341 1652 sessor
355 1595 485 1676 opimus,
501 1595 552 1650 sed
565 1595 616 1648 lmt
639 1594 740 1649 soeeali
754 1601 782 1650 ct
805 1609 926 1663 gemma
940 1593 1076 1649 sacerdo
1092 1599 1111 1655 n
1130 1599 1217 1648 aritia
1233 1593 1399 1656 succumbi,
1415 1610 1509 1666 quam
1524 1599 1607 1650 tanto
1631 1595 1733 1650 labore
1759 1594 1905 1654 sustineri.
1931 1599 1959 1647 ct

247 1669 311 1722 eam
325 1683 331 1721 :
347 1665 448 1738 ibique
460 1679 545 1734 reges
558 1669 730 1738 properant,
742 1665 930 1721 diversarum
942 1665 1075 1734 gentium

247 1736 402 1809 principes
416 1736 457 1792 ibi
472 1744 541 1792 etam
556 1736 733 1792 muneribus
747 1741 776 1792 et
790 1737 864 1792 votis
887 1737 997 1810 saepius
1019 1735 1075 1790 tre-

246 1811 401 1880 metant.

488 1877 630 1933 Omnibcu
644 1879 697 1932 dut
711 1881 834 1933 monitu.

285 1953 328 2005 tt.
345 1947 471 2016 Contigit
484 1947 596 2003 interea
610 1953 642 2004 ut
664 1948 784 2020 plurimi
799 1959 834 2004 ex
849 1948 921 2021 ipsis
945 1948 982 2003 ad
1007 1963 1076 2002 eum

248 2019 402 2076 introirent
417 2017 555 2074 visitandi
571 2020 676 2088 gratia,
691 2019 800 2090 cogniti
821 2024 854 2075 ut
877 2024 982 2074 notum
1003 2018 1076 2074 revi-

248 2097 355 2156 serent,
371 2090 465 2160 ignoti
482 2093 512 2144 ut
525 2095 632 2146 notem
651 2105 719 2146 eum
736 2089 793 2146 sibi
808 2089 947 2146 lacerent.
965 2093 1002 2146 At
1017 2089 1074 2159 ille,

247 2161 327 2216 veliet
355 2161 421 2217 ions
449 2161 632 2228 redundans,
662 2161 937 2217 desiderantissima
963 2162 1077 2216 cunctis

248 2231 403 2306 penebat
414 2231 533 2304 peciam,
550 2237 587 2300 et,
601 2231 688 2315 quasi
703 2249 737 2287 ex
760 2237 863 2306 aperta
885 2232 1075 2296 bibliotheca,

247 2303 390 2360 omnibus
403 2317 537 2372 congrae
552 2303 740 2359 ministrabat
754 2303 892 2375 exempla
909 2322 914 2357 :
936 2303 1004 2357 huic
1026 2319 1076 2356 ea-

248 2374 377 2430 stitatem
391 2374 535 2442 indicens,
544 2374 584 2428 ilii
598 2373 789 2430 sobrietatem
800 2375 959 2445 imponens
973 2392 979 2428 ι
997 2373 1076 2428 bunc

249 2450 439 2500 contemnere
463 2443 611 2498 mundam
626 2445 722 2509 docet,
748 2444 874 2499 alterum
898 2457 935 2498 ne
957 2444 1076 2498 alterius

247 2524 296 2570 res
308 2515 500 2586 concupiscet
514 2514 665 2569 admonet.
684 2514 847 2586 Unicuique
859 2515 938 2570 enim
949 2529 1077 2639 quaeque

248 2591 332 2641 eraut
346 2585 516 2640 necessaria
531 2583 686 2640 effluenter
699 2584 905 2652 ministrabat;
921 2584 958 2640 sse
969 2585 1076 2659 latmi-

248 2656 407 2712 serrimum
422 2655 502 2710 hunc
526 2656 685 2724 rotrodum,
708 2661 737 2711 et
759 2657 816 2711 cito
833 2671 901 2711 eum
926 2656 988 2711 suis
1010 2671 1076 2711 esse

249 2725 398 2782 latebatur
410 2726 595 2782 amatoribus
608 2726 764 2782 ruiturum.
779 2726 967 2782 Admonebat
977 2727 1077 2798 itaque

248 2805 356 2854 omnes
370 2797 468 2853 virere
485 2809 582 2869 parce,
602 2797 722 2853 etmaie
745 2797 904 2870 concupita
927 2811 987 2852 non
1011 2813 1075 2852 am-

249 2867 337 2942 plecti
361 2885 369 2934 3
390 2867 501 2923 centris
527 2868 647 2940 penitus
666 2867 815 2924 refrenare
838 2868 1011 2938 ingluviem,
1036 2869 1078 2923 in-

1131 1665 1223 1719 satius
1239 1681 1303 1720 esse
1315 1663 1492 1734 judicabant
1503 1665 1635 1721 lunditus
1650 1683 1718 1722 oum
1730 1655 1867 1721 deserere
1880 1671 1908 1720 et
1918 1663 1957 1720 ad

1132 1735 1297 1807 Scripturas
1313 1735 1443 1807 reliquas
1458 1737 1633 1806 n=ansgredt
1650 1753 1743 1808 quam
1758 1737 1862 1792 subeo
1879 1734 1961 1792 veitrt

1131 1805 1284 1872 sirirgrari
1301 1807 1378 1862 mole
1403 1807 1530 1862 interire.
1554 1808 1690 1872 Quotidie
1719 1823 1850 1880 namque
1875 1805 1957 1878 apud

1131 1893 1182 1932 eos
1197 1877 1234 1932 de
1249 1877 1305 1934 boe
1320 1893 1350 1933 re
1365 1893 1425 1932 uon
1441 1895 1532 1948 parua
1550 1879 1641 1934 liettat
1654 1879 1814 1934 altercatio.
1833 1881 1893 1947 Ego
1917 1883 1959 1932 ta-

1130 1964 1200 2004 men
1215 1948 1275 2002 scio
1290 1964 1379 2074 super
1403 1949 1458 2004 liar
1474 1965 1504 2004 re
1526 1950 1636 2005 multos
1661 1949 1862 2015 indignandos
1885 1951 1957 2014 iore,

1130 2025 1159 2074 et
1173 2019 1211 2074 ad
1227 2019 1321 2074 sedem
1345 2035 1444 2074 oscos
1459 2019 1535 2076 hane
1550 2020 1810 2076 iibm‘torationem
1818 2021 1957 2076 inserere.

1131 2090 1287 2146 Noncnim
1301 2089 1392 2146 beliat
1417 2091 1497 2146 istud
1522 2099 1642 2163 propter
1666 2091 1879 2161 arrogantiam,
1906 2089 1958 2144 sed

1131 2161 1307 2232 disponente
1322 2161 1457 2224 Domino,
1475 2169 1507 2218 ut
1532 2179 1622 2234 supra
1646 2169 1778 2218 montem
1798 2167 1959 2234 poneretur

1131 2231 1262 2296 lin-erne,
1275 2248 1343 2302 quta
1367 2232 1422 2286 sub
1436 2233 1538 2287 modio
1553 2240 1617 2288 erat
1630 2235 1787 2289 occultata.
1809 2238 1837 2288 ln
1862 2248 1960 2287 exem-

1131 2302 1216 2376 plum
1231 2307 1331 2358 tarrrcn
1345 2303 1511 2374 stittjuncte
1526 2304 1568 2359 rei
1581 2306 1636 2360 boc
1651 2305 1733 2376 quod
1747 2304 1879 2358 diximus
1894 2318 1958 2356 rna-

1131 2372 1266 2428 nifestius
1280 2373 1445 2445 apparebit.
1461 2374 1519 2430 iilis
1533 2375 1670 2432 videlicet
1688 2374 1913 2446 persistentibus
1927 2374 1958 2428 in

1131 2444 1187 2498 hae
1203 2443 1352 2516 petitione,
1370 2445 1479 2500 t'aeunn
1494 2451 1546 2516 est,
1565 2453 1595 2501 ut
1610 2447 1742 2518 illiadem
1763 2451 1849 2501 nocto
1871 2444 1959 2502 coin-

1132 2531 1189 2570 uus
1204 2513 1267 2570 Odo
1286 2515 1363 2570 intre
1375 2516 1531 2572 ecclesiam
1550 2517 1653 2572 domui
1673 2517 1785 2574 Martini
1809 2519 1960 2574 consuetae

1133 2585 1258 2640 orationi
1273 2585 1418 2642 insisteret
1435 2603 1440 2640 :
1458 2592 1486 2641 ct
1500 2603 1567 2643 ecco
1583 2588 1682 2644 subito
1696 2590 1721 2644 ei
1737 2604 1863 2644 seruitus
1875 2585 1962 2641 obre-

1133 2657 1201 2730 psit,
1218 2655 1348 2728 viditque
1363 2657 1393 2712 in
1409 2657 1511 2712 cariem
1525 2658 1639 2714 risione
1651 2664 1820 2714 sanctorum
1833 2658 1959 2713 chorum

1132 2727 1299 2782 venientem
1326 2727 1484 2782 destinam
1509 2729 1537 2783 in
1564 2733 1702 2784 eumdem
1729 2727 1884 2784 ecelesiam
1906 2727 1959 2782 dc-

1133 2798 1284 2853 sccndere.
1297 2801 1329 2854 Et
1343 2799 1425 2872 prius
1436 2799 1652 2856 benedixerunt
1666 2801 1838 2866 bominum3
1851 2797 1960 2854 deinde

1133 2869 1292 2924 ordinatim
1309 2868 1338 2924 in
1355 2869 1504 2926 subselliis
1520 2872 1659 2928 sederunt
1671 2877 1760 2944 atque
1773 2875 1839 2951 post
1851 2868 1960 2942 paulu-

248 2939 376 3066 ὅπως
393 2939 447 3004 eri
461 2943 595 2995 ventrem
611 2938 695 2995 feroit
716 2955 856 2996 venerem
878 2940 978 2995 nutrit.
1005 2939 1194 3006 bibi-cium
1222 2956 1300 2995 unus
1328 2957 1432 2996 eorum
1462 2943 1617 3013 prosiliens
1646 2943 1675 2996 in
1705 2942 1837 2996 medium
1865 2939 1957 2995 dixit:
2056 2947 2057 2960 ¹

250 3011 768 3164 itteettttttttttttttt
785 3010 1078 3164 illltdidltitlt

248 3157 318 3224 post
331 3167 362 3208 se
377 3153 466 3207 trabit
480 3152 581 3207 draco.
599 3151 727 3208 Ebriosis
743 3155 771 3207 et
792 3152 1008 3208 comestoribus
1032 3153 1077 3207 dr-

250 3222 337 3282 e'ebdt
353 3239 360 3276 t
377 3221 572 3278 itabirzardan
587 3222 726 3294 princeps
749 3237 913 3294 coquorum
934 3223 1079 3278 destruxit

250 3307 354 3347 muros
373 3287 545 3348 ierusalem.
567 3292 701 3348 ltolbbus
725 3297 753 3349 et
777 3292 980 3348 masculorum
1005 3308 1077 3348 con-

250 3361 436 3419 cubitoribus
460 3363 634 3436 opponebat
667 3361 787 3419 llerodis
816 3363 1022 3434 homicidium,
1050 3369 1078 3420 et

252 3433 361 3490 Seriboe'
375 3433 523 3490 exsilium.
540 3436 665 3501 Quanto,
681 3435 787 3518 inquit,
801 3435 962 3490 meliorest
977 3435 1079 3490 anima

251 3511 385 3578 ccipere,
416 3507 498 3561 tante
513 3505 574 3586 'qni
595 3504 665 3588 talia
689 3509 751 3575 ugit
773 3507 858 3632 pejor
877 3505 1000 3588 Herode.
1030 3505 1078 3561 ille

250 3586 376 3648 corpere
389 3575 542 3643 interfecit,
558 3591 677 3632 animas
689 3577 720 3632 in
735 3593 779 3632 coe
792 3593 810 3632 o
825 3577 904 3633 misit
920 3593 927 3632 t
953 3577 1002 3632 inc
1016 3589 1079 3632 cor-

250 3653 327 3718 ptua
340 3661 358 3703 a
373 3647 432 3703 Deo
447 3651 577 3720 separat,
601 3647 718 3704 animas
739 3649 851 3704 aeterna
874 3652 970 3703 morte
994 3648 1078 3703 truci

250 3715 311 3774 dat.
340 3717 443 3774 Scriba
464 3727 535 3774 iero
556 3717 608 3790 qui
627 3717 776 3791 probabat
801 3719 921 3784 tirones,
941 3719 1078 3790 captivus

250 3787 359 3844 duetus
373 3789 456 3845 estin
470 3792 653 3862 Aegyptum:
680 3789 728 3845 hic
752 3789 832 3846 enim
856 3794 924 3872 post
949 3793 1077 3845 mortem

250 3857 407 3916 ducendus
429 3864 473 3917 est
494 3860 523 3916 in
546 3860 706 3917 infernum.
728 3863 834 3916 bootor
858 3865 959 3932 itaque
986 3859 1079 3916 fiebat

287 3931 457 4004 aecipitinm,
485 3933 513 3986 et
540 3930 686 3988 dicebat:
715 3932 831 4004 Aspice.
862 3931 995 3994 bomine,
1025 3932 1077 4004 qui

249 3939 328 4058 Kale
351 4007 395 4058 est
413 4001 547 4058 desolata
570 4001 673 4057 civitas
697 4002 786 4074 plena
809 4001 934 4070 divitils;
960 4007 989 4058 et
1011 4019 1076 4058 rur-

250 4084 318 4129 sum
330 4073 448 4130 aiebat:
472 4075 519 4128 Va
534 4073 588 4128 tibi
603 4073 775 4144 Bebcmotti,
790 4087 944 4144 nunquam
968 4074 1077 4129 desinis

247 4145 326 4213 prob
338 4145 435 4269 segue.
451 4145 568 4199 iturum
579 4144 633 4200 tici
645 4146 753 4200 sternte
767 4151 798 4198 ut
814 4145 920 4215 lutiam,
949 4151 977 4200 et
990 4145 1077 4200 rodit

248 4215 320 4270 sotis
332 4229 367 4269 su
403 4219 431 4270 le'
444 4218 514 4269 stent
529 4215 592 4283 (tot
607 4217 671 4284 xit).
688 4218 753 4270 ilaec
767 4214 808 4270 illi
823 4215 988 4280 audientes,
1000 4215 1076 4270 alius

1132 3011 1279 3076 Quidnam
1295 3012 1434 3082 estquod
1449 3012 1506 3066 boe
1522 3013 1550 3067 in
1566 3013 1632 3068 loeo
1656 3013 1877 3068 immoramur‘.l
1902 3013 1961 3067 cie-

1131 3082 1184 3136 teri
1193 3097 1264 3136 vero
1273 3082 1446 3146 draconum
1457 3099 1568 3155 papam
1583 3089 1753 3157 exspectare
1768 3097 1798 3137 se
1809 3081 1958 3156 inquiunt.

1130 3153 1192 3208 Hoc
1208 3152 1334 3207 audiens
1350 3157 1547 3224 paternoster
1572 3155 1644 3215 Odo.
1662 3154 1742 3210 velut
1756 3153 1862 3210 avidus
1877 3153 1961 3208 inda-

1131 3227 1227 3292 gator,
1245 3224 1333 3295 erepit
1348 3225 1406 3277 hnc
1420 3222 1550 3296 illucque
1572 3225 1809 3298 circumspicere.
1847 3239 1959 3278 uanam

1131 3309 1166 3350 ex
1188 3299 1271 3366 parte
1287 3294 1454 3348 venientem
1478 3311 1547 3350 eum
1574 3303 1675 3370 posset
1702 3296 1811 3350 videre.
1861 3294 1958 3356 clude,

1131 3366 1255 3420 elevatis
1269 3365 1361 3419 oculis
1376 3369 1504 3432 anisum,
1521 3368 1608 3439 quasi
1625 3384 1640 3422 e
1656 3367 1730 3422 cerlo
1743 3367 1868 3422 missum
1881 3365 1960 3419 iridet

1130 3435 1254 3491 beatum
1268 3435 1453 3506 Gregorium,
1470 3437 1523 3492 sed
1539 3438 1612 3493 ultra
1641 3453 1746 3494 omnes
1763 3437 1813 3510 qui
1833 3452 1959 3510 praeces-

1132 3511 1232 3562 serant
1243 3521 1322 3568 eurn,
1340 3506 1422 3561 tulto
1439 3509 1596 3582 specieque
1611 3516 1639 3565 et
1658 3509 1792 3565 moribus
1806 3507 1960 3580 persplen-

1131 3577 1237 3632 didum
1260 3581 1349 3649 atqua
1363 3583 1513 3634 ornatum.
1538 3581 1601 3636 ltox
1625 3580 1761 3635 veniente
1780 3579 1829 3634 illo
1852 3594 1959 3634 onrues

1131 3653 1266 3714 surgunt,
1291 3655 1319 3702 et
1347 3648 1430 3704 lieris
1454 3649 1619 3706 cervicibus
1648 3651 1885 3706 benedictionem
1909 3663 1961 3772 pe·

1131 3723 1207 3774 tunt.
1230 3718 1278 3773 ille
1290 3733 1361 3774 rero
1376 3735 1437 3774 non
1453 3720 1528 3776 inter
1551 3737 1602 3778 eos
1627 3721 1769 3778 deorsum
1792 3736 1887 3794 usque
1906 3735 1963 3776 ce-.

1131 3789 1254 3854 scendit,
1270 3790 1319 3844 sed
1337 3807 1426 3862 super
1439 3791 1601 3848 ambonem
1613 3793 1747 3848 ecciesiae
1770 3791 1911 3860 substitit,
1931 3795 1960 3844 et

1130 3859 1253 3916 beatum
1280 3861 1414 3917 Odonem
1442 3867 1605 3918 terratenus
1632 3868 1814 3936 prostratum
1842 3862 1961 3918 vocavit

1131 3931 1287 4002 inqiiicns;
1304 3934 1406 4000 Surae,
1422 3933 1511 3989 irater
1527 3935 1600 3998 (ido,
1617 3935 1675 3990 noli
1692 3936 1803 3991 timere.
1819 3933 1873 3999 Qui
1889 3947 1956 3987 cum

1131 4003 1315 4070 surrexisset,
1331 4003 1402 4060 vidit
1417 4005 1505 4060 veluti
1519 4021 1602 4062 more
1622 4006 1772 4078 scriptoris
1797 4020 1887 4076 snper
1909 4019 1959 4058 au-

1130 4073 1255 4130 riculam
1271 4075 1335 4144 ejus
1351 4075 1512 4132 inurentem
1537 4093 1680 4149 pennam,
1703 4082 1730 4130 et
1745 4076 1830 4146 quasi
1857 4075 1958 4128 docto-

1130 4146 1170 4200 ris
1185 4145 1356 4208 maaisterio
1371 4147 1540 4216 productim
1555 4147 1767 4206 acuminatam,
1787 4148 1815 4196 et
1829 4143 1858 4196 in
1870 4158 1959 4222 'suiri-

1130 4231 1182 4270 mo
1196 4216 1298 4270 lixam.
1315 4216 1410 4278 Quum
1427 4231 1548 4272 sumens
1562 4217 1677 4280 beatus,
1690 4227 1818 4284 eramque
1838 4211 1876 4267 ilit
1901 4218 1958 4269 tra-

249 4284 415 4340 terrebatur
428 4285 566 4344 conscius
580 4286 677 4341 tielieti
693 4286 748 4354 sui,
773 4283 848 4340 elius
871 4285 1076 4341 laetificabatur
1092 4296 1114 4351 ι)
1130 4284 1205 4339 dens
1219 4285 1270 4340 uit.
1285 4290 1345 4354 Age
1365 4301 1436 4348 eruo
1451 4301 1582 4352 securus,
1598 4289 1625 4339 et
1636 4283 1744 4356 pertice
1756 4300 1830 4355 opus
1848 4282 1898 4338 libi
1914 4285 1958 4338 in-

248 4352 354 4410 insons
369 4355 406 4410 ed
421 4355 484 4426 ejus
505 4355 717 4413 consolationis
741 4355 853 4413 rerba:
878 4359 906 4411 et
953 4356 1015 4410 nasi
1039 4373 1074 4410 en
1130 4354 1253 4410 dicium.
1288 4357 1380 4420 Ouum
1413 4371 1480 4410 vero
1515 4356 1720 4427 composueris
1746 4355 1866 4422 librum,
1896 4369 1957 4410 non

248 4431 311 4482 alre
325 4425 540 4550 promptuario
567 4429 701 4484 diversos
728 4426 888 4483 sumebant
914 4426 939 4481 ei
963 4441 1007 4481 os.
1025 4429 1077 4482 Te-

249 4499 312 4550 ster
343 4511 438 4565 esum,
453 4498 525 4572 quia
538 4512 574 4554 ex
588 4515 640 4555 ore
655 4497 784 4554 hominis
798 4512 860 4553 nun
885 4511 954 4553 uam
973 4496 1075 4554 audivi

247 4569 362 4624 tentem
377 4567 566 4626 dulcedinem
582 4569 737 4626 sermonis.
755 4568 876 4642 Comple
900 4572 965 4623 atur
987 4566 1018 4622 in
1039 4583 1075 4624 eo

247 4639 330 4712 quod
345 4640 415 4697 dicit
431 4641 575 4698 Dominus
589 4641 619 4696 ln
643 4639 822 4710 Evangelio:
847 4639 952 4696 Simile
970 4643 1012 4694 est
1031 4654 1075 4696 re·
1097 4682 1103 4696 .

246 4719 338 4781 pirum
352 4713 491 4769 cetorum
503 4713 617 4769 bomini
634 4711 862 4784 patrifamilias,
882 4710 936 4780 qut
956 4710 1075 4782 profert

246 4781 433 4841 ttetbcmuro
443 4797 583 4841 cuonone
596 4789 623 4840 et
638 4787 738 4840 vetera
752 4781 872 4854 (liuttb.
887 4779 957 4850 xm).
973 4783 1074 4853 ltaque

246 4859 353 4912 omnes
378 4855 481 4912 divino
502 4855 564 4912 sale
590 4853 701 4910 conditi
724 4857 753 4908 et
774 4850 883 4907 coelesti
903 4849 1013 4908 ferculo
1029 4867 1075 4908 sa-

246 4923 318 4995 tiati,
334 4927 445 4997 mades
460 4930 584 4996 agentes
600 4923 774 4996 adpropriet
788 4921 973 4979 remeabant.

282 5069 324 5123 tti.
338 5067 426 5124 itidte
438 4994 1072 5124 ueni'iii‘rirircieiffiiiiienantsimenem2

243 5143 281 5196 ea
294 5137 405 5262 qulbqs
420 5137 467 5194 ille
487 5139 524 5222 ni¹
541 5137 560 5192 il
572 5137 717 5220 ‘recipere⁸
733 5135 862 5202 volebat,
884 5134 997 5207 quippe
1018 5134 1072 5206 qui

243 5215 300 5288 tue
323 5207 696 5278 upsstmadistnnuerat,
710 5205 879 5288 ignerabat.
900 5221 962 5278 quo
983 5209 1072 5288 pacto

241 5291 372 5404 iiiiii
393 5275 1073 5407 „trttttttlitttttttttbtstit:

1130 4424 1286 4494 delebitur,
1302 4441 1402 4480 meum
1419 4431 1518 4480 autem
1530 4423 1619 4482 stabit
1631 4427 1660 4482 in
1672 4431 1827 4483 aeternum.
1845 4429 1877 4480 Et
1890 4441 1958 4480 con-

1130 4495 1380 4564 tinuoeriaiians,
1405 4496 1547 4552 intellexit
1592 4498 1705 4554 rotinus
1725 4498 1808 4570 quod
1832 4497 1956 4552 viderat.

1131 4569 1257 4624 sumens
1271 4565 1379 4622 dehinc
1394 4568 1532 4624 volumen
1549 4513 1619 4624 iiiird
1634 4585 1791 4640 magnum,
1803 4567 1959 4646 diligenter

1128 4638 1262 4711 perlegit,
1277 4639 1467 4693 etsaniorem
1482 4644 1596 4704 partein
1619 4657 1711 4713 quain
1738 4638 1875 4712 praevidit
1902 4638 1958 4692 sub
2019 4659 2022 4666 ·

1129 4724 1190 4765 nno
1203 4708 1353 4765 volumino
1367 4711 1545 4782 composuit,
1560 4715 1587 4766 et
1602 4711 1778 4783 sicquidem
1790 4721 1959 4764 murmura-

1127 4779 1240 4836 tionem
1253 4781 1448 4852 compescuit.

1127 4851 1256 4906 micent
1281 4853 1382 4907 comiti
1404 4854 1560 4907 sanitatem
1588 4851 1713 4919 obtines·
1734 4863 1801 4905 eum
1825 4848 1865 4903 ud
1890 4864 1958 4904 corr-

1329 4928 1470 4991 tempturn
1486 4923 1589 4978 sacnti
1602 4922 1751 4978 bortatur.

1162 4995 1207 5048 at.
1225 4994 1345 5048 Factum
1361 4999 1404 5048 est
1418 4993 1622 5068 postmodum,
1648 4997 1678 5047 ut
1694 4989 1835 5063 praelatus
1857 5004 1957 5044 coines

1126 5061 1215 5117 Fuloo
1228 5062 1265 5118 de
1281 5064 1428 5120 thesauris
1440 5063 1519 5119 beati
1533 5063 1655 5124 Martini.
1670 5077 1770 5118 nesoro
1784 5077 1846 5135 quo
1858 5067 1955 5132 pacto,

1127 5133 1224 5189 tulerit
1233 5133 1294 5190 duo
1305 5135 1427 5192 vascula
1439 5135 1518 5190 auri:
1534 5135 1585 5188 sed
1597 5133 1705 5190 chamo
1715 5133 1880 5188 infrenatus
1890 5147 1958 5185 ava-

1126 5203 1208 5273 ritis,
1224 5202 1299 5262 dum
1314 5219 1350 5261 ca
1365 5205 1488 5260 reddere
1502 5205 1603 5270 nollet,
1620 5206 1703 5274 gravi
1718 5205 1823 5278 plexus
1848 5207 1892 5257 est
1915 5196 1959 5255 nl-

1125 5275 1214 5332 tlone.
1229 5276 1274 5332 Ad
1288 5281 1415 5332 mortem
1429 5291 1608 5348 verensque
1623 5277 1796 5350 perductus,
1823 5273 1861 5328 ud
1876 5271 1956 5326 beati

1125 5347 1237 5404 ltartiui
1253 5363 1284 5404 se
1296 5347 1382 5419 jubet
1395 5345 1507 5418 portari
1520 5346 1690 5420 sepulcrum
1707 5365 1713 5402 :
1730 5347 1831 5418 ibique
1851 5357 1957 5416 quam-

241 5431 291 5474 sos
304 5421 415 5490 recepit
427 5420 549 5476 solidos.
567 5421 623 5479 Sed
638 5420 722 5477 miles
734 5419 839 5478 Christi
849 5435 903 5476 nee
915 5421 1070 5474 momento
1124 5417 1254 5491 piurima
1268 5417 1445 5492 promittens
1461 5434 1598 5486 munera,
1618 5419 1673 5476 sed
1688 5434 1743 5474 neo
1758 5415 1800 5472 sio
1821 5413 1956 5470 sanitatis

239 5501 349 5565 passus
370 5495 413 5547 est
433 5507 484 5548 eos
505 5491 588 5566 apud
612 5507 644 5550 se
667 5507 785 5550 moram
808 5491 881 5565 pati,
910 5493 1011 5562 atque,
1039 5491 1071 5546 ut
1122 5489 1286 5562 recipiebat
1298 5504 1436 5548 munera.
1459 5491 1603 5550 Preterea
1624 5489 1792 5548 diutissime
1813 5484 1956 5558 fatigatus

272 5651 330 5731 (tt)
342 5656 368 5741 la
382 5657 444 5712 erat
454 5653 606 5724 Remigius
615 5649 1067 5744 Anbssiodorensismouachus.
