4104 6162
229 205 280 267 339
759 203 790 260 8.
811 198 939 260 000le
963 197 1110 256 ltBBAffi
1128 199 1378 260 ascalonensis
1398 199 1421 258 ll
1890 205 1938 258 asc

229 334 329 387 autem
353 328 467 401 prelati
488 324 536 384 vel
560 325 627 399 sihi,
652 326 701 382 vel
727 325 853 382 subditis
874 325 987 392 vivant,
1010 325 1062 378 aut
1077 321 1101 374 Α
1117 325 1199 378 ctum
1225 324 1361 396 floreant,
1390 330 1418 383 et
1444 343 1462 383 a
1498 325 1634 399 sequenti
1671 325 1768 399 riuis
1810 323 1938 382 itmditus

229 420 355 494 qualiter
367 419 511 491 quaedam
531 418 640 488 levius,
656 417 798 490 quisdam
812 415 949 489 asperius
970 412 1061 469 corris
1116 415 1262 470 arescant.

228 512 310 578 gant,
334 508 475 580 quaedam
502 507 703 575 dissimulent,
730 521 784 560 nec
813 510 911 560 tamen
929 509 1061 558 crescere
1151 505 1223 559 XXX.
1244 505 1378 570 Quorum
1392 505 1492 562 studia
1504 506 1568 561 haec
1582 507 1662 572 sunt,
1679 507 1784 561 ἰοιιιιι
1796 507 1940 578 praecepta

229 597 337 666 sinant,
354 599 384 652 in
397 596 473 652 libro
489 595 634 651 Pastorali
654 594 812 650 manifeste
835 591 997 649 disseritur.
1011 589 1061 646 llic
1116 590 1283 648 conditoris
1298 593 1502 660 indurescunt,
1515 594 1616 667 pravis
1633 593 1787 650 desideriis
1796 593 1938 666 succensi,
2041 601 2042 612 ¹

228 691 329 742 tamen
344 701 379 742 ex
404 685 481 742 libro
496 701 565 741 xxvi
581 685 734 742 Moralium
756 683 829 739 illnd
844 695 1060 739 commemore-
1117 693 1172 734 nec
1185 679 1247 735 suis
1262 681 1409 739 mortibus
1420 681 1584 755 aliqnando
1597 685 1735 754 parenni.
1751 685 1875 738 lnanem
1887 681 1940 751 glo

227 780 286 845 tnr,
302 775 327 830 si
346 789 364 830 a
385 789 550 848 pravorum
579 774 765 845 correptione
789 773 978 838 cessaverint,
1003 768 1062 842 ipsi
1117 761 1193 818 nam
1208 765 1297 820 etiam
1312 777 1382 822 curn
1397 767 1463 822 vitae
1475 767 1653 822 detrimento
1674 769 1823 839 quaerunt.
1850 767 1941 822 Bonos

229 879 285 937 pro
299 864 341 920 eis
355 865 527 936 punientur.
551 867 584 920 Et
598 867 673 936 quot
688 863 826 932 regendis
851 860 978 917 subditis
995 858 1061 932 qui-
1117 867 1186 908 vero
1199 853 1285 910 dictis
1298 859 1327 911 et
1340 855 1425 912 iactis
1438 860 1668 928 persequuntur,
1683 858 1712 910 et
1726 854 1815 910 etiam
1827 853 1940 924 gladiis.
2041 827 2042 920 J

231 959 304 1023 sque
316 956 432 1022 praest,
446 956 489 1008 tot
501 951 584 1024 apud
599 951 765 1006 districtum
788 949 921 1020 judicem
946 947 1064 1003 animas
1119 942 1208 1013 Spem
1223 943 1252 998 in
1268 944 1434 1017 semetipsis
1447 949 1582 1017 ponunt;
1609 947 1712 1000 ιοιιιι
1735 941 1854 1013 flagella
1868 946 1941 1000 Gon·
2041 929 2042 1000 i

231 1040 313 1096 solus
324 1039 362 1095 ad
378 1039 565 1095 reddendam
577 1040 724 1096 rationem
740 1037 873 1107 habebit,
897 1053 967 1092 eum
989 1035 1065 1103 solip,
1119 1029 1222 1086 ditonis
1237 1031 1424 1090 insensibiles
1439 1035 1577 1091 existunt.
1589 1033 1719 1091 Mortalia
1732 1043 1795 1090 ιιοιι
1815 1031 1943 1089 mortali·

230 1127 268 1183 de
283 1143 340 1182 sua
356 1127 421 1184 sola
441 1129 491 1184 rix
512 1127 649 1186 sufficiat.
677 1127 817 1183 Subditos
836 1141 958 1198 quoqne
978 1127 1064 1181 tanto
1119 1123 1163 1174 ter
1175 1122 1325 1192 cogitant3
1340 1123 1472 1180 habendi
1485 1123 1680 1196 cupiditatem
1695 1122 1778 1180 nullo
1801 1127 1943 1192 congestu

229 1215 382 1272 liberiores
412 1215 443 1271 in
467 1215 569 1272 divino
595 1216 735 1272 examine
780 1214 896 1288 praelati
929 1214 1062 1278 reddent,
1118 1210 1401 1271 lncrorumtiniunt.
1415 1213 1493 1271 Inter
1507 1214 1657 1287 quaslibet
1676 1213 1892 1270 amaritudines
1906 1213 1944 1270 ad

230 1309 344 1377 quanto
358 1305 406 1361 hic
422 1318 525 1361 eorum
541 1306 663 1378 culpam
679 1305 742 1360 sine
757 1304 890 1360 vindicta
904 1319 966 1359 non
980 1303 1065 1358 dese·
1118 1299 1304 1372 voluptatem
1327 1301 1455 1358 earnalis
1470 1301 1608 1358 desiderii
1631 1305 1806 1370 recurrunt3
1834 1313 1942 1374 corpus

229 1397 320 1450 rnnt':
336 1395 393 1466 ipsi
405 1408 477 1451 vero
490 1399 573 1455 tanto
593 1387 784 1464 obligatiores
799 1394 886 1463 fiunt,
903 1397 1017 1465 quanto
1032 1391 1063 1446 in
1117 1393 1266 1464 quantum
1292 1395 1418 1463 possunt
1445 1391 1603 1463 epularum
1638 1389 1861 1446 diversitatibus
1894 1403 1945 1445 na-

229 1483 275 1538 hls
290 1484 341 1555 qui
357 1485 556 1554 committunt,
583 1497 638 1540 nec
662 1483 746 1539 verbi
765 1483 888 1554 quidem
904 1481 1062 1553 injectione
1117 1480 1218 1546 uiant,
1246 1481 1417 1536 moestitiam
1436 1479 1572 1536 locorum
1592 1479 1806 1536 blandimentis
1831 1479 1944 1536 dentul-

230 1571 269 1627 ιι)
285 1571 386 1643 ¹aliquo
399 1572 578 1628 lacerantur.
1117 1573 1192 1624 cent.
1210 1573 1249 1625 Ne
1263 1569 1396 1642 despecti
1416 1570 1584 1641 videantur,
1608 1568 1804 1636 dignitatibus
1829 1581 1860 1625 se
1875 1567 1945 1624 inal-

265 1660 349 1717 lllllll.
380 1664 544 1716 Pravornm
572 1661 749 1733 perversitas
778 1659 876 1728 exigit,
901 1663 935 1714 nt
956 1663 1060 1714 contra
1079 1663 1198 1726 Βιιιιις
1214 1658 1412 1731 potestatibus
1427 1663 1550 1714 cunctos
1572 1657 1783 1714 transcendere
1806 1657 1943 1728 gestiunt.

230 1753 436 1820 contemptum
451 1765 555 1806 eornm
572 1753 655 1806 tanta
669 1749 816 1816 dicantur,
834 1752 958 1820 accepta
976 1747 1059 1804 vide·
1116 1748 1172 1813 Qui
1187 1763 1257 1806 vero
1273 1749 1431 1805 astutiores
1446 1748 1626 1812 sunt,corda
1639 1761 1696 1803 sua
1707 1747 1827 1803 discunt
1837 1744 1947 1802 machi·

230 1838 297 1895 licet
312 1839 470 1896 occasione
493 1839 531 1896 de
551 1840 633 1909 Cain,
658 1840 745 1912 cnjus
767 1839 813 1894 isti
830 1853 975 1911 sequaces
990 1843 1061 1895 sunt
1115 1837 1288 1895 nationibus
1300 1843 1409 1907 tegere,
1425 1850 1548 1893 sensum
1568 1837 1667 1893 verbis
1687 1836 1795 1899 velare.
1816 1837 1944 1904 irrogata

230 1927 284 2000 qui
299 1927 349 1983 Dei
364 1927 459 2000 ipsius
476 1929 712 1985 admonitionem
727 1927 906 2000 contempsit
930 1945 935 1983 :
960 1926 1014 1999 qui
1033 1930 1062 1982 et
1117 1927 1198 1984 mala
1209 1923 1550 1998 multipliciusreddere,
1565 1925 1716 2000 simplices
1728 1924 1860 1982 irridere.
1878 1925 1943 1979 liare

231 2016 352 2088 eulpam
368 2017 510 2073 confitere
524 2017 629 2082 noluit,
656 2017 709 2073 sed
735 2021 763 2073 et
786 2016 889 2073 timide
904 2015 1061 2089 respondit
1116 2013 1222 2068 veteris
1235 2012 1366 2069 hominis
1381 2013 1541 2086 prudentia
1555 2017 1607 2082 est,
1619 2026 1688 2087 quse
1703 2027 1721 2070 a
1735 2011 1836 2086 pneris
1851 2010 1943 2084 pretio

231 2104 334 2160 dicens
351 2123 356 2162 :
374 2108 520 2178 Nunquid
535 2113 632 2164 castos
647 2107 755 2176 fratris
770 2107 828 2162 me
841 2119 906 2162 sum
920 2106 1005 2177 (Gen.
1019 2117 1060 2175 tr,
1117 2102 1251 2172 discitur,
1264 2103 1296 2158 in
1306 2103 1469 2174 juvenibus
1492 2119 1550 2159 usn
1571 2103 1731 2161 roboretur
1756 2111 1764 2157 t
1790 2101 1870 2157 hanc
1894 2101 1943 2173 qui

232 2192 269 2267 9).
281 2197 312 2250 ln
328 2211 389 2268 quo
404 2195 481 2252 lacto
505 2197 670 2266 genitorem
694 2208 783 2252 suum
810 2196 906 2251 Adam
929 2196 1062 2251 imitatus
1118 2191 1226 2260 sciunt,
1243 2197 1365 2247 caeteros
1379 2191 1549 2264 despiciunt
1563 2209 1570 2260 ς
1586 2191 1638 2264 qul
1651 2190 1797 2258 nesciunt,
1825 2191 1857 2245 in
1881 2189 1943 2246 aliis

232 2287 287 2354 ιιι,
304 2285 356 2356 qui
369 2284 408 2340 ad
424 2285 630 2358 penitentiam
654 2285 814 2356 requisitus
839 2301 909 2340 mon
933 2282 1062 2340 admini-
1117 2281 1317 2337 urbanitatem
1330 2285 1446 2354 putant.
1463 2281 1497 2336 lli
1518 2288 1649 2355 superna
1677 2289 1745 2352 quta
1770 2279 1942 2347 amiserunt,

232 2372 334 2428 culum
347 2374 546 2430 excusationis
561 2373 708 2444 adjunxit,
720 2371 836 2428 dicens:
847 2373 958 2429 illutier
972 2385 1062 2442 quam
1117 2385 1172 2426 nec
1184 2369 1341 2443 plangunt,
1356 2385 1412 2426 nec
1424 2371 1607 2442 recogitant3
1636 2367 1802 2440 ingenitam
1825 2369 1944 2425 liberta-

232 2461 341 2517 dedisti
353 2461 437 2524 mitt,
454 2462 533 2517 dedit
549 2463 633 2528 mitri,
650 2466 678 2516 et
691 2461 805 2516 comedi
830 2462 912 2526 (Gen.
939 2471 978 2528 nr,
1007 2463 1060 2527 ta).
1117 2464 1177 2517 tem
1191 2475 1253 2514 non
1268 2459 1412 2528 recolunt,
1429 2459 1606 2532 semetipsos
1619 2459 1650 2515 in
1662 2459 1719 2530 his,
1735 2458 1776 2515 ad
1791 2473 1861 2530 ques
1875 2471 1944 2530 pro·

234 2551 498 2604 Excessumsuum
521 2548 645 2604 latenter
664 2548 839 2620 intorquens
854 2547 1060 2614 insudarem,
1115 2549 1183 2622 jacti
1210 2552 1288 2616 saint,
1318 2547 1468 2605 deserunt.
1503 2547 1646 2604 Exsilium
1677 2545 1762 2621 quod
1793 2537 1945 2619 patiuntur

234 2636 321 2708 quasi
334 2636 391 2707 ipsi
404 2636 456 2708 qui
471 2636 626 2691 mulierem
641 2635 774 2704 dederat,
799 2636 991 2692 occasionem
1010 2636 1062 2692 de·
1117 2652 1200 2694 more
1213 2636 1315 2710 patrias
1331 2636 1468 2707 diligunt,
1484 2641 1593 2694 etcum
1606 2635 1708 2693 miseri
1722 2635 1781 2692 silit
1793 2635 1876 2709 ipsas
1890 2635 1944 2690 mi-

233 2723 390 2796 linqnendi
403 2725 589 2796 praebuisset.
607 2725 678 2780 llinc
689 2729 733 2780 est
744 2725 826 2797 quod
847 2740 883 2781 ex
898 2725 947 2782 illa
963 2725 1063 2782 radice
1118 2728 1210 2783 serias
1224 2730 1336 2794 amant,
1353 2742 1444 2800 seque
1458 2726 1533 2784 inter
1548 2741 1599 2783 eas
1610 2725 1739 2783 inbonis
1753 2736 1817 2782 esse
1827 2728 1943 2798 putant.

234 2817 337 2870 ramus
351 2813 441 2884 hujus
456 2813 564 2870 erroris
577 2829 673 2887 nsque
689 2827 769 2869 nunc
781 2815 811 2870 in
826 2815 962 2871 humano
973 2827 1063 2883 gene·
1118 2821 1159 2873 lta
1186 2816 1225 2872 ab
1249 2814 1371 2873 exordio
1395 2815 1463 2872 ritae
1478 2822 1574 2889 nsque
1588 2816 1628 2872 ad
1642 2815 1735 2872 tinem
1746 2815 1777 2872 ln
1791 2815 1945 2887 iniquitate

234 2915 266 2956 re
289 2901 481 2974 protrahitur,
509 2905 542 2958 nt
568 2903 652 2975 quod
677 2903 807 2976 quisque
832 2901 910 2958 male
925 2903 996 2974 agit,
1012 2907 1064 2959 aut
1117 2905 1314 2978 perdurantes
1329 2903 1560 2977 omnitempore
1576 2919 1630 2978 per
1643 2907 1844 2974 augmentum
1859 2903 1945 2959 mali-

234 2991 406 3047 excusando
415 2991 555 3061 levigare,
571 2995 623 3048 aut
638 2992 879 3062 argumentando
904 2991 1063 3048 defendere
1082 2996 1164 3074 crite
1187 2999 1291 3051 contra
1314 2994 1489 3067 semetipsos
1518 2994 1594 3051 ictus
1614 2984 1812 3064 ingeminant
1835 2992 1945 3066 quibus

234 3084 367 3137 conetur.
385 3078 508 3137 Etcerte
523 3095 648 3153 peccare
662 3093 723 3137 non
737 3080 908 3147 debuimus,
935 3079 987 3136 sed
1007 3080 1063 3136 uti·
1118 3084 1223 3142 succisi
1238 3084 1269 3140 in
1284 3087 1429 3140 aeternum
1448 3087 1546 3154 ruant,
1570 3083 1624 3158 qni
1647 3087 1789 3140 tanmem
1817 3082 1945 3156 patriam
2039 3113 2040 3152 ι

234 3184 306 3226 nam
321 3170 521 3242 postruinam
537 3181 691 3241 resurgere
706 3167 1063 3242 conaremur,etculpam
1117 3189 1179 3232 non
1194 3177 1308 3245 amant,
1322 3172 1394 3245 quia
1408 3171 1544 3229 sufficere
1559 3172 1615 3228 sibi
1630 3172 1764 3240 credunt,
1781 3173 1804 3228 sl
1820 3173 1863 3228 ets
1879 3184 1947 3244 sup
2039 3191 2040 3200 ι

234 3255 424 3315 defendendo
451 3263 514 3315 non
538 3259 814 3330 multiplicaremus.
842 3263 878 3314 at
902 3259 1064 3316 miserabili
1118 3261 1313 3338 petantbona
1325 3261 1502 3334 temporalia
1516 3277 1585 3334 quae
1601 3259 1725 3335 cupiunt
1744 3277 1751 3316 :
1774 3264 1803 3317 et
1816 3261 1844 3317 si
1857 3261 1890 3317 in
1902 3255 1946 3316 his

233 3345 326 3403 modo
352 3361 413 3418 quo
442 3347 563 3420 spiritus
589 3346 745 3420 peccando
764 3346 883 3418 longius
906 3347 1063 3404 enaritate
1118 3356 1319 3420 succrescunt,
1334 3337 1433 3408 felices
1456 3367 1488 3408 se
1512 3355 1540 3408 et
1565 3351 1697 3408 munitos
1720 3353 1850 3424 putanti
1865 3350 1946 3406 etita

233 3433 426 3506 disjungitur,
443 3447 478 3490 eo
492 3435 621 3507 nequius
636 3434 811 3490 obduratur.
835 3437 868 3490 st
882 3435 972 3507 culpa
995 3451 1063 3509 quae
1117 3442 1169 3498 ubi
1185 3451 1274 3497 carne
1286 3440 1487 3512 requiescunt,
1510 3439 1551 3496 ibi
1574 3443 1707 3496 mentem
1726 3435 1945 3508 exstinguendo

234 3528 342 3579 terrere
357 3527 489 3578 mentem
504 3523 617 3592 debuit,
633 3523 731 3592 magis
743 3523 822 3579 hano
837 3523 957 3580 extollit.
974 3527 1063 3580 Porro
1118 3529 1273 3602 sepeliunt.
1291 3527 1431 3600 Quisquis
1447 3529 1548 3601 itaque
1561 3527 1626 3584 hrec
1639 3527 1739 3584 atalia
1752 3526 1943 3600 quamplura,

234 3615 335 3667 autem
351 3609 388 3666 de
403 3610 475 3668 Cain
490 3611 590 3668 adhuc
610 3611 724 3683 aliquid
752 3616 856 3667 cenna
881 3613 946 3683 ejus
969 3613 1064 3670 imita-
1117 3623 1185 3691 quse
1200 3615 1240 3672 ob
1253 3615 1452 3690 prolixitatem
1466 3615 1681 3679 omittimus‚in
1691 3630 1723 3672 se
1737 3613 1942 3688 deprehendit,

234 3703 312 3756 tores
327 3699 473 3756 dicamus.
488 3698 537 3756 llle
553 3712 647 3769 vagus
662 3703 690 3755 et
702 3697 849 3772 profugus
861 3699 974 3770 deguit,
983 3706 1011 3758 ιι
1025 3703 1062 3758 de
1116 3709 1245 3764 veterem
1258 3704 1412 3760 hominem
1429 3721 1499 3760 cum
1512 3703 1573 3761 suis
1588 3705 1755 3762 rationibus
1769 3703 1901 3760 necdum
1914 3714 1943 3756 se

233 3789 297 3844 istis
313 3787 421 3844 dicitnr
437 3806 443 3842 :
458 3787 665 3845 ambulabunt
678 3788 709 3843 ln
724 3801 855 3844 vacnnm
871 3792 899 3844 ιι
911 3787 1061 3860 peribunt.
1116 3790 1292 3864 deposuisse
1306 3793 1476 3860 cognoscat,
1493 3789 1547 3845 sed
1561 3788 1602 3845 ed
1615 3789 1698 3846 illam
1717 3787 1877 3854 civitatem,
1894 3795 1943 3842 cn-

233 3877 267 3934 In
281 3890 412 3944 vacuum
425 3877 583 3934 ambulant
607 3877 660 3950 qui
681 3876 756 3932 nihil
784 3891 887 3933 secum
909 3877 946 3932 de
965 3876 1062 3932 fructu
1114 3877 1452 3953 J‘ns1exdiebolusest,
1468 3877 1558 3935 etiam
1577 3877 1602 3934 si
1625 3877 1729 3935 audire
1743 3889 1805 3934 non
1823 3876 1941 3950 patitur,

234 3967 280 4024 sui
293 3966 405 4024 laboris
418 3969 486 4042 post
499 3970 627 4024 mortem
651 3971 780 4040 portant.
809 3967 865 4032 Qui
892 3970 921 4023 et
943 3966 1062 4039 profugi
1116 3969 1201 4026 ιιιιιι
1216 3967 1413 4041 prodentibus
1427 3965 1574 4039 pertinere
1588 3966 1743 4040 probatur.

234 4059 312 4128 nint,
340 4057 412 4130 quia
436 4057 529 4114 vitam
557 4061 736 4129 praesentem
760 4059 920 4129 sequentes
945 4056 1063 4127 tugiunt
1153 4060 1238 4114 lllllll.
1266 4059 1365 4113 iustus
1393 4056 1466 4112 Abel
1491 4056 1566 4112 sicut
1591 4056 1622 4112 in
1646 4071 1678 4112 se
1696 4067 1799 4127 regem
1817 4053 1942 4111 coelestis

233 4146 390 4216 alternam,
406 4145 496 4201 istam
515 4145 709 4212 invenientes,
725 4144 807 4201 illam
822 4145 961 4217 perdunt.
980 4143 1062 4200 Alius
1116 4145 1304 4202 Hierusalem
1332 4144 1481 4202 Christum
1509 4157 1578 4200 cum
1597 4143 1682 4200 omui
1698 4143 1872 4200 collectione
1891 4140 1943 4198 ele·

232 4249 365 4306 namque
394 4232 595 4304 adipiscendis
620 4233 798 4300 honoribus
825 4233 900 4288 alins
922 4231 1061 4304 multipli-
1117 4239 1234 4290 ciorum
1261 4231 1447 4304 significavit,
1475 4232 1517 4289 sic
1538 4231 1569 4289 in
1595 4247 1675 4302 agno
1710 4246 1803 4305 quem
1840 4229 1944 4288 obtulit

234 4321 338 4378 candia
365 4321 566 4388 facultatibus,
595 4321 671 4378 alitis
694 4321 902 4393 promerendis
920 4321 1062 4377 laudibus
1118 4322 1321 4379 innocentiam
1347 4320 1526 4378 eorumdem
1549 4321 1712 4378 electorum
1731 4320 1884 4394 expressit.
1914 4320 1945 4374 ιιι

234 4409 373 4476 ιιιιιιιι;
390 4408 444 4463 sed
460 4408 646 4464 cunctahcec
661 4409 789 4481 quisque
816 4414 867 4465 aut
888 4415 957 4466 ante
980 4425 1061 4466 mor·
1117 4411 1198 4468 enim
1226 4411 1264 4467 de
1290 4410 1396 4467 studiis
1429 4410 1566 4482 ejusdem
1596 4411 1772 4468 innocentie
1799 4409 1945 4484 quiddam

233 4503 294 4554 tem
309 4497 416 4570 perd1t‚
433 4501 484 4553 ant
498 4497 629 4552 moriens
651 4497 768 4554 deserit.
790 4499 822 4553 ln
845 4513 976 4554 vacuum
990 4514 1063 4570 ergo
1118 4513 1410 4570 commemoremus,
1450 4499 1623 4572 quicunqne
1651 4498 1727 4555 inter
1749 4515 1802 4556 eos
1826 4496 1947 4572 perlecti

232 4585 360 4656 laborat,
376 4587 403 4642 ιι
418 4585 618 4656 ragusrltam
633 4599 719 4641 suam
731 4587 945 4659 percurrit,qui
960 4602 1063 4643 seeum
1119 4595 1198 4660 sunt,
1225 4589 1299 4645 nihil
1324 4587 1431 4646 callida
1458 4589 1648 4646 simulatione
1682 4589 1842 4656 simulant,
1876 4587 1948 4661 qnia

234 4676 444 4747 antejudrcem
456 4674 530 4730 nllril
545 4675 585 4731 ad
599 4675 832 4746 promerendam
852 4675 960 4732 enimse
986 4676 1064 4732 salu·
1116 4681 1200 4754 loqui
1224 4679 1381 4752 dupliciter
1413 4681 1563 4750 ignorant.-
1599 4683 1663 4736 Non
1697 4695 1729 4735 se
1757 4679 1879 4736 student
1903 4693 1948 4735 res

233 4768 294 4821 tem
304 4767 412 4838 portat.
429 4766 557 4836 Quoquo
572 4763 651 4820 enim
667 4764 759 4820 modo
774 4764 863 4838 eulpa
876 4764 1064 4837 prodeat,ita
1116 4785 1184 4826 rum
1211 4767 1398 4827 abundantia
1422 4767 1526 4836 fulciri,
1553 4780 1615 4825 non
1639 4783 1693 4840 per
1714 4765 1874 4838 dignitates
1897 4783 1948 4822 ιιι-

234 4863 354 4928 semper
368 4849 465 4910 eldam
480 4853 598 4910 subacti
613 4857 692 4924 sunt,
709 4857 741 4909 ut
755 4853 892 4910 velrecte
907 4867 966 4910 nor
989 4855 1063 4910 inci·
1117 4857 1176 4914 culi
1203 4855 1395 4912 honorabiles
1422 4856 1584 4926 ostentari,
1620 4869 1682 4913 non
1710 4855 1792 4913 cultu
1818 4857 1949 4913 testium

233 4943 327 5016 piant,
352 4942 398 4998 tel
423 4943 447 4998 si
470 4942 636 5015 inceperint
656 4941 740 4998 fracti
760 4941 790 4998 in
809 4943 876 5016 ipso
899 4947 1009 5001 conatu
1024 4944 1063 5001 ad
1118 4957 1275 5018 pompare,
1299 4958 1362 5000 non
1386 4943 1418 5000 in
1438 4943 1486 5001 his
1500 4959 1568 5018 ques
1581 4949 1664 5002 extra
1673 4959 1707 5001 ss
1722 4949 1794 5001 sont
1808 4945 1948 5015 gloriarl;

234 5035 409 5088 consuetam
424 5032 603 5105 pravitatem
617 5029 750 5088 redeant.
768 5031 817 5088 lile
830 5032 1063 5106 primogenitum
1116 5031 1259 5090 honorari
1273 5036 1420 5101 metuunt,
1435 5047 1497 5089 nou
1516 5031 1648 5106 desplcl;
1670 5047 1781 5107 corpus
1791 5035 1949 5090 onumen·
2041 5025 2042 5034 ’

234 5135 324 5178 suum
339 5121 440 5177 Enoch
456 5120 686 5194 vocaritatque
702 5121 1062 5194 annomineejuscirita-
1117 5123 1158 5178 tia
1198 5125 1333 5188 tenuant,
1369 5125 1469 5178 mente
1507 5119 1535 5178 ιι
1567 5121 1704 5178 moribus
1732 5122 1949 5195 pinguescunt.
2041 5163 2042 5180 ι

233 5215 291 5268 tem
308 5225 402 5283 quam
429 5209 563 5266 condidit
588 5209 759 5283 appellavit.
789 5212 889 5267 Enoch
916 5209 1063 5269 dedicatio
1117 5213 1172 5267 Pro
1184 5211 1299 5282 justitia
1313 5210 1510 5268 contumelias
1531 5211 1682 5284 suscipere
1697 5211 1831 5281 gaudent
1848 5211 1950 5284 tinia*
2041 5221 2042 5226 ’

233 5300 349 5358 dicitnr.
369 5303 402 5356 Et
418 5313 524 5356 omnes
539 5299 634 5373 iniqui
649 5305 764 5373 quanto
778 5300 898 5370 longina
919 5301 1064 5358 acoelestl
1116 5302 1176 5358 ries
1203 5301 1405 5370 nonfacere,
1445 5301 1497 5356 sed
1529 5299 1656 5358 tolerare
1682 5301 1801 5358 lucrum
1830 5305 1949 5376 putant.
2041 5293 2042 5296 ’

233 5387 404 5445 hereditate
430 5385 517 5445 divisi
544 5393 623 5455 sunt,
650 5391 732 5444 tanto
756 5385 935 5460 profundius
954 5389 985 5444 in
1007 5389 1063 5444 hac
1120 5392 1176 5448 Sed
1203 5395 1231 5450 et
1258 5391 1316 5448 alia
1352 5389 1528 5460 hujusmodi
1564 5394 1699 5461 gerentes
1732 5393 1792 5448 lieo
1824 5391 1951 5466 quidem
2041 5455 2042 5466 χ

233 5476 294 5532 vita
306 5489 374 5548 quse
387 5477 485 5550 prima
499 5477 654 5534 estcordis
670 5475 802 5532 radicem
815 5475 920 5548 ssgnnt.
946 5481 979 5533 Ει
993 5493 1062 5533 cnm
1117 5481 1245 5555 placent,
1273 5479 1376 5536 oculos
1401 5485 1501 5536 autem
1525 5480 1598 5536 Cain
1623 5479 1790 5550 attendunt,
1810 5481 1884 5554 quia
1905 5495 1951 5535 sa·

234 5565 379 5637 scriptum
391 5566 428 5622 sit
443 5567 509 5622 :Ne
527 5567 695 5622 discumbas
719 5566 751 5621 tc
771 5567 872 5636 primo
898 5567 960 5623 loeo
977 5569 1060 5636 (Luc.
1116 5571 1231 5644 pientes
1247 5573 1275 5626 et
1289 5569 1416 5626 cultores
1431 5570 1522 5642 hujus
1536 5568 1642 5626 mnndl
1657 5569 1801 5641 abiectos,
1816 5575 1846 5627 et
1859 5567 1950 5644 quasi
2041 5577 2042 5630 ι

233 5665 294 5722 xiv,
309 5655 349 5722 8),
366 5667 397 5711 se
411 5653 624 5728 lnprimordiis
638 5652 788 5724 dedicant,
804 5659 836 5714 ut
855 5655 903 5713 hic
923 5655 962 5715 ad
987 5671 1062 5736 pun-
1119 5662 1254 5718 mortuos
1267 5658 1423 5732 deputant,
1433 5674 1511 5730 qnos
1523 5673 1585 5718 non
1600 5657 1758 5720 amenter
1776 5673 1881 5718 secem
1906 5659 1950 5716 ri·
