4156 6182
148 177 181 232 n't

593 135 595 140 ’
676 173 1001 234 1101110111..-

1020 175 1100 230 1ῙΙΤΑ
1119 175 1147 231 S.
1169 177 1310 235 ononis.
1808 181 1845 236 δῦ

147 298 271 372 plenum
284 297 447 366 sacculum,
461 313 537 372 quas
552 298 708 355 comedere
722 299 888 356 secundum
899 313 968 354 oon·
988 299 1012 353 Α
1027 297 1122 379 (Psoi.
1146 303 1251 368 cxxii);
1265 289 1423 358 etr'ursum
1457 320 1464 358 :
1487 304 1618 360 Posuisti
1646 305 1852 362 tribulationes

147 369 336 426 suetudinem
348 370 524 437 nolui,etde
537 387 642 426 mensa
669 371 848 428 ceciderunt.
873 376 968 442 Atque

146 447 214 513 post
227 441 369 513 pusillum
384 442 490 497 iterum
506 441 672 498 terribiliter
684 442 814 499 clamare
829 442 918 515 coepit
941 445 970 496 et

146 512 245 567 dicere
263 515 352 568 :Ecce
367 512 478 588 dequo
493 512 554 568 dixi
571 512 655 568 vobis
670 512 970 584 adestdiabolus,de·

147 582 244 640 ferens
255 583 430 665 praedictum
443 584 606 640 sacculum.
621 586 697 640 Nam
713 601 781 641 cum
798 584 887 642 territi
911 583 969 639 ira-

148 659 206 710 tres
220 659 407 720 mirarentur,
418 655 526 727 adjecit
536 671 657 711 rursum
668 673 675 710 :
688 655 740 712 lllo
752 656 784 712 in
797 657 862 712 loco
874 654 968 724 adesi,

147 741 186 780 an
200 741 261 780 non
275 725 380 781 videtis
396 742 465 782 euin
481 727 494 782 l
516 726 625 782 Deinde
642 727 727 797 signo
752 727 847 783 ciricis
874 731 971 782 totum

146 811 178 851 se
193 797 328 866 munivit,
343 802 371 852 et
385 797 462 853 inter
474 797 565 853 verba
576 798 718 854 orationis
739 816 752 854 s
776 799 877 854 iritum
905 796 970 852 red-

145 867 229 994 diilllit.
237 868 287 995 ttlb
297 868 347 924 illo
363 885 434 939 ergo
449 869 496 924 die
512 869 595 924 omni
624 885 694 925 cum
723 815 875 941 difigentia
903 871 972 924 sunt

145 953 179 994 co
202 955 283 994 eea.

180 1013 223 1065 32.
239 1013 287 1065 Est
297 1014 326 1066 et
340 1009 415 1066 alius
442 1010 517 1065 inter
544 1025 595 1065 eos
618 1011 825 1067 taciturnitatis
849 1009 967 1066 modus.

144 1080 418 1162 incompetentibus
429 1095 562 1152 namque
575 1081 657 1136 horis
671 1097 761 1136 nemo
776 1083 852 1138 intra
872 1081 968 1136 claus-

143 1155 224 1206 trum
238 1150 374 1220 ejusdem
388 1151 561 1206 monasterii
576 1151 667 1207 audet
681 1153 708 1208 lc
732 1155 771 1218 ui,
787 1169 842 1209 nec
857 1168 887 1207 se
900 1167 969 1207 cum

145 1221 304 1276 aliofratre
316 1221 452 1292 jungere.
471 1223 596 1287 Quando
617 1239 687 1278 vero
709 1170 872 1279 duodecim
895 1222 967 1278 cele·

145 1292 272 1347 branlur
283 1292 423 1348 lectiones
433 1293 497 1363 116),
511 1293 610 1348 nullus
620 1293 697 1350 intra
707 1295 881 1365 praedictum
890 1293 970 1350 clau-

145 1367 250 1431 strum,
265 1367 372 1434 praeter
384 1362 423 1417 ad
435 1363 608 1435 capitulum,
625 1365 761 1445 sequenti
771 1365 818 1420 die
826 1365 907 1437 loqui
916 1380 968 1420 au-

142 1432 201 1488 det.
219 1435 328 1489 Octava
341 1433 420 1488 enim
435 1433 545 1488 Natalis
562 1435 678 1490 Domini
693 1439 721 1491 et
735 1437 799 1507 ejus
816 1439 968 1492 Resurrec-

142 1503 229 1558 tionis
240 1519 394 1559 summum
409 1503 558 1560 silentium
572 1505 619 1560 die
644 1511 795 1579 noctuque
820 1507 912 1563 fiebat
936 1507 966 1562 in

141 1573 207 1629 illis.
223 1575 434 1630 Brevissimum
448 1575 560 1658 quippe
589 1575 678 1646 istud,
705 1577 777 1633 illud
799 1577 966 1648 significare

1024 383 1056 424 in
1066 368 1153 424 dorso
1169 377 1279 441 nostro,
1294 373 1461 442 imposuisti
1475 375 1606 432 domines
1633 391 1723 446 super
1748 379 1851 446 cupito

1023 446 1127 520 nostro
1147 441 1239 512 (Psoi.
1256 445 1338 514 ixv);
1353 443 1456 499 abiens
1469 445 1645 516 provolutus
1660 447 1785 504 fratrum
1800 463 1852 520 pe·

1024 509 1122 578 ilibus,
1139 516 1272 582 rogatui
1287 518 1364 582 eant,
1380 519 1408 570 et
1422 515 1485 571 vioe
1501 531 1556 571 sua
1577 517 1674 573 eidem
1690 518 1792 575 abbati
1804 534 1852 574 vc-

1025 581 1241 705 nlameetant;
1258 585 1342 658 quod
1358 589 1386 642 et
1400 585 1512 642 factum
1528 590 1582 642 est.
1599 589 1730 645 Tandem
1756 589 1852 646 adini-

1024 667 1096 733 rans
1132 655 1291 726 ernuslal„
1308 657 1412 729 Berua]
1428 657 1524 714 abbas
1543 660 1657 714 tautam
1684 659 1714 715 in
1738 660 1851 730 iuvene

1025 724 1207 804 patientiam,
1223 743 1294 782 mox
1309 743 1379 783 eum
1398 731 1554 790 convocat,
1577 732 1606 784 ct
1631 745 1714 785 more
1739 731 1852 800 regulae

1024 809 1122 866 ipsam
1142 799 1374 856 commotionem
1394 799 1600 856 benedictione
1622 803 1731 868 sanat;
1760 807 1852 874 atque

1026 865 1163 937 posthinc
1179 867 1296 925 charior
1307 870 1402 926 factus
1417 875 1462 926 est
1479 870 1529 926 illi.

1060 939 1104 991 31.
1120 939 1209 994 Erant
1227 943 1327 997 autem
1342 941 1445 998 fratres
1457 942 1489 998 in
1499 941 1605 998 eadem
1620 941 1850 1012 congregatione

1024 1011 1123 1064 mente
1136 1011 1164 1064 et
1178 1009 1293 1067 actione
1305 1013 1440 1083 juvenes,
1454 1029 1584 1086 quornm
1606 1012 1743 1086 superins
1768 1028 1850 1068 men-

1025 1078 1137 1134 tionem
1151 1079 1285 1138 feeimus.
1301 1083 1333 1138 lli
1347 1085 1504 1140 veroiinde
1516 1083 1659 1157 proficere
1671 1081 1849 1150 debuerant,

1022 1149 1092 1205 inde
1108 1149 1147 1206 ad
1160 1149 1312 1209 interitum
1326 1154 1418 1211 ibant.
1435 1159 1509 1212 Nam
1546 1155 1639 1210 uoties
1648 1154 1750 1210 locum
1764 1170 1851 1210 coca·

1024 1220 1175 1277 sionemve
1188 1225 1317 1294 reperire
1332 1227 1508 1297 potuissent,
1547 1226 1658 1282 'vemas
1674 1225 1798 1296 injurias
1822 1229 1852 1280 et

1023 1291 1339 1366 falsasinorepationes
1354 1297 1380 1352 ei
1395 1296 1586 1366 objiciebant.
1604 1301 1638 1351 At
1653 1312 1724 1352 vero
1740 1295 1786 1351 vir
1798 1311 1851 1368 pa-

1023 1362 1125 1418 cificus
1154 1364 1217 1420 0110
1243 1381 1380 1424 seorsum
1405 1383 1457 1424 eos
1483 1366 1623 1435 ducebat,
1650 1371 1678 1422 et
1706 1368 1851 1422 innocens

1021 1433 1111 1505 quasi
1124 1449 1307 1492 reuseorum
1322 1438 1450 1510 pedibus
1466 1455 1496 1493 se
1509 1437 1716 1510 prosternebat
1729 1437 1851 1492 veniam

1021 1510 1136 1576 petens,
1152 1511 1326 1563 nontamen
1341 1515 1423 1565 metii
1439 1510 1585 1576 humano,
1602 1507 1655 1563 sed
1671 1523 1774 1563 amore
1791 1506 1850 1562 lra-

1021 1581 1114 1640 tcrno,
1134 1576 1276 1632 nimirum
1291 1583 1322 1634 ut
1337 1579 1478 1650 patientia
1492 1579 1652 1648 corrigeret
1665 1593 1743 1650 quos
1768 1575 1849 1632 vide-

141 1645 312 1701 fatebantur
326 1650 470 1702 aeternum
490 1646 649 1703 silentium.
662 1651 746 1714 Nam,
771 1650 888 1721 quoties
913 1663 967 1704 ne·
983 1645 1072 1703 Bliat
1086 1646 1220 1702 divinam
1234 1648 1384 1706 incurrere
1401 1652 1553 1706 ultionem.
1571 1648 1852 1720 Compescebantur

141 1715 286 1773 cessarias
299 1716 338 1772 ad
354 1717 578 1789 exposcendum
595 1734 641 1774 res
655 1719 815 1788 instabant,
831 1721 914 1776 toties
924 1719 967 1776 di·
1019 1717 1141 1774 undeni
1152 1719 1315 1790 aliquando
1331 1721 1370 1776 ab
1380 1724 1444 1792 ejus
1460 1721 1603 1794 patientia
1619 1738 1626 1775 :
1644 1719 1696 1776 sed
1712 1736 1795 1776 more
1809 1718 1852 1800 la·

140 1803 266 1844 versam
280 1787 407 1844 invicem
429 1787 542 1844 fiebant
563 1788 602 1844 ad
629 1791 845 1862 perficiendum
869 1791 964 1860 signa,
1017 1787 1211 1860 bentisaquoe
1224 1791 1359 1862 protinus
1374 1793 1414 1848 ad
1429 1793 1551 1874 propria
1568 1791 1855 1847 1111111111111111111-ι

141 1874 217 1930 quas
230 1863 303 1931 puto
318 1859 507 1928 grammatici
521 1859 682 1928 digitorum
697 1862 704 1930 1
712 1863 751 1932 lt)
767 1866 796 1918 et
808 1863 963 1918 oculorum

140 1933 227 1984 notas
242 1945 348 1986 vocare
360 1929 526 1986 voluerunt.
543 1930 626 1986 Adeo
636 1947 745 2005 nempe
760 1933 835 1988 inter
847 1949 898 1988 eos
914 1949 964 1988 ex·

140 2005 274 2056 creverat
287 2000 362 2056 ordo
376 2000 442 2070 iste,
458 2005 578 2072 utputo
593 2002 617 2056 si
641 2003 703 2057 sine
729 2002 828 2058 officio
855 2004 965 2073 linguai

140 2075 250 2138 essent,
261 2071 298 2126 ad
313 2071 416 2126 omnia
427 2071 598 2126 necessaria
612 2072 810 2140 significanda
832 2073 966 2129 sufficere

142 2145 267 2213 possent
300 2140 387 2209 signa
400 2141 476 2222 ipsa.
492 2145 528 2196 At
537 2157 608 2197 vero
619 2143 650 2197 in
665 2144 846 2223 quotidianis
859 2144 966 2200 diebus

141 2215 170 2266 et
183 2210 304 2283 reliquis
320 2215 431 2267 octavis
446 2215 618 2268 sanctorum
629 2213 694 2270 talis
717 2213 856 2271 discretio
886 2219 965 2271 tene-

140 2282 239 2338 batur.
255 2281 370 2338 Etenim
384 2281 415 2337 in
427 2281 609 2354 quotidianis
619 2283 735 2350 diebus,
746 2285 886 2342 interdici
897 2301 966 2341 noc·

141 2353 237 2426 lisque
251 2369 366 2417 cursus,
382 2369 510 2408 cxxxrm
524 2353 673 2410 canebant
685 2356 819 2428 psalmos
835 2371 888 2413 :ex
902 2357 967 2430 qui-

140 2424 197 2478 bus
212 2441 262 2479 xiv
275 2439 331 2479 nos
347 2423 534 2497 dempsimus
558 2430 680 2505 propter
705 2427 966 2499 pusillanimorum

141 2494 271 2564 sunnon,
282 2495 412 2567 exceptis
423 2494 623 2567 peculiaribus
631 2498 816 2554 orationibus
827 2515 903 2570 quas
914 2514 966 2554 no-

142 2565 194 2620 stri
204 2565 393 2646 frequentant
401 2565 516 2636 fratres,
526 2581 595 2639 qnae
605 2566 740 2626 videlicet
751 2571 876 2626 modum
888 2569 966 2642 psal-

142 2636 206 2692 terii
230 2636 368 2692 ridentur
394 2636 546 2693 excedere.
574 2638 710 2694 Similiter
728 2640 847 2696 duabus
866 2641 965 2696 missis

140 2707 363 2780 identidemque
375 2707 495 2764 litaniis.
507 2709 562 2764 Per
577 2709 711 2778 singulas
724 2727 794 2768 vero
810 2713 899 2767 horas
914 2727 964 2767 ca-

141 2779 266 2834 nonicas
275 2778 322 2834 bis
334 2778 614 2906 flectebantqenua.
627 2781 660 2836 ln
673 2782 785 2838 notans
801 2799 878 2855 quas
891 2783 965 2838 dixi-

141 2853 512 2908 musixxvtantumcanc
534 2850 963 2924 antinterpraedictoscursus,

141 2925 169 2974 et
183 2920 276 2976 semel
290 2919 452 2976 flectebant
463 2937 572 2991 genua,
588 2927 616 2978 et
631 2922 677 2977 bis
692 2923 874 2980 reficiebant.
892 2927 966 2980 Sunt

141 3061 208 3118 fasti
241 3077 311 3118 osos
325 3061 450 3117 lectores
465 3063 629 3135 huicoperi
640 3080 700 3120 non
711 3065 848 3121 inserere.

338 3133 446 3189 Orionis
466 3135 613 3203 patientia
630 3136 768 3204 prototo.

176 3206 220 3259 33.
238 3204 328 3272 igitur
340 3203 404 3260 0d0
416 3204 489 3260 dum
499 3205 608 3261 scholae
618 3206 823 3276 magisterium
832 3222 968 3262 assume·

140 3277 194 3328 ret:
212 3289 283 3330 mox
295 3289 326 3329 se
336 3279 455 3348 tempus
464 3276 593 3348 praebuit
605 3281 820 3349 opportunum,
832 3295 893 3351 quo
901 3279 967 3349 ejus

140 3344 283 3416 patientia
297 3346 483 3417 probaretur.
501 3345 600 3403 Adfuit
611 3364 681 3414 nox,
698 3354 726 3404 et
745 3366 812 3406 ecce
841 3349 967 3422 quidam

141 3415 179 3469 de
190 3416 290 3487 pueris
299 3416 387 3484 signo
397 3433 548 3473 secessum
559 3422 674 3474 naturae
683 3420 773 3491 petiit.
786 3423 853 3476 Erat
866 3425 966 3476 autem

141 3485 189 3541 ille
203 3486 287 3542 locus
300 3485 377 3544 adeo
391 3487 566 3546 dormitorio
584 3491 773 3561 conjunctus,
790 3495 820 3546 ut
845 3491 968 3546 lucerua

141 3573 210 3628 quae
225 3557 266 3612 ibi
278 3558 451 3615 auctoritate
463 3560 593 3629 regulari
619 3560 753 3624 ardebat,
778 3562 969 3634 perlustraret

141 3644 211 3684 eum
224 3631 330 3685 totum.
346 3631 475 3700 Surgens
487 3631 587 3704 itaque
602 3636 687 3704 pater
697 3633 869 3698 (idoneum
878 3632 968 3689 susci-

142 3703 210 3754 tans
223 3716 239 3756 e
254 3700 365 3772 pueris,
378 3701 428 3758 illo
440 3705 557 3758 tantum
570 3708 726 3758 contentus
748 3705 871 3772 lumine,
898 3721 968 3760 cum

141 3785 177 3825 eo
190 3770 272 3827 abiit.
287 3771 384 3827 Altera
398 3777 498 3828 autem
514 3773 573 3840 dic,
588 3779 619 3829 ut
630 3791 695 3829 mos
705 3781 758 3832 cst.
788 3775 968 3831 convenien-

142 3844 183 3896 tes
195 3841 234 3898 ad
249 3842 414 3914 capitulum
427 3843 542 3912 fratres,
555 3845 762 3917 Martyrologio
774 3853 802 3902 et
822 3863 906 3902 versu
937 3847 969 3900 li-

141 3911 203 3968 nito
218 3917 308 3993 atque
322 3913 448 3970 lectione
463 3915 592 3984 llegulae,
609 3921 764 3987 ooeperunt
778 3917 861 3972 illum
869 3917 968 3986 gravi-

141 3984 251 4052 tertl8)
263 3999 428 4055 increpare,
444 4000 497 4038 cur
513 3985 575 4040 siue
591 4002 676 4042 cereo
706 3992 855 4044 transacta
881 3992 969 4042 nocte

140 4057 212 4124 post
224 4068 353 4123 puerum
366 4054 447 4108 isset.
463 4057 571 4110 Verum
581 4056 652 4126 qiiia
662 4061 730 4110 ante
741 4057 858 4112 veniam
869 4057 969 4112 nullus

140 4138 230 4178 suain
246 4122 338 4178 audet
351 4121 483 4194 proferre
499 4139 633 4193 causam,
644 4141 698 4180 nco
714 4142 800 4180 sunm
827 4131 895 4197 post
921 4142 969 4180 ve·

140 4193 224 4249 niam
240 4192 400 4249 defendere
416 4194 594 4250 sententiam
612 4213 618 4262 ;
644 4195 721 4250 illico
734 4197 765 4251 in
782 4202 889 4252 terram
904 4213 969 4251 cor-

140 4280 230 4320 ruens
244 4263 363 4320 veniam
374 4264 466 4337 petiit,
485 4264 631 4330 sufficere,
647 4266 796 4339 inquiens,
813 4267 868 4322 sibi
881 4283 969 4337 posse

1018 1860 1067 1915 tia.
1085 1859 1170 1914 illum
1181 1875 1313 1934 namque
1351 1879 1419 1920 uem
1432 1864 1539 1920 imitari
1559 1859 1737 1930 debuerant,
1751 1877 1767 1918 a
1781 1876 1850 1918 oon·

1020 1935 1064 1986 tra
1074 1930 1320 2012 insequebantur:
1365 1934 1483 2008 rinceps
1508 1941 1608 1992 autem
1636 1932 1728 2006 pestis
1749 1919 1847 1988 ‚bu‘us

1020 2001 1114 2057 Guido
1129 2001 1293 2058 dicebatur.
1309 2005 1422 2078 Saepius
1435 2005 1514 2061 enim
1530 2021 1599 2061 cum
1613 2003 1768 2085 instigaret
1806 2007 1851 2059 ter

1020 2071 1122 2128 alium.
1137 2077 1169 2128 ut
1182 2073 1208 2128 ei
1223 2074 1450 2132 convitiaretur:
1466 2075 1565 2132 aiebat
1583 2075 1631 2131 ille
1647 2091 1699 2147 qui
1714 2073 1851 2130 mitteba-

1022 2147 1068 2197 tur
1084 2143 1182 2222 11111111
1208 2145 1330 2216 prodest
1341 2147 1477 2271 quotidie
1488 2148 1552 2203 lime
1566 2162 1665 2218 agere,
1693 2161 1763 2201 cum
1786 2159 1849 2226 non

1020 2228 1172 2284 possimus
1187 2229 1257 2270 euin
1272 2231 1326 2270 nee
1355 2233 1456 2287 ugare,
1484 2233 1538 2273 nec
1567 2217 1606 2272 ad
1633 2215 1848 2272 contumeliam

1019 2299 1183 2408 plrovocare
1194 2284 1260 2340 1111
1273 2285 1353 2341 enirn
1367 2287 1455 2349 nosti,
1473 2287 1547 2412 quia
1562 2287 1678 2342 doctior
1692 2291 1737 2342 est
1750 2285 1848 2342 uobis.

1047 2359 1171 2410 eotenus
1182 2355 1262 2410 euim
1278 2357 1360 2428 quod
1371 2358 1410 2414 ab
1426 2375 1461 2414 eo
1497 2359 1589 2414 iscere
1610 2357 1701 2423 volui,
1731 2361 1849 2426 gratan-

1021 2431 1063 2481 ter
1075 2425 1247 2482 iusinuavit.
1263 2430 1377 2496 Vereor,
1393 2429 1530 2502 iuquam,
1542 2444 1579 2484 ne
1589 2427 1850 2500 quandoquetan·

1020 2497 1056 2553 tis
1071 2495 1370 2566 injuriisconfractus
1393 2500 1516 2572 incipiat
1543 2498 1692 2556 retrahere
1718 2501 1851 2570 postmo-

1019 2567 1092 2623 dum
1108 2567 1228 2636 invitae,
1244 2569 1327 2641 quod
1340 2585 1421 2626 nunc
1438 2589 1451 2626 s
1475 2575 1543 2626 onte
1568 2569 1701 2638 largitur.
1728 2573 1765 2624 at
1776 2568 1846 2624 ille:

1019 2641 1092 2709 Non,
1110 2644 1141 2694 111
1153 2639 1274 2709 asseris,
1287 2639 1390 2697 itaest.
1408 2587 1485 2698 laffs
1502 2643 1580 2697 enini
1598 2641 1687 2696 frater
1698 2639 1762 2696 0do
1792 2643 1847 2702 est,

1019 2715 1051 2765 ut
1065 2725 1125 2766 non
1143 2714 1258 2766 tantum
1272 2711 1327 2767 ista
1342 2717 1395 2768 aut
1409 2713 1526 2779 similia,
1553 2728 1656 2768 verum
1684 2715 1712 2766 et
1744 2711 1849 2782 peiora

1020 2780 1166 2838 sustineat
1178 2797 1188 2836 .·
1202 2787 1292 2853 atque
1307 2784 1452 2854 posthinc
1468 2781 1686 2856 quodvolueris
1698 2785 1850 2862 gratanter

1020 2850 1225 2994 tuirstatt
1248 2851 1850 2995 tittittidtlltttttllntttt

140 3005 272 3118 namque
288 2991 345 3046 alia
361 2991 595 3064 quamplurima,
611 3009 680 3074 quie
694 2994 821 3050 arbitror
844 2999 966 3066 propter
985 2993 1116 3066 cpotuit
1127 3009 1178 3046 eos
1189 3008 1378 3064 compescere
1393 2995 1524 3050 fraterna
1534 2994 1691 3064 correptio.
1705 2991 1851 3047 Defuncto

1021 3079 1152 3134 namquo
1169 3063 1313 3130 Bernone,
1329 3066 1381 3135 qui
1396 3071 1459 3120 erat
1474 3071 1543 3120 tunc
1559 3064 1653 3188 ipsius
1676 3059 1851 3117 monasterii

1019 3139 1113 3207 pater,
1130 3149 1201 3188 mox
1215 3132 1351 3206 deposito
1366 3134 1517 3205 religionis
1531 3134 1570 3189 ha
1593 3135 1635 3188 itu
1650 3131 1689 3187 nd
1705 3130 1850 3186 saccutum

1022 3204 1131 3332 rqversi
1147 3208 1225 3272 sunt,
1238 3209 1265 3260 et
1272 3205 1456 3262 teterrimum
1468 3208 1641 3261 mernerunt
1650 3199 1850 3275 postmodum

1022 3293 1041 3332 o
1064 3276 1148 3331 itum.

1091 3347 1273 3402 Mirocuium
1287 3347 1324 3402 dc
1335 3347 1427 3403 micis.
1441 3348 1606 3404 Parentum
1615 3344 1777 3402 conversio.
1842 3411 1848 3423 ι

1057 3423 1099 3475 35.
1131 3419 1208 3474 Sane
1236 3421 1265 3472 et
1292 3417 1348 3472 hoc
1363 3418 1542 3474 miraculum
1570 3433 1605 3472 eo
1626 3420 1762 3489 tempore
1776 3413 1850 3494 inibi

1021 3491 1134 3546 factum
1151 3487 1240 3544 fuisse
1254 3492 1341 3561 pater
1354 3495 1454 3545 noster
1467 3503 1589 3545 nairare
1605 3487 1690 3542 solet.
1705 3489 1772 3541 Erat
1785 3500 1852 3556 qui-

1022 3561 1093 3616 dam
1106 3559 1136 3614 in
1150 3559 1257 3614 eadem
1272 3562 1504 3629 congregatione
1520 3559 1610 3615 frater
1623 3557 1674 3614 tali
1691 3572 1765 3612 usus
1781 3569 1851 3610 con-

1024 3630 1181 3687 suetudine
1195 3649 1201 3698 ;
1224 3645 1308 3698 nam,
1323 3647 1393 3686 cum
1409 3630 1524 3686 sederet
1540 3629 1580 3685 ad
1591 3643 1739 3692 mensam,
1756 3629 1851 3682 ictam

1023 3708 1153 3758 mentem
1161 3717 1248 3756 suani
1263 3701 1388 3757 lectione
1401 3700 1641 3790 praeoccupabat.
1654 3696 1850 3780 Dienquadam
1865 3739 1873 3750 .

1023 3773 1154 3844 contigit,
1172 3777 1203 3828 111
1215 3772 1344 3827 collectis
1353 3789 1388 3827 ex
1404 3787 1486 3828 more
1495 3777 1552 3843 (19)
1564 3771 1658 3839 micis,
1671 3782 1850 3850 priusquam

1023 3861 1074 3900 eas
1090 3847 1229 3907 sumeret,
1246 3843 1342 3900 abbas
1356 3844 1497 3915 prefatus
1515 3841 1633 3899 lectioni
1645 3842 1737 3896 linem
1756 3853 1851 3910 impo-

1023 3921 1114 3970 neret.
1130 3914 1187 3971 Sed
1201 3913 1246 3969 ille
1262 3913 1336 3985 quid
1346 3919 1447 3982 ageret
1457 3929 1582 3986 prorsus
1593 3911 1761 3982 ignorabat.
1776 3913 1851 3966 Nam

1023 4002 1074 4041 eas
1089 3990 1157 4057 post
1169 3984 1281 4040 finitum
1295 3984 1451 4040 lectionem
1465 4001 1526 4040 non
1539 3983 1671 4040 audebat
1681 3979 1849 4058 comedere,

1024 4072 1079 4110 neo
1095 4055 1241 4110 dimittere
1257 4069 1294 4109 ne
1309 4070 1383 4108 casu
1397 4055 1537 4125 perirent.
1551 4054 1659 4109 Clauso
1672 4067 1744 4106 vero
1754 4048 1851 4120 pugil-

1024 4126 1053 4180 lo
1069 4124 1194 4193 dignum
1211 4138 1274 4176 esse
1285 4123 1407 4183 sensuit,
1421 4128 1453 4177 ut
1465 4139 1534 4176 cum
1543 4127 1611 4202 post
1621 4120 1851 4199 rei-sumessent

1024 4194 1162 4261 regressi,
1178 4192 1374 4248 reservandas
1400 4193 1461 4248 lore
1477 4196 1552 4264 patri
1572 4193 1754 4246 monasterii.
1784 4190 1851 4268 Fac·

1026 4271 1150 4338 tumque
1165 4269 1219 4320 est.
1236 4268 1267 4319 111
1281 4263 1321 4319 ab
1333 4263 1464 4319 oratorio
1474 4263 1612 4334 regressi,
1628 4276 1700 4316 mox
1714 4275 1745 4316 se
1770 4257 1852 4331 pedi-

140 4335 306 4390 dormiforii
320 4335 427 4392 lucem.
457 4335 514 4393 Sed
538 4340 639 4392 tamen
654 4337 693 4392 ab
708 4337 764 4393 illis
785 4354 845 4393 non
870 4339 968 4394 solum
990 4345 1010 4398 [1
1027 4337 1084 4392 bus
1100 4334 1260 4408 prostravit
1272 4334 1374 4407 patris.
1388 4335 1442 4400 Qui
1458 4351 1527 4390 cum
1543 4334 1774 4402 interrogaretur
1797 4345 1852 4386 cur

141 4411 185 4461 cst
195 4406 326 4472 auditne,
342 4423 447 4462 verum
463 4412 584 4464 econtra
599 4408 654 4463 suli
667 4408 751 4478 gravi
766 4409 855 4481 culpa
881 4410 968 4478 1111111-

141 4477 266 4533 dicatus.
282 4477 330 4532 Vir
344 4477 474 4550 denique
489 4478 680 4534 beatissimus
690 4481 741 4551 qui
757 4486 875 4552 arrepto
885 4481 968 4536 itine-

141 4564 172 4602 re
187 4551 317 4616 angnsto
333 4548 418 4621 sequi
433 4554 554 4604 veneral
564 4549 658 4616 illum,
674 4551 724 4622 qui
755 4568 822 4606 cum
852 4557 968 4623 patere-

142 4625 197 4683 tur,
210 4634 272 4673 non
283 4619 537 4690 comminabatur,
554 4637 613 4675 iien
624 4620 794 4688 indignans,
810 4629 860 4677 aut
889 4639 968 4676 inur-
985 4627 986 4630 ’

142 4703 277 4758 murans,
293 4705 348 4746 nec
367 4689 523 4746 obstantiae
551 4707 709 4762 opponens
734 4692 890 4764 querelas,
916 4692 969 4748 sed

143 4766 370 4817 momentaneos
380 4777 519 4832 quaerens
532 4761 623 4831 locos,
640 4767 715 4816 terra
728 4768 892 4834 prostratus
916 4779 968 4819 ve·

144 4829 225 4886 niam
237 4837 281 4888 est
288 4833 475 4906 deprecatus.
490 4833 697 4888 Abbasautem
710 4837 782 4889 suus
792 4834 894 4890 volens
902 4849 969 4906 pro-

144 4901 216 4957 bare
227 4902 401 4974 patientiam
413 4904 487 4973 ejus,
503 4902 589 4958 finxit
601 4920 631 4959 se
646 4902 765 4974 iratum,
790 4910 819 4961 et
848 4905 969 4977 protulit

142 4973 318 5030 senteutiam
332 4974 642 5030 excommunicatione
666 4991 844 5042 connexam,
875 4979 906 5031 ut
932 4991 967 5032 ea

141 5043 189 5097 ilie
202 5043 278 5100 ultra
290 5045 315 5100 ei
330 5043 450 5102 veniam
465 5061 526 5101 non
540 5049 659 5117 peteret.
676 5045 724 5102 ille
750 5052 851 5103 autem
882 5047 966 5102 liavi-

140 5114 242 5170 ilicum
255 5115 330 5171 illud
344 5116 374 5171 in
388 5119 507 5188 pectore
526 5116 650 5172 volvens
669 5117 720 5188 qui
735 5118 806 5174 iticit
831 5137 837 5173 :
869 5119 966 5187 111111-

140 5191 272 5242 nieiitum
283 5188 383 5257 suctos
396 5204 459 5244 suin
475 5188 559 5258 opud
575 5193 613 5252 te,
629 5192 656 5243 et
680 5203 729 5244 cro
743 5205 858 5258 semper
871 5194 966 5244 tecum

174 5275 230 5345 (161
246 5277 321 5346 Lege
335 5275 506 5332 Udalricum
521 5276 551 5332 in
564 5276 616 5332 lib.
633 5293 653 5333 11
678 5277 714 5332 de
737 5275 966 5333 consuetudini-

139 5345 207 5414 bus,
224 5361 292 5419 cap.
308 5351 342 5402 io
363 5351 392 5402 et
407 5351 450 5401 115.

176 5417 283 5544 (11141111
311 5417 358 5472 his
384 5415 476 5485 signis
495 5417 562 5473 vide
590 5417 759 5474 Udalricum
780 5419 810 5472 in
833 5417 893 5474 lib.
923 5435 965 5488 ii,

140 5503 206 5542 ca.
244 5530 251 5542 .

177 5503 233 5628 (pltl)
250 5557 447 5615 Proclamatic
457 5563 588 5624 vocatur,
603 5560 640 5615 de
651 5576 711 5632 qua
726 5560 796 5616 item
812 5560 841 5614 in
856 5559 907 5615 lib.
934 5574 965 5625 u,

140 5645 225 5686 num.
242 5635 286 5698 23,
303 5637 331 5687 et
343 5627 427 5703 apud
441 5626 610 5684 Udalricum
625 5631 655 5686 in
667 5631 719 5688 lib.
737 5649 766 5702 ii,
783 5647 848 5704 cap.
861 5638 888 5687 1.
924 5631 965 5688 Vi-

140 5703 190 5770 get
199 5701 289 5758 etiam
304 5717 385 5758 nunc
399 5699 465 5772 ejus
480 5714 553 5754 usus
569 5700 650 5771 apud
665 5701 883 5764 cistercienses.

1027 4408 1145 4464 reniam
1159 4411 1279 4478 peteret
1293 4411 1322 4462 et
1336 4405 1383 4462 ille
1397 4407 1479 4479 quod
1491 4406 1602 4462 factum
1627 4401 1723 4460 fuerat
1746 4400 1851 4484 patula

1027 4495 1118 4534 inanu
1131 4477 1217 4533 vellet
1232 4476 1397 4542 ostendere,
1412 4493 1517 4533 omnes
1537 4475 1686 4549 predicte
1711 4489 1797 4556 miooe
1819 4486 1851 4527 ni

1025 4549 1254 4618 margaritarum
1263 4548 1377 4620 species
1391 4553 1460 4604 sunt
1469 4563 1630 4604 conversae.
1644 4545 1851 4626 tilerifioantes

1023 4621 1112 4678 initur
1129 4619 1298 4680 Dominum.
1314 4612 1850 4696 mirabiliterstupefaotisuqtlteinde

1023 4695 1173 4764 praecepto
1183 4689 1473 4763 patrlsiuquodilam
1481 4692 1693 4745 ornamentum
1701 4699 1796 4757 ipsius
1804 4698 1851 4764 ec-

1024 4761 1331 4818 clesiaesuntintextfe.
1343 4759 1497 4816 tlleautem
1510 4758 1595 4820 dese,
1621 4757 1716 4836 quasi·
1728 4753 1766 4835 de
1779 4752 1849 4823 alio,

1023 4834 1087 4888 brec
1100 4832 1310 4887 soletrecitare.
1321 4829 1415 4887 Exitio
1423 4831 1486 4901 jam
1495 4835 1629 4900 tempore
1640 4823 1850 4906 coepitinfrase

1023 4903 1122 4974 ipsum
1131 4901 1562 4974 instuareproptergenitornm
1581 4914 1705 4979 suorum
1727 4900 1850 4978 ereptio-

1023 4991 1103 5038 nem,
1137 4971 1476 5044 uatenuseospossetuli
1496 4971 1587 5040 liujus
1605 4969 1703 5026 saeculi
1722 4967 1850 5024 nexibus

1023 5045 1125 5100 siilitra
1149 5061 1206 5099 ere.
1220 5042 1418 5099 Uudefaotum
1429 5047 1481 5108 est,
1490 5047 1588 5097 utnon
1611 5041 1705 5096 multo
1719 5043 1786 5112 post
1800 5053 1849 5094 ao-

1023 5110 1850 5190 neptaliceiitiaadpatremsuumabireteumqueadmo-

1022 5186 1186 5243 nasteiium
1209 5184 1340 5254 duceret,
1361 5189 1450 5256 atque
1474 5183 1657 5240 inonaclium
1680 5180 1848 5242 ordmaret;

1060 5275 1114 5344 (111)
1129 5273 1210 5328 Alius
1226 5288 1291 5327 mos
1305 5271 1342 5326 de
1355 5271 1440 5328 micis
1455 5271 1484 5326 in
1499 5271 1609 5340 Regula
1634 5263 1762 5334 Magistri
1781 5277 1847 5336 cap.

1022 5351 1067 5414 15,
1084 5359 1191 5416 nempe
1207 5341 1384 5415 iitquotidie
1399 5342 1562 5398 dernensis
1584 5333 1756 5394 inundando
1772 5334 1851 5419 leoq-

1022 5424 1058 5474 tae
1069 5418 1101 5472 in
1117 5431 1176 5470 rinc
1189 5429 1257 5470 uoce
1268 5420 1434 5476 seruentur,
1449 5413 1517 5468 dein
1543 5411 1581 5466 oti
1600 5405 1849 5489 ¹tielidoinooioras

1022 5487 1150 5544 Sublato
1166 5485 1350 5541 mundentur·
1363 5501 1375 5540 .·
1389 5491 1417 5540 et
1426 5483 1541 5553 putatia
1555 5477 1663 5533 eainde
1673 5483 1785 5538 coortu.
1796 5483 1849 5557 out

1023 5575 1088 5614 cuin
1099 5559 1185 5627 farre
1200 5563 1251 5611 urit
1267 5571 1333 5611 cuin
1349 5556 1410 5610 cois
1426 5554 1560 5608 astricta,
1591 5552 1750 5619 antequam
1777 5548 1848 5600 ritti-

1022 5646 1102 5686 mrim
1118 5643 1192 5686 suu
1204 5629 1325 5684 cotduni
1339 5627 1451 5690 titoni,
1461 5624 1493 5676 111
1503 5626 1746 5688 iiicnsupcnotur
1760 5617 1850 5672 utbo-

1025 5701 1073 5755 tis.
