4120 6154
135 133 181 190 us
420 104 424 116 '
511 105 678 186 'retroue
695 127 878 187 ιιοιιιιιιιιι
897 127 926 184 e.
946 124 1049 184 cese.
1069 128 1105 184 ru
1123 128 1249 186 sonu·
1268 130 1332 188 ιιι.
1353 129 1438 184 xxxi.
1795 125 1849 182 erc

139 255 213 314 dedit
224 243 307 326 quod
320 253 474 327 premisit,
487 253 630 326 privavit3
645 253 716 310 acsi
728 252 839 310 diceret
854 271 861 309 :
876 250 959 326 quod
974 248 1002 322 Al
1018 257 1071 308 eut
1087 252 1288 310 circumdabis
1303 252 1382 308 ectio
1395 253 1458 322 eius
1474 251 1635 310 iciendum.
1650 279 1686 296 -
1697 250 1772 324 Equi
1792 265 1847 308 no-

136 344 201 412 dixi,
213 343 358 413 priuauit,
370 341 432 398 nori
445 341 552 414 injuste
563 342 742 416 sapientiam
753 341 887 410 abstulit,
907 341 959 398 sed
1016 341 1098 398 minc
1111 345 1232 398 sanetus
1259 341 1388 414 quisque
1403 341 1582 428 predicator
1607 341 1760 416 accipitur,
1776 355 1846 414 pro-

134 435 207 507 juste
223 431 390 488 nondedit.
410 431 537 488 tindeet
552 431 720 489 Pharaonis
750 431 959 489 corilominus
1015 430 1106 502 pheta
1124 434 1282 490 attestante
1294 430 1347 504 qui
1362 429 1404 487 ait
1423 447 1430 485 ε
1448 451 1464 484 ‹
1479 431 1578 490 Misisti
1603 419 1864 504 inmareequos'

136 523 299 580 obdurasse
315 519 494 578 describitur
506 523 615 589 (Eece.
627 521 823 590 rv,2i).A1iter
838 539 845 577 :
859 521 961 580 Distri-
1014 521 1082 576 tuos
1097 519 1251 577 turbantes
1261 535 1358 594 aquas
1373 518 1484 578 multas
1497 519 1625 590 (Hebae.
1640 537 1685 591 ιιι,
1703 520 1781 594 isi.»
1793 522 1847 578 Per

135 617 209 670 ctum
223 610 337 684 quippe
352 613 396 666 cst
410 610 534 668 occultes
551 611 755 668 retributionis
778 627 917 682 examen,
932 613 960 666 et
1013 609 1164 666 hinnitum
1202 598 1376 684 praedicatio
1404 607 1592 682 exprimitur,
1618 625 1710 668 serus
1743 611 1845 668 autem

133 700 199 775 quia
213 699 312 756 sciens
326 697 524 756 humilitatem
539 700 646 773 perdit,
665 699 898 758 etiemveritatis
913 699 959 756 in·
1012 699 1143 773 quisque
1168 699 1347 774 predicator
1371 703 1441 756 ante
1466 697 1683 764 tortitudinem,
1712 703 1742 756 et
1776 703 1845 771 post

134 787 321 859 teiligentiam
336 786 474 844 nesciens
489 789 600 845 amisit.
616 789 733 846 Minore
748 793 820 846 sunt
834 787 959 846 uulnere
1011 789 1163 846 hinnitum
1175 789 1292 863 accipit,
1308 789 1361 864 qui
1380 805 1451 846 oum
1464 788 1496 846 in
1515 803 1548 846 se
1576 788 1661 861 prius
1681 789 1755 848 vitia
1780 805 1845 848 exs-

133 893 196 951 quee
222 876 255 933 in
282 876 489 949 Redemptoris
517 877 648 936 adventu
675 877 815 935 fidelihus
850 877 956 946 intulit,
1012 877 1139 946 tinxerit,
1154 882 1225 936 tunc
1239 894 1294 950 pro
1309 877 1481 934 erudiendis
1495 876 1561 936 aliis
1583 875 1624 934 ad
1637 891 1744 934 vocem
1765 892 1842 949 prns-

132 983 219 1042 quem
231 981 270 1023 ea
284 966 396 1040 quibem
413 971 549 1024 sanctam
560 967 720 1026 Ecclesiam
733 968 834 1025 adhuc
844 983 899 1041 per
908 967 959 1024 ad-
1011 967 1169 1024 dicationis
1182 967 1275 1036 venit,
1290 967 1494 1024 tortitudinem
1508 966 1609 1034 hahet,
1618 965 1691 1039 quia
1714 964 1842 1022 adverse

129 1061 249 1114 ventum
263 1056 434 1114 Antichristi
449 1057 535 1114 ierire
550 1058 713 1115 contendit.
730 1059 890 1132 Sequitur:
1011 1057 1181 1110 constanter
1209 1055 1324 1124 tolerat,
1351 1055 1502 1112 hinnitum
1537 1053 1611 1128 quia
1641 1053 1681 1110 ad
1709 1067 1842 1128 superna

162 1148 249 1204 Vens.
283 1147 325 1203 18.
352 1148 430 1204 Cum
455 1153 571 1218 tempus
595 1149 700 1219 fuerit,
729 1152 761 1204 in
777 1150 873 1205 eitum
889 1148 956 1204 aias
1010 1139 1171 1198 blandiens
1185 1149 1284 1200 vocat.
1301 1146 1384 1218 Equo
1400 1143 1482 1200 enim
1497 1159 1553 1200 suo
1567 1141 1711 1200 Dominus
1723 1145 1752 1198 et
1770 1155 1841 1198 cum

130 1237 221 1307 eriqr't.
242 1236 362 1293 Deridet
374 1237 501 1308 equitem
524 1237 582 1309 (oi)
595 1243 622 1293 et
637 1252 820 1294 ascensorem
831 1239 905 1307 ejus.
922 1267 957 1276 -
1010 1229 1135 1287 actionis
1159 1231 1331 1290 fortitudine
1357 1231 1508 1290 hinnitum
1522 1231 1616 1301 vocis,
1635 1235 1665 1290 et
1687 1247 1758 1288 cum
1772 1229 1840 1288 hin·

130 1323 202 1390 Quid
217 1324 301 1380 enim
315 1324 381 1382 eles
393 1324 486 1396 hujus
513 1325 687 1382 struthionis
702 1325 878 1398 accipimus,
900 1323 957 1382 nisi
1009 1318 1075 1375 nitu
1088 1321 1170 1376 vocis
1194 1321 1400 1379 tortitudinem
1426 1322 1575 1380 ministret
1600 1320 1735 1378 achonis.
1759 1319 1840 1378 Collo

126 1417 282 1488 perceptas
297 1413 354 1470 hoe
369 1419 471 1471 umen
491 1417 627 1487 tempore
647 1414 841 1485 cogitationes
858 1415 956 1487 hypo-
1010 1407 1092 1464 euim
1120 1409 1191 1482 equi
1216 1409 1351 1467 hinnitus
1379 1409 1625 1477 circumducitur,
1651 1408 1726 1482 quia
1747 1423 1785 1468 11⁰
1801 1407 1841 1466 td

126 1501 201 1557 critee
214 1501 303 1576 quasi
317 1501 513 1575 complicatas
528 1503 542 1558 ι
558 1503 613 1569 Qui
636 1503 859 1576 opportunitate
872 1517 955 1559 com·
1009 1510 1152 1568 perverse
1175 1512 1269 1570 opere
1292 1495 1419 1570 prodeat
1446 1497 1509 1554 suis
1525 1497 1651 1554 vocibus
1677 1496 1767 1554 etium
1780 1495 1841 1554 vite

124 1593 287 1662 periacus
316 1592 404 1666 quasi
428 1591 461 1648 in
488 1593 583 1649 altum
605 1591 751 1649 elevando
777 1591 955 1665 superbiens
973 1585 1200 1659 flprmdioentis
1226 1587 1346 1657 ligetur.
1370 1587 1443 1644 ilinc
1468 1585 1549 1644 enim
1567 1601 1623 1660 per
1646 1585 1840 1644 Salomonem

125 1677 304 1736 manifestat.
319 1679 387 1736 Alas
411 1679 442 1735 in
466 1679 562 1736 altum
577 1679 689 1750 erigere
703 1683 759 1749 est,
782 1695 835 1753 per
849 1693 954 1753 supcr—
1008 1673 1117 1732 dicitur
1132 1693 1139 1732 :
1154 1696 1169 1726 e
1183 1676 1332 1732 Coronam
1346 1675 1511 1746 gratiarum
1530 1674 1658 1748 accipies
1673 1674 1764 1746 capiti
1776 1679 1837 1744 tuo,

124 1765 205 1822 biam
219 1768 414 1837 cogitationes
426 1769 552 1841 aperire.
569 1772 652 1825 Nunc
667 1773 769 1826 eutem
783 1770 855 1842 quia
870 1785 955 1826 sanc·
1009 1767 1037 1818 el
1046 1766 1185 1837 torquem
1199 1780 1323 1822 auream
1338 1764 1415 1822 collo
1435 1768 1487 1821 tuo
1505 1765 1607 1836 (Prov-
1622 1779 1642 1830 1,
1658 1766 1696 1832 ⁹).
1713 1780 1728 1816 r
1744 1765 1839 1820 ans-

122 1857 185 1910 tum
200 1869 232 1911 sc
260 1855 391 1922 simulat,
419 1856 492 1929 quia
510 1857 538 1912 in
564 1857 724 1930 semetipso
743 1857 861 1928 stringit
885 1873 955 1931 quas
1009 1869 1099 1909 neren.
1119 1853 1283 1926 Unicuique
1306 1856 1416 1911 animas
1439 1854 1488 1910 cui
1515 1851 1743 1910 misericorditer
1761 1853 1838 1908 Deus
1896 1871 1908 1894 ·

120 1942 243 2012 cogitat,
254 1944 342 2015 quasi
355 1943 418 2000 alas
433 1944 604 2018 incorpore
618 1960 672 2017 per
684 1945 885 2002 humilitatem
900 1946 954 2018 pli-
1009 1941 1159 2013 praesidet,
1173 1946 1241 1999 ante
1256 1943 1361 2000 omnia
1371 1943 1443 2000 fidei
1450 1942 1655 2000 tortitudinem
1664 1940 1788 2016 prebet.
1796 1941 1838 1997 De

120 2037 180 2088 cat.
196 2031 372 2087 Notandum
382 2049 454 2090 vero
468 2033 552 2105 quod
566 2048 629 2089 nou
641 2033 692 2104 eit,
706 2033 821 2090 deridet
843 2050 956 2108 equum
1009 2045 1071 2103 quo
1099 2031 1203 2088 Petrus
1231 2031 1273 2088 ait
1296 2049 1335 2089 s«
1357 2033 1553 2090 Adversarius
1576 2035 1676 2090 vester
1698 2029 1838 2088 diabolus

117 2123 147 2175 et
163 2133 369 2186 ascensorem,
383 2120 435 2176 sed
450 2122 576 2193 equitem
602 2127 630 2178 et
644 2137 839 2180 ascensorem.
852 2126 955 2196 Equus
1009 2123 1155 2193 tauquam
1169 2120 1217 2177 leo
1231 2121 1353 2190 rugiens
1369 2121 1473 2178 circuit
1493 2137 1631 2195 quierem
1645 2135 1739 2194 quem
1750 2119 1838 2177 deso-

114 2207 232 2280 quippe
250 2211 294 2264 est
321 2208 558 2283 uniuscujusque
586 2210 695 2266 animm
720 2227 829 2284 corpus
854 2227 953 2287 suum,
1008 2212 1062 2278 ret,
1079 2208 1127 2264 cui
1140 2209 1269 2266 resistite
1282 2208 1373 2266 iortes
1386 2210 1417 2266 in
1430 2209 1492 2266 fide
1502 2209 1530 2282 (i
1539 2211 1621 2268 Petr.
1636 2225 1667 2280 v,
1682 2211 1750 2276 8).»
1765 2207 1837 2264 iiuic

117 2297 203 2369 quod
228 2295 367 2354 videlicet
381 2298 474 2359 novit.
488 2303 516 2354 et
538 2298 578 2356 ab
595 2298 702 2355 illicitis
723 2300 955 2370 restringerent
1008 2301 1110 2354 eutem
1122 2297 1287 2355 tortitudini
1301 2298 1436 2356 hinnitus
1449 2297 1596 2370 jungitur,
1622 2313 1693 2356 cum
1707 2295 1742 2354 fit
1753 2294 1837 2370 qnod

117 2383 150 2440 in
164 2384 256 2440 bonis
269 2385 411 2458 operibus
424 2386 568 2444 relaxare.
599 2387 711 2460 Equitis
735 2403 807 2459 ergo
830 2389 953 2446 nomine
1007 2385 1230 2458 scriptumest:
1248 2387 1373 2444 «corde
1397 2387 1529 2444 creditur
1550 2385 1764 2458 adjustitiam,
1785 2399 1836 2442 ore

120 2473 257 2530 enimam
270 2474 366 2530 saneti
380 2474 436 2530 riri
447 2475 596 2548 exprimit.
612 2476 685 2532 iiine
711 2476 792 2533 enim
807 2477 952 2551 scriptum
1006 2477 1107 2532 autem
1119 2475 1267 2534 confessio
1279 2477 1314 2534 fit
1327 2475 1367 2538 ad
1382 2475 1512 2533 salutern
1524 2477 1618 2548 (Rom.
1635 2491 1666 2544 x,
1683 2475 1737 2546 ιο).
1752 2495 1768 2526 a
1785 2475 1836 2532 Se·

116 2566 161 2618 ost
176 2579 183 2617 :
196 2561 375 2619 «Exercitus
389 2563 441 2636 qui
456 2569 525 2620 sunt
536 2563 568 2621 in
580 2563 656 2622 coelo
667 2564 871 2638 sequebantur
881 2581 951 2622 eum
1005 2564 1109 2638 quitur
1124 2581 1131 2622 ι

115 2651 145 2707 in
161 2651 248 2724 equis
263 2651 341 2708 albis
369 2652 474 2724 (Aper.
500 2669 560 2724 ιιι,
578 2655 632 2725 ii).
645 2675 661 2704 »ι
687 2659 835 2712 ascensor
849 2659 951 2712 autem
1041 2654 1181 2712 Veasmb.
1189 2656 1338 2728 Numquid
1346 2656 1505 2714 suscitabis
1512 2669 1579 2713 eum
1590 2653 1680 2729 quusi
1692 2653 1832 2714 locustas.

115 2740 223 2812 equitis
239 2741 432 2814 omnipotens
444 2745 489 2798 est
512 2741 667 2813 Dominus,
695 2743 747 2816 qui
762 2743 951 2817 uniuscujus
1004 2775 1039 2784 -
1055 2743 1214 2815 Subaudis,
1226 2748 1259 2801 ut
1270 2759 1337 2814 ego,
1349 2744 1498 2818 quiillum
1508 2743 1548 2801 ad
1559 2733 1664 2801 altiore
1674 2743 1834 2801 excitando

115 2843 173 2902 que
188 2829 246 2886 riri
261 2829 397 2886 animam
412 2830 556 2902 possidet,
572 2847 628 2888 sua
641 2832 780 2888 membra
796 2833 951 2906 possiden·
1004 2831 1138 2903 sublevo,
1147 2832 1200 2905 qui
1211 2833 1341 2904 grarimi
1351 2833 1567 2906 persecutionis
1581 2839 1657 2890 metu
1669 2833 1833 2890 excruciari

115 2921 185 2974 tem.
202 2919 328 2978 Deridet
355 2933 427 2990 ergo
453 2920 611 2993 hypocrite
625 2922 762 2992 equitem,
779 2921 852 3005 quia
872 2921 949 2980 elec-
968 2920 1153 3006 opermitto.
1170 2923 1364 2978 locustarum
1377 2922 1502 2980 nomine
1525 2921 1690 2994 diquando
1715 2921 1833 2980 iudaeo-

113 3011 213 3066 torum
237 3009 367 3082 despicit
390 3009 590 3067 sancitatem.
616 3009 734 3068 Deridet
758 3026 949 3070 ascensorem
1003 3025 1071 3065 rum
1086 3009 1218 3084 populus
1233 3009 1378 3080 signetur,
1402 3009 1523 3068 utillud
1541 3009 1579 3066 de
1593 3012 1707 3066 toanne
1728 3011 1832 3065 :sto-

115 3099 234 3172 equitis,
248 3099 327 3155 dum
340 3098 456 3172 prosilit
468 3115 565 3173 usque
578 3099 617 3156 ed
629 3099 773 3172 injuriam
784 3101 947 3158 creatoris:
1003 3101 1106 3156 costas
1119 3101 1148 3154 et
1162 3097 1222 3154 mel
1248 3098 1382 3156 silvestre
1405 3097 1518 3156 edebat
1540 3099 1646 3170 (Mers.
1661 3111 1681 3164 ι,
1695 3099 1735 3164 b),
1751 3117 1767 3148 »
1779 3095 1832 3153 eli·

114 3187 215 3244 Aliter.
233 3193 267 3245 in
285 3187 380 3245 altum
399 3188 525 3246 struthio
540 3189 604 3246 alas
628 3189 723 3262 erigit,
752 3190 876 3263 quando
892 3207 948 3248 suo
1003 3185 1129 3259 quando
1156 3201 1303 3244 converse
1331 3186 1487 3258 gentilitas,
1515 3185 1659 3244 utillud:
1676 3205 1690 3234 e
1708 3183 1835 3243 Florebit

112 3277 268 3334 Conditori
285 3278 447 3351 synagoga
457 3293 519 3335 non
534 3282 567 3336 ut
576 3283 665 3336 antea
676 3277 879 3352 torruidando,
894 3279 947 3337 scd
1003 3275 1175 3347 amigdalus
1185 3275 1310 3348 (Eccles.
1324 3291 1375 3346 ιιι,
1388 3280 1426 3346 5),
1441 3298 1455 3327 υ
1471 3275 1502 3332 id
1516 3279 1561 3333 est
1574 3273 1704 3332 Ecclesia
1731 3274 1833 3348 primi-

111 3371 226 3438 eperta,
240 3367 309 3438 jam
333 3366 532 3439 repugnando
560 3367 746 3424 contradicit.
763 3371 796 3424 in
810 3368 947 3426 membra
1003 3363 1064 3421 tire
1101 3365 1175 3422 tiore
1211 3365 1365 3422 virtutum.
1399 3387 1414 3416 e
1443 3364 1683 3440 impinguabitur
1716 3362 1833 3421 locusta

110 3454 224 3530 suippe
243 3455 359 3512 diaboli
385 3456 544 3520 transiens,
560 3461 589 3513 et
615 3456 765 3514 mendacii
788 3457 946 3514 homiuem
1002 3455 1114 3526 (iisd),
1130 3477 1144 3505 c
1160 3455 1250 3512 idest
1265 3455 1345 3512 sicca
1366 3455 1513 3527 gentilitas
1537 3453 1720 3530 pinguedine
1734 3457 1829 3519 terrae,
1918 3473 1923 3488 ·

114 3545 209 3602 iteum
226 3543 365 3613 credens,
381 3551 487 3602 contra
500 3545 604 3604 fideles
616 3551 733 3604 tantum
746 3546 777 3603 in
790 3546 883 3604 altum
898 3563 947 3604 ex·
1002 3565 1016 3595 «
1032 3549 1061 3601 et
1075 3543 1270 3619 dissipabitur
1293 3546 1432 3619 capparis
1448 3546 1557 3619 (ibid),
1575 3567 1591 3598 e
1604 3545 1636 3603 id
1659 3549 1705 3604 est
1717 3544 1830 3603 iudaea.

109 3633 238 3706 tollitur,
255 3637 406 3707 quantum
420 3639 449 3691 et
463 3635 512 3691 Dei
528 3651 638 3709 corpus
663 3651 694 3692 se
709 3651 775 3693 esse
793 3635 945 3710 gloriatur,
1000 3633 1171 3706 Aliquando
1185 3632 1376 3690 adulantium
1390 3633 1503 3706 lingue.
1522 3638 1555 3693 Ut
1570 3635 1644 3692 iliud
1661 3649 1668 3691 s
1685 3657 1700 3688 s
1715 3635 1830 3692 Venhts

107 3737 176 3794 quse
189 3723 267 3796 quia
279 3738 342 3779 non
357 3722 456 3778 solum
469 3723 669 3781 humilitatem
684 3724 812 3796 Domini,
830 3725 887 3782 sed
900 3725 945 3798 ip·
999 3736 1090 3778 urens
1118 3721 1230 3778 levarit
1246 3721 1388 3794 locustas,
1416 3739 1485 3797 quse
1511 3725 1713 3782 ascenderunt
1738 3738 1830 3798 super

107 3827 174 3868 sam
190 3811 286 3869 etiam
299 3811 497 3877 divinitatem,
516 3829 579 3868 non
595 3817 711 3870 tantum
726 3814 869 3886 equitem,
893 3814 946 3870 sed
999 3810 1172 3867 universam
1186 3813 1296 3867 terram
1310 3812 1428 3884 :Egypti
1437 3812 1543 3880 (Eece.
1560 3827 1591 3880 x,
1609 3811 1651 3882 13,
1670 3811 1723 3886 li).
1741 3833 1757 3864 »
1771 3812 1829 3868 Ali-

105 3915 305 3974 nseensorem
330 3900 421 3956 etiam
447 3900 556 3972 equitis
584 3901 695 3958 irridet.
721 3905 795 3959 Nam
818 3901 946 3959 verbum
999 3901 1125 3971 quando
1137 3913 1209 3954 vcro
1218 3913 1272 3970 per
1291 3899 1559 3972 comparationem,
1581 3901 1758 3957 resurrectio
1769 3901 1828 3956 ilo·

104 3990 169 4060 liei,
196 3993 273 4044 tunc
297 3989 428 4060 equitem
455 3988 602 4056 ascendit,
627 3989 750 4062 quando
778 3991 947 4047 humanam
999 3987 1121 4056 minica,
1134 3987 1182 4044 vei
1195 3987 1428 4060 predicatorum
1443 3989 1502 4044 rita
1515 3989 1662 4059 signatur,
1678 3991 1712 4044 ut
1729 3987 1826 4044 illud:

101 4078 247 4136 animam
264 4076 394 4150 propriae
421 4076 504 4133 carni
519 4077 740 4149 presidentem,
769 4078 873 4135 divino
888 4079 947 4136 cul-
1003 4095 1013 4130 s
1029 4079 1179 4132 Excessus
1204 4091 1273 4132 sum
1302 4076 1378 4132 sicut
1405 4076 1520 4133 locusta
1539 4077 1635 4149 (Pset.
1652 4091 1729 4146 evus,
1742 4076 1799 4148 m).
1812 4097 1827 4128 a

101 4166 145 4222 tui
181 4164 386 4236 semetipsum
415 4164 547 4224 creando
580 4164 786 4237 subjugavit3
823 4181 946 4223 carnem
999 4167 1086 4222 Recte
1099 4163 1282 4239 utiqueipsa
1297 4165 1530 4239 praedicatorum
1544 4165 1685 4242 perfectio
1705 4164 1852 4222 locustis·

102 4255 223 4330 quippe
239 4253 381 4311 divinitas
394 4253 497 4311 anima
510 4253 672 4323 mediante,
686 4255 827 4328 suscepit,
841 4259 870 4312 et
892 4271 946 4328 per
958 4301 982 4357 D
999 4255 1185 4328 exprimitur.
1197 4258 1273 4314 itere
1283 4256 1364 4313 enim
1374 4256 1561 4315 locustarum
1573 4257 1690 4332 quoties
1698 4273 1729 4314 se
1744 4255 1828 4314 attol-

102 4343 277 4401 hoctotum
291 4341 380 4399 simui
396 4342 527 4416 equitem
542 4343 646 4412 mnmt,
661 4343 735 4417 quia
761 4344 792 4400 in
807 4343 946 4417 semetip
997 4343 1058 4400 iere
1073 4349 1208 4413 conatur,
1224 4361 1313 4402 crure
1345 4347 1449 4418 tiguut,
1466 4351 1494 4404 ct
1521 4348 1584 4406 aias
1602 4347 1729 4419 erigunt,
1753 4345 1827 4420 quia

103 4448 174 4490 snm
185 4447 253 4489 non
265 4429 364 4488 solum
378 4431 429 4488 illa
443 4430 613 4501 regebatur,
626 4432 678 4488 sed
688 4433 767 4490 hanc
777 4433 867 4490 etiam
877 4449 944 4506 quae
997 4437 1076 4490 recte
1089 4433 1208 4504 agendo
1221 4449 1255 4490 se
1270 4433 1433 4504 stabiliunt,
1446 4440 1475 4493 et
1497 4437 1612 4495 adalta
1628 4435 1759 4494 ridendo
1773 4451 1825 4492 su·

102 4521 231 4592 regebat
245 4519 393 4576 astrinxit.
409 4519 513 4576 iudea
527 4519 616 4590 igitur
636 4535 692 4594 per
715 4521 881 4578 adventum
896 4538 945 4578 su·
996 4521 1165 4591 hlevantur,
1178 4519 1361 4598 rursumque
1373 4525 1503 4598 pedihus
1518 4541 1549 4583 so
1559 4526 1621 4583 suis
1632 4520 1701 4600 post
1714 4525 1825 4582 saltum

102 4608 274 4682 perbientis
297 4608 470 4665 Antichristi
495 4607 606 4682 laqueo
634 4609 816 4666 seductionis
844 4613 943 4683 cepta,
997 4611 1158 4686 excipiunt,
1169 4611 1244 4670 dum
1255 4617 1325 4686 post
1341 4613 1626 4686 contemplationem
1638 4611 1824 4686 sublimium,

101 4699 175 4771 quin
194 4697 432 4769 Redemptorem
451 4703 590 4754 nostrum
617 4697 762 4756 humilem
785 4699 877 4756 luisse
900 4700 944 4756 in-
997 4701 1037 4758 ad
1057 4701 1187 4758 achsam
1209 4702 1304 4758 vitam
1325 4705 1524 4759 revertuntur.
1537 4703 1591 4759 Vel
1605 4703 1683 4760 sicut
1702 4701 1824 4760 locuste

102 4791 146 4844 ter
161 4787 310 4845 homines
324 4786 460 4860 despicit,
489 4787 604 4844 deridet
618 4788 761 4862 eqiritem,
787 4789 860 4863 qnia
878 4789 944 4862 ejus
997 4790 1152 4848 mahrtinis
1161 4789 1243 4846 horis
1257 4790 1309 4846 vix
1324 4805 1342 4848 a
1357 4793 1437 4846 terra
1448 4805 1479 4846 ee
1489 4789 1656 4857 sublevant,
1672 4807 1742 4850 cum
1754 4807 1824 4850 vero

101 4875 132 4932 in
146 4875 300 4934 omnibus
325 4874 511 4931 divinitatem
535 4875 722 4945 contradicit,
736 4876 851 4934 deridet
865 4877 943 4934 nibi-
997 4878 1822 4954 nstusexarserit,tantoaltiusquantoelncriusrolnnt.
1884 4889 1896 4908 '

100 4963 239 5023 lominus
268 4967 300 5021 et
328 4978 529 5020 ascensorem.
569 4965 625 5020 sed
652 4964 834 5038 Redemptor
861 4979 943 5022 unus
997 4967 1823 5048 itenimirumsanctusquisquepraedicatoncumquie·

100 5053 248 5129 idemque
263 5057 295 5110 et
309 5067 411 5126 eques,
427 5057 456 5108 et
479 5051 588 5126 equitis
603 5067 756 5123 ascensor,
783 5057 897 5112 etcum
911 5053 943 5112 in
996 5055 1112 5113 taddei
1136 5059 1274 5130 tempora
1288 5057 1443 5130 conspicit,
1467 5057 1589 5116 humilis
1613 5075 1649 5117 ac
1663 5059 1822 5134 despeems

100 5143 259 5201 mundum
274 5141 368 5214 venit,
379 5141 470 5199 fortes
485 5145 590 5199 contra
601 5142 753 5199 mundum
765 5143 943 5216 praedicato-
996 5143 1151 5219 accipitur,
1165 5145 1190 5202 si
1202 5149 1303 5203 autem
1317 5147 1534 5220 persecutionis
1549 5147 1640 5206 ardor
1650 5146 1821 5210 incandeat,

99 5246 148 5290 res
174 5231 328 5300 exhibuit,
348 5235 377 5288 et
402 5247 473 5287 oum
492 5230 524 5287 in
539 5230 648 5292 meandi
676 5231 839 5288 erminum
863 5231 943 5290 Anti
996 5235 1086 5292 eorde
1121 5234 1290 5292 celestibus
1328 5235 1489 5308 inherens,
1520 5253 1593 5294 mox
1626 5237 1748 5307 quante
1786 5231 1823 5286 sit

100 5321 204 5380 christi
213 5319 366 5379 fiduciam
379 5319 495 5392 tolerat,
509 5319 649 5378 virtutem
666 5321 731 5395 ipse
754 5320 941 5379 certantibus
996 5324 1188 5382 sublimitatis
1215 5325 1353 5384 ostendit.
1382 5329 1556 5384 ιιοιιιιιτιιι.
1598 5318 1820 5394 Unusquisque,

100 5411 335 5470 subministret·
995 5413 1048 5488 qui
1061 5414 1156 5472 Deum
1169 5413 1305 5488 sequitur
1318 5415 1350 5473 in
1363 5414 1431 5488 ipso
1442 5427 1497 5468 suo
1509 5408 1644 5478 exordio,
1659 5413 1693 5467 ut
1706 5409 1822 5468 locusta

135 5505 225 5560 Vns.
242 5504 291 5558 is.
306 5497 454 5571 Numquid
465 5499 610 5570 prebebis
629 5515 703 5574 equo
716 5501 939 5572 fortitudinem.
995 5499 1219 5579 suscitatur,qtd
1228 5505 1283 5562 etsi
1296 5505 1326 5561 in
1337 5503 1449 5578 quihus
1460 5495 1820 5559 actionibuslocustarum
1876 5579 1888 5594 .

134 5591 194 5664 (et)
208 5589 314 5660 vulg..
327 5601 450 5661 equum·
