4160 6162
227 129 277 182 lbi
762 120 790 174 S.
812 116 941 174 eburis
961 115 1105 172 lenens
1126 109 1375 172 elunttcutsls
1395 116 1417 170 tl
1889 115 1949 174 let

225 239 1056 317 6666631αά11-8166116666666616661661616661616
1074 236 1098 292 Α
1116 235 1212 306 rapiat
1236 239 1267 292 ut
1281 235 1328 292 leo
1341 251 1474 292 ammam
1488 251 1587 294 meam
1603 234 1697 305 (Paul.
1712 251 1761 302 vu,
1773 239 1811 292 il.
1828 257 1843 285 e
1855 239 1895 297 Ao
1917 235 1949 292 si

226 335 394 390 subsidium
418 329 561 402 corporis,
575 329 615 385 itu
630 333 658 384 el
673 329 766 388 tumes
783 333 827 382 est
849 328 956 384 mentis
971 326 1056 382 silan·
1112 339 1186 393 erge
1198 324 1326 382 diceret:
1348 325 1423 390 t'tuie
1445 324 1618 386 blandiente
1641 325 1725 384 hoste
1753 323 1847 386 modo
1859 341 1949 390 nune

227 423 299 480 tium
314 422 421 476 divinae
436 417 604 474 locutionis.
627 417 708 473 Unde
723 421 801 472 reete
815 431 868 487 per
879 416 1057 489 prophetam
1112 413 1247 476 vinceris.
1260 413 1340 469 hune
1353 414 1546 486 postmodnm
1558 412 1728 474 saevientem
1738 429 1800 473 nou
1812 413 1945 476 timebis.

224 512 348 566 dicitur:
366 531 380 559 ιι
398 508 527 564 [mittam
549 507 661 562 famem
683 506 714 560 in
734 511 842 562 terram
857 505 976 572 (Eteri.
1001 521 1055 567 nr,
1112 501 1271 573 Sequitur:

226 599 283 667 13);
300 612 389 652 »non
404 597 516 651 ‘bmem
540 594 639 667 pinis,
655 609 753 664 neque
769 592 860 648 -sitim
880 608 978 664 aquae,
1003 590 1056 646 sed
1146 589 1233 646 Vena.
1250 594 1293 646 23.
1309 591 1369 646 Sed
1383 606 1449 648 cum
1472 589 1622 659 lapidibus
1645 591 1798 660 regionum
1818 596 1950 662 pactum

222 688 333 744 famem
347 684 490 741 audiendi
503 683 630 738 verbnm
645 683 704 737 lloi.
719 681 833 737 Bellum
857 679 970 752 quippe
982 678 1055 751 pati·
1110 686 1204 736 tuum.
1222 711 1255 718 -
1271 680 1347 745 Quid
1362 695 1432 748 ergo
1448 679 1605 748 regionum
1626 679 1752 751 lapides²
1769 678 1827 739 nisi
1842 679 1944 738 Eccle-

223 792 302 843 mur,
319 791 389 830 cum
404 773 503 830 curnis
530 777 640 827 nostrie
670 770 880 826 tentationibus
898 769 1056 840 impugna·
1110 768 1222 826 siarum
1238 768 1345 824 electos
1361 767 1550 840 accipimus?
1566 768 1679 834 Quibus
1694 766 1840 826 dicimur:
1855 768 1947 830 «Vas

221 881 300 920 misr.
325 865 440 934 Deque
465 860 622 916 Psalmista
645 859 700 914 ait:
725 883 738 910 a
754 857 946 914 Obumbrasti
965 859 1056 928 caput
1109 859 1210 914 autem
1243 861 1386 927 tunquam
1417 855 1534 927 lapides
1566 854 1624 911 vivi
1658 855 1946 928 superadderem

222 969 326 1008 meum
341 951 371 1006 in
386 951 434 1005 die
451 948 519 1004 nelli
540 949 634 1016 (Prot.
651 963 758 1012 cirin,
777 948 813 1016 8).
837 969 850 994 l
873 945 947 1010 Quia
966 944 1056 1014 igitur
1109 945 1137 1007 11
1158 946 1238 1002 Patr.
1260 961 1290 1006 ιι,
1305 950 1342 1014 5).
1360 967 1372 992 l
1399 950 1437 1004 tle
1465 944 1576 1016 quibus
1598 943 1733 1008 eoeleste
1761 943 1940 1017 pollicetur:

221 1039 343 1114 reprobi
370 1039 444 1094 dum
473 1037 553 1093 lame
578 1035 661 1092 verbi
688 1034 839 1100 deliciunt,
869 1033 959 1090 etiam
987 1031 1056 1090 belli
1110 1056 1124 1082 α
1153 1037 1225 1092 ltcce
1248 1049 1304 1102 63ο
1330 1039 1462 1090 sternam
1485 1049 1539 1106 per
1567 1032 1704 1098 ordinem
1732 1033 1849 1106 lapides
1873 1039 1945 1098 tuos

223 1125 325 1199 gladio
340 1126 564 1196 transfiguntur,
580 1124 742 1180 electorum
766 1138 888 1180 suorum
911 1120 1054 1176 Dominus
1110 1124 1178 1190 (tarr.
1203 1141 1258 1192 ιιι,
1277 1124 1360 1192 11).»
1386 1123 1441 1189 Qui
1468 1123 1555 1193 igitur
1580 1127 1659 1182 recte
1686 1123 1767 1190 vluit,
1790 1128 1882 1196 pacto
1907 1141 1942 1183 se

222 1216 433 1284 mentes,dum
452 1215 534 1270 verbi
549 1216 593 1268 sui
609 1212 722 1285 pabulo
747 1211 852 1274 relicit,
868 1214 971 1265 eorilrn
994 1214 1054 1266 ten-
1109 1213 1260 1284 lapidibus
1285 1213 1442 1282 regionum
1466 1213 1568 1280 sociat,
1595 1213 1689 1272 vitam
1714 1229 1803 1276 suam
1835 1215 1942 1286 procul

222 1304 347 1360 tationes
359 1303 495 1375 corporis
511 1303 599 1357 lortes
610 1301 717 1356 reddit.
734 1299 891 1371 Sequitur:
1108 1301 1200 1358 dubio
1225 1301 1264 1361 ed
1288 1309 1460 1362 sanctorum
1483 1301 1718 1375 praecedentium
1740 1302 1939 1368 imitationem

259 1392 347 1448 Vens.
365 1392 409 1446 rt.
422 1392 447 1446 Α
461 1391 584 1461 [lupello
601 1391 712 1459 linqua
731 1388 930 1446 absconderis.
945 1386 1052 1443 -116-
1106 1391 1186 1459 ligat.
1214 1390 1373 1463 chmtm:
1401 1392 1438 1446 Et
1454 1392 1552 1450 lectra
1581 1397 1672 1452 terrer-
1690 1393 1826 1462 metticae
1850 1399 1939 1451 errent

221 1479 332 1549 gellum
344 1479 455 1548 lingue
466 1485 509 1534 est
519 1477 712 1549 exprobratio
728 1475 832 1532 illicitae
853 1474 1049 1532 contumelias.
1106 1479 1168 1536 tibi.
1186 1511 1218 1516 —
1234 1482 1297 1534 >ton
1322 1480 1362 1538 ait
1384 1483 1508 1550 pecata,
1527 1479 1582 1538 sed
1608 1480 1752 1552 pacitiere,
1781 1481 1853 1552 quia
1877 1497 1941 1539 neu

222 1569 348 1640 Flagello
367 1569 477 1636 lingttffi
492 1568 588 1622 bonos
614 1567 724 1621 lerinnt
738 1563 918 1636 previ,quia
946 1579 1049 1618 tlot'llm
1070 1583 1211 1640 Bmffl
1238 1567 1337 1635 habet,
1361 1569 1413 1628 sed
1449 1584 1556 1641 pacem
1589 1569 1710 1634 fuciunt,
1736 1573 1830 1632 'feppae
1866 1585 1941 1640 ergo

220 1675 312 1730 opera
327 1656 479 1713 irridendo
494 1658 724 1727 persequuntur.
743 1653 815 1712 ltine
827 1654 969 1724 scriptum
983 1657 1026 1706 est
1042 1669 1049 1706 :
1106 1657 1207 1714 trestiae
1219 1657 1318 1715 electis
1333 1658 1467 1730 pacificae
1481 1657 1566 1728 liunt,
1582 1659 1655 1732 quia
1673 1659 1796 1729 maligni
1817 1659 1940 1732 spiritua

221 1769 235 1796 «
251 1750 317 1820 lpse
329 1746 465 1801 liberavit
479 1761 527 1802 me
543 1744 580 1799 de
594 1744 703 1816 laqueo
727 1741 911 1810 venantium,
924 1740 1052 1798 ».etrelt·
1104 1762 1174 1802 enm
1193 1746 1344 1804 bonrum
1358 1747 1450 1804 corda
1464 1747 1659 1810 adversaria
1678 1747 1939 1821 deprimunthaeo

220 1853 281 1908 qua
306 1836 400 1906 (Prot.
422 1851 464 1900 xc,
485 1838 524 1897 3).
546 1836 654 1888 Sancte
674 1847 747 1902 ergo
769 1831 908 1886 nunnae
933 1829 1052 1898 11636116
1105 1834 1238 1894 notemes
1253 1834 1293 1892 ad
1307 1851 1442 1894 amorem
1459 1836 1576 1894 Domini
1591 1835 1769 1909 impeturn
1786 1841 1815 1896 et
1828 1835 1942 1902 afflicta

221 1924 330 1994 linguar
347 1923 553 1980 absconditum
568 1921 648 1993 quia,
663 1920 780 1976 dumin
795 1917 981 1974 boemundo
996 1923 1050 1986 est,
1107 1938 1192 1982 urens
1208 1927 1289 1978 tante
1305 1923 1401 1993 magis
1425 1923 1624 1988 adeleidam
1651 1924 1782 1998 patriam
1806 1924 1935 1988 reditum

221 2014 366 2070 honorem
405 2011 502 2067 laudis
533 2026 596 2068 non
624 2009 740 2082 querit,
771 2024 826 2066 nee
855 2006 1053 2064 contumelias
1104 2011 1213 2081 dirigit,
1228 2012 1423 2084 quantumin
1451 2013 1508 2073 hoc
1524 2029 1698 2077 menstruoso
1721 2012 1823 2076 exsilio
1848 2012 1934 2073 labo·

221 2102 411 2158 detractionis
425 2101 520 2156 sentit.
538 2099 693 2170 Sequitur:
711 2099 749 2152 ln
762 2113 824 2154 nou
842 2097 961 2153 timebis
970 2097 1050 2154 cute
1103 2099 1167 2160 sius
1180 2101 1258 2160 vivit.
1269 2145 1271 2150 ,
1283 2102 1411 2158 Possunt
1425 2101 1517 2164 etiam
1531 2117 1585 2174 per
1609 2105 1696 2161 terrm
1711 2101 1823 2162 bestias
1836 2106 1940 2168 matris

220 2195 351 2248 mitatem
375 2207 442 2246 rum
458 2191 579 2246 eeneii.
595 2219 629 2226 -
652 2186 766 2242 Habent
788 2186 868 2242 enim
884 2185 979 2242 saucii
996 2184 1050 2242 riri
1103 2191 1199 2248 uernis
1214 2189 1344 2259 intelligi,
1358 2190 1409 2262 qui
1423 2190 1498 2248 dum
1511 2195 1642 2248 mentem
1666 2197 1800 2250 nostrum
1823 2191 1936 2251 irratio·

219 2285 322 2338 contra
338 2279 447 2335 famem
463 2277 553 2332 divini
575 2275 655 2331 verbi
671 2274 834 2348 pabulum:
853 2277 958 2332 contra
981 2273 1050 2331 belli
1105 2277 1218 2340 nobilia
1234 2279 1391 2338 suadendo
1407 2279 1568 2348 lacessunt,
1581 2283 1686 2338 contra
1701 2296 1758 2338 nos
1775 2279 1936 2340 bestialiter

219 2369 352 2441 gladium
380 2367 587 2430 continentiae3
618 2370 722 2420 contro
744 2363 898 2432 flagellum
926 2362 1047 2431 liuguae,
1102 2366 1269 2435 raserunt.
1288 2367 1345 2428 Sed
1370 2383 1424 2424 cor
1449 2369 1506 2430 sub
1530 2368 1633 2436 divina
1656 2368 1721 2440 1636
1747 2369 1933 2444 deprimitur,

220 2458 433 2532 protectionem
454 2454 622 2528 patientiae3
643 2457 748 2508 contre
762 2450 913 2507 exterioris
929 2449 1048 2506 calami-
1102 2455 1194 2516 etiam
1208 2472 1276 2514 eum
1289 2455 1387 2516 earnis
1407 2457 1557 2516 incentiva
1580 2457 1935 2526 coronamentorum

220 2547 286 2604 tatis
309 2545 466 2603 damnum.
488 2541 594 2596 interni
618 2540 731 2596 amoris
755 2539 955 2608 adjutorium
985 2553 1047 2609 quo
1104 2539 1281 2604 tentantium
1295 2540 1636 2614 rugiunt,nequaquam
1661 2546 1872 2616 lamentisque
1895 2541 1936 2598 ad

219 2634 299 2690 enim
323 2647 377 2688 eos
398 2631 491 2686 hostis
520 2628 645 2686 callidus
671 2628 861 2684 numerosius
886 2632 987 2694 uetat,
1013 2642 1048 2682 eo
1102 2629 1241 2690 ett'ectum
1253 2643 1381 2698 operum
1395 2627 1486 2700 quasi
1499 2628 1540 2688 ad
1554 2630 1650 2702 aperti
1674 2646 1793 2688 morsus
1818 2631 1933 2692 rabiem

218 2720 426 2792 circumspecti
440 2719 488 2776 Dei
506 2717 612 2774 milites
628 2717 785 2772 vitutibus
802 2715 911 2771 divinis
927 2715 1051 2772 ditiores
1103 2723 1260 2785 exurgunt.
1276 2716 1408 2780 raaldus
1422 2716 1523 2790 itaque
1535 2724 1615 2788 sunt,
1626 2719 1808 2793 quiemotus
1824 2720 1937 2787 carnis,

219 2811 305 2866 fiunt.
332 2811 428 2864 Potest
461 2807 551 2862 etiam
580 2805 734 2875 [legebam
765 2804 874 2876 lingum
902 2805 1048 2862 renuntia
1103 2807 1156 2868 etsi
1181 2821 1234 2878 pce
1259 2805 1407 2865 desideria
1428 2806 1584 2880 palpitant,
1609 2813 1713 2882 aperta
1747 2812 1847 2867 tamen
1878 2826 1934 2866 nos

218 2898 330 2954 ultimae
357 2895 626 2952 animadversionis
651 2893 782 2962 intelligi,
797 2892 870 2965 quia
897 2892 1048 2950 districtus
1068 2893 1335 2991 Gcontradictione
1355 2909 1417 2952 non
1441 2894 1630 2967 impugnant.
1654 2897 1704 2954 1161
1726 2901 1804 2956 certe
1826 2913 1933 2972 pacem

214 2986 308 3058 judex
339 2985 475 3057 reprobis
507 2983 602 3050 dicet;
629 3001 644 3036 «
674 2981 819 3036 Discedita
850 2997 870 3038 a
899 2996 957 3051 me,
980 3001 995 3029 l
1020 2985 1050 3040 et
1102 2982 1478 3041 nobiscumterreebestim
1494 2983 1617 3056 iaciunt,
1634 2985 1705 3058 qiua
1720 2987 1933 3049 motuscarnis

215 3073 331 3146 reliqua
360 3072 478 3139 (Metili.
502 3087 569 3140 xxv,
593 3070 648 3130 tlt.
667 3069 724 3126 Sed
745 3069 844 3140 justus
871 3068 1000 3142 quisquc
1016 3069 1046 3124 in
1102 3072 1175 3126 dum
1191 3071 1401 3127 nostentendo
1431 3071 1595 3138 lacessunt,
1615 3071 1802 3138 ademeram
1827 3071 1938 3148 qruetis

216 3166 299 3219 tanta
323 3160 506 3218 districtione
528 3157 690 3227 sententie,
712 3157 827 3218 blande
848 3163 919 3214 tune
937 3157 1048 3229 judicis
1101 3159 1212 3218 intirnre
1227 3158 1394 3232 impellunt.
1410 3159 1563 3232 Sequitur:

215 3267 289 3312 voce
318 3250 475 3316 relevetur,
505 3265 574 3304 oum
603 3247 725 3303 dicitur:
750 3269 764 3296 a
793 3246 917 3315 Esuriri,
947 3251 975 3304 et
996 3247 1045 3306 de·
1138 3248 1226 3304 Vens.
1242 3247 1286 3304 2l.
1303 3249 1343 3306 Et
1365 3248 1438 3306 scies
1453 3247 1533 3320 qued
1542 3264 1647 3318 pacem
1665 3249 1772 3312 babeat
1792 3248 1931 3309 ratenu-

214 3338 298 3395 distis
311 3337 384 3392 milri
399 3336 594 3398 manducare,
611 3353 626 3387 »
643 3339 671 3390 et
695 3334 809 3406 reliqua
833 3334 954 3403 (Morte.
975 3351 1044 3404 axv,
1100 3338 1201 3394 cutum
1217 3341 1353 3392 16661.-
1369 3341 1400 3392 1ιι
1415 3336 1565 3409 Scriptura
1579 3353 1665 3396 sacra
1677 3337 1760 3397 aliter
1770 3353 1831 3412 part
1842 3337 1937 3410 plene¹

215 3429 253 3499 3).
273 3429 323 3483 lit:
341 3449 354 3476 κ
374 3425 481 3494 Venite,
499 3423 657 3493 benedicti,
669 3445 684 3474 ιι
700 3427 754 3480 616.
769 3424 887 3512 (diutile.
903 3439 972 3492 xxv,
988 3423 1043 3494 el).
1100 3426 1217 3493 dicitur,
1232 3429 1322 3498 atquc
1337 3424 1421 3482 aliter
1432 3425 1582 3486 inchoata.
1608 3430 1650 3488 116
1662 3427 1714 3486 illa
1726 3427 1839 3500 quiippe
1857 3426 1930 3487 dici-

216 3517 374 3589 Sequitur:
1100 3517 1166 3573 tur:
1197 3537 1210 3566 c
1229 3518 1311 3572 Nunc
1337 3512 1461 3570 dimittis
1489 3531 1611 3572 servum
1633 3521 1728 3584 tuum,
1744 3515 1879 3586 domine,
1899 3516 1934 3582 in

249 3605 325 3661 Vens
352 3604 398 3660 22.
415 3606 451 3660 In
466 3604 606 3661 castilate
620 3608 647 3659 cl
670 3603 752 3670 some
773 3601 892 3658 ridelis.
910 3633 942 3642 -
958 3600 1044 3658 Tune
1099 3619 1173 3676 pace
1187 3603 1270 3673 (Luc.
1294 3619 1325 3671 ιι,
1339 3602 1413 3675 29).»
1431 3605 1470 3660 116
1494 3603 1552 3660 iste
1566 3619 1634 3662 rem
1651 3623 1657 3661 :
1676 3627 1689 3655 «
1705 3605 1814 3662 Pacem
1830 3621 1932 3662 meam

114 3681 119 3692 ’
213 3693 326 3768 qnippe
340 3692 485 3766 reprobos
499 3691 595 3748 lamas
619 3689 784 3754 interficiet,
800 3689 873 3762 quia
887 3705 976 3750 suam
988 3689 1047 3746 illis
1099 3691 1139 3748 do
1162 3692 1291 3762 vobis»
1313 3691 1478 3764 etreliqua
1506 3693 1680 3764 (rocem,
1701 3693 1933 3766 representas

213 3782 321 3840 lactem
335 3781 516 3854 Redemptor
530 3778 705 3836 abscondet.
727 3780 792 3851 lpse
816 3777 928 3852 quippe
949 3778 987 3836 de
1014 3793 1044 3834 se
1098 3785 1201 3844 uestra
1226 3797 1244 3838 a
1267 3781 1417 3841 desiderio
1442 3783 1587 3842 Creatoris
1605 3782 1773 3854 inchoatur,
1787 3789 1816 3841 et
1834 3784 1930 3850 mani-

213 3872 406 3944 (1161661136
434 3886 502 3926 sum
525 3867 613 3943 panis
628 3869 722 3936 vivus,
739 3889 754 3920 ι
764 3871 794 3925 et
815 3866 932 3941 reliqua
944 3868 1042 3940 (loen.
1099 3871 1174 3936 leste
1188 3869 1301 3928 visione
1313 3869 1476 3943 perficitur.
1493 3871 1738 3933 tabernaculum
1757 3873 1846 3946 igitur
1858 3872 1933 3948 justi

213 3979 251 4034 ιι,
267 3962 323 4031 tlt,
349 3964 383 4018 nt
407 3959 551 4034 seriptum
579 3961 641 4015 est:
667 3979 681 4008 κ
708 3956 837 4014 Tollatur
857 3955 978 4030 impius.
1005 3973 1044 4017 ne
1097 3975 1203 4032 pacem
1226 3958 1338 4016 babere
1354 3957 1471 4024 dicitur,
1487 3959 1559 4032 quia
1572 3959 1709 4026 videlieet
1727 3962 1792 4034 ejus
1817 3978 1932 4036 corpus

211 4051 312 4120 videat
326 4050 453 4123 gloriam
467 4048 525 4106 Dei.
542 4069 556 4099 »
574 4045 832 4113 vastitaseruciet,
851 4046 1043 4118 quiagehen-
1098 4048 1182 4121 quod
1207 4051 1307 4107 mente
1338 4047 1532 4116 inhabitatur,
1552 4064 1571 4106 a
1590 4049 1739 4122 perversis
1767 4050 1929 4108 desiderio.-

211 4155 251 4198 na
277 4141 457 4198 concremat.
478 4138 550 4194 ltine
576 4135 734 4194 Pselmlsla
759 4134 820 4194 eit:
842 4153 858 4190 a
873 4137 967 4193 Penes
991 4149 1043 4190 eos
1097 4152 1166 4194 rum
1180 4136 1322 4207 motibus,
1336 4136 1395 4194 sub
1405 4136 1526 4208 justitie
1541 4137 1737 4210 dispositione
1752 4137 1927 4198 refrenatur.

211 4233 245 4286 ut
276 4227 431 4284 olibanum
461 4225 534 4297 igni,
563 4247 577 4278 ι
608 4229 638 4282 61
667 4223 783 4296 reliqua
814 4223 906 4294 (Paul.
932 4239 959 4290 x,
988 4223 1039 4294 10).
1101 4224 1256 4297 Sequitur:
1271 4225 1309 4280 lrl
1326 4226 1451 4284 obituris
1464 4227 1587 4296 speciem
1604 4232 1687 4284 tuum
1701 4243 1763 4288 neu
1781 4228 1927 4299 peccabis.

212 4316 271 4374 Sed
285 4319 355 4372 tuno
367 4315 467 4385 J'ustus
487 4311 604 4384 redibit,
620 4312 693 4383 quie
710 4327 781 4368 cum
795 4310 915 4373 minum
935 4325 1041 4366 omnes
1098 4345 1133 4354 -
1147 4312 1264 4385 Species
1278 4313 1391 4386 quippe
1405 4318 1509 4373 nostra
1527 4314 1634 4374 dicitur
1646 4315 1803 4392 proximus
1817 4321 1927 4384 noster,

211 4409 361 4460 exeamas
385 4401 458 4458 ultio
485 4400 623 4474 percutit,
647 4399 711 4472 ipse
737 4397 775 4456 de
799 4396 895 4468 glorie
924 4397 1043 4457 Domini
1096 4399 1169 4472 quia
1182 4399 1215 4458 in
1238 4399 1289 4456 illo
1313 4400 1462 4458 cernimus
1477 4403 1561 4476 quod
1584 4419 1690 4466 sumus
1711 4403 1778 4478 ipsi.
1794 4404 1931 4480 Speciem

210 4492 310 4562 digne
336 4488 539 4547 retributionis
552 4487 709 4546 hilarescit.
725 4486 798 4542 Hinc
814 4484 968 4544 psamista
990 4487 1039 4544 ait:
1096 4504 1168 4560 ergo
1183 4505 1270 4546 suam
1284 4488 1384 4546 visitat
1411 4490 1489 4563 quis,
1501 4507 1572 4550 cum
1594 4492 1634 4551 ad
1655 4509 1727 4551 eum
1744 4510 1846 4568 ‘quem
1870 4493 1929 4552 sibi

211 4603 225 4634 «
246 4581 396 4639 Videbunt
415 4579 486 4652 justi
508 4583 536 4636 et
557 4577 713 4646 timebunt,
731 4599 744 4628 ι
767 4581 797 4634 61
818 4574 932 4648 reliqna
947 4577 1040 4648 (Prot.
1096 4577 1224 4637 similem
1239 4593 1292 4651 per
1314 4581 1453 4636 naturam
1476 4581 1631 4654 conspicit,
1648 4581 1788 4656 passibus
1816 4582 1928 4641 amoris

210 4689 245 4740 ιι,
262 4674 299 4742 8).
318 4669 471 4745 Sequitur:
487 4669 527 4724 Et
543 4667 649 4726 beelim
664 4671 752 4724 terrie
769 4681 829 4722 eoo
850 4665 1038 4734 formidabis.
1094 4667 1204 4726 tendit:
1220 4671 1252 4723 ut
1265 4667 1297 4722 in
1309 4667 1401 4724 altero
1417 4685 1473 4726 sua
1487 4670 1692 4741 conaderans,
1708 4687 1745 4728 ex
1756 4671 1856 4744 seipso
1867 4671 1928 4730 col·

208 4793 243 4804 -
256 4761 386 4818 callidus
412 4759 526 4834 qrrippe
553 4755 753 4824 adversarius,
773 4754 869 4814 bestia
891 4759 974 4814 terres
998 4755 1042 4812 di·
1093 4754 1166 4826 ligat
1191 4754 1318 4830 qualiter
1343 4755 1508 4816 infirmitati
1533 4758 1653 4820 alterius
1690 4757 1929 4824 condescendat,

208 4852 292 4918 citur,
317 4851 390 4923 qnia
417 4849 456 4906 ed
483 4845 645 4920 rapiendas
674 4845 776 4902 mortis
808 4849 942 4917 tempore
970 4860 1039 4918 pee-
1094 4845 1168 4902 Hinc
1196 4844 1378 4902 Paulusait:
1395 4847 1534 4904 «Factus
1555 4865 1620 4906 sum
1646 4847 1758 4906 rudeis
1779 4853 1929 4922 tanquam

209 4943 345 4998 catorum
371 4939 490 4996 animas
512 4937 644 4994 violenta
666 4934 838 4995 crudelitate
866 4935 1037 4993 effrenatur.
1093 4934 1223 5000 iudeus,
1241 4937 1273 4990 ut
1287 4932 1404 4992 ludreos
1417 4933 1568 5006 lucrarer;
1584 4936 1683 5010 iisqni
1697 4937 1829 5010 sublege
1844 4942 1923 5007 sunt,

209 5029 267 5089 Sed
295 5033 396 5087 umen
423 5026 461 5083 de
487 5025 616 5083 Ecclesia
640 5023 770 5084 dicitur:
799 5045 814 5074 «
839 5023 914 5083 itala
940 5024 1038 5084 bestia
1093 5023 1182 5097 quasi
1203 5022 1260 5080 sub
1282 5022 1347 5094 1636
1372 5039 1438 5082 esse
1468 5024 1547 5098 (cum
1568 5026 1632 5100 ipse
1652 5043 1713 5087 uon
1733 5043 1830 5087 essem
1857 5043 1926 5086 sum

206 5141 269 5182 non
292 5121 430 5181 transibit
444 5135 497 5194 per
516 5135 584 5176 eam
605 5121 676 5192 (lsu.
700 5135 781 5190 xxxv,
797 5118 834 5189 9).
852 5137 867 5170 »
884 5117 927 5176 lllr
948 5117 1038 5188 igitur
1092 5112 1178 5184 16361,
1204 5115 1302 5172 uteos
1325 5112 1378 5185 qui
1393 5113 1450 5172 sub
1485 5113 1551 5184 1636
1575 5120 1669 5187 erant,
1697 5115 1923 5184 lncrifacerem

206 5219 288 5274 terrae
304 5212 429 5272 bestiam
440 5209 600 5267 morientes
619 5208 733 5278 timent,
745 5208 796 5282 qui
808 5207 974 5266 conditoris
988 5208 1037 5266 sui
1090 5200 1192 5273 11111111
1215 5199 1278 5256 61116
1304 5201 1369 5272 1686
1391 5207 1475 5258 6111111
1495 5204 1798 5276 16661116111161686
1825 5219 1927 5263 6666111

205 5303 368 5375 potentiam
383 5299 515 5357 viventes
541 5312 604 5353 non
630 5296 743 5354 dmoni.
761 5295 859 5354 Sancti
879 5296 960 5354 enim
980 5297 1035 5353 viri
1091 5291 1173 5363 (cum
1186 5291 1248 5350 sine
1262 5290 1327 5362 1636
1343 5291 1393 5346 1161
1407 5306 1468 5346 non
1483 5307 1599 5350 essem:
1627 5294 1725 5356 sedin
1745 5294 1810 5366 1636
1825 5309 1923 5352 essem

205 5391 278 5464 quia
302 5391 411 5448 divine
434 5405 466 5446 66
497 5385 650 5443 formidini
683 5384 856 5442 medullitus
887 5384 1033 5454 subdunt,
1090 5376 1216 5452 Christi),
1232 5383 1266 5436 ut
1284 5378 1489 5438 lucrifacerem
1511 5397 1563 5440 eos
1580 5383 1711 5456 quisine
1735 5383 1801 5454 1636
1827 5386 1921 5442 eraut.

205 5490 295 5532 omne
310 5474 348 5530 de
363 5475 493 5532 aduentu
517 5469 682 5530 adversarii
701 5470 821 5544 pondus
842 5469 956 5528 timoris
982 5469 1035 5526 ab·
1089 5468 1194 5528 Faetus
1205 5485 1274 5526 sum
1283 5468 1409 5527 infirmis
1419 5469 1570 5544 infirmus,
1583 5477 1614 5530 ut
1624 5473 1761 5530 infirmos
1770 5472 1924 5532 lucriface-

201 5565 317 5638 J'ioiunt.
345 5563 419 5619 ilinc
432 5563 590 5621 mamista
612 5565 678 5620 orat
691 5561 794 5620 diceus
811 5578 816 5616 :
842 5555 1032 5629 «nequando
1077 5557 1533 5619 -remtlmnibusomnialaetus
1545 5566 1781 5632 sum,utomnes
1791 5562 1923 5620 iacerem
