4120 6154
230 93 280 150 331
392 121 399 134 ·
764 85 791 145 S.
813 83 941 141 ODONlS
959 83 1104 138 lunaris
1124 83 1374 140 CLUNlACENSlS
1394 83 1417 137 ll
1888 85 1943 140 3³2

231 215 339 272 nientis
354 215 462 269 tenent.
490 209 581 266 Tincti
597 209 677 266 euim
699 225 760 266 non
787 213 895 276 essent,
912 207 936 263 si
950 205 1055 263 saneti·
1070 213 1093 265 Α
1111 207 1249 264 omnium
1264 206 1430 264 viventium
1442 205 1537 262 oeulis
1552 209 1632 263 esset
1644 205 1770 274 occulta,
1781 206 1861 263 hanc
1874 223 1945 280 pro

229 309 319 362 tatem
348 298 521 357 naturaliter
544 298 742 367 habuissent,
769 297 824 354 sed
849 295 1055 354 mundissimae
1111 297 1160 353 cul
1175 297 1268 353 dubio
1284 301 1457 353 sauctorum
1480 311 1570 352 uerno
1594 294 1726 352 vidisset.
1744 295 1802 353 Sed
1816 300 1845 352 et
1871 296 1943 352 huic

228 394 358 450 tincturae
374 391 453 457 sunt,
468 387 541 461 quia
568 387 720 444 hurniliter
734 387 907 443 custodiunt
922 384 1057 457 superni·
1111 385 1262 443 sententiae
1275 387 1422 442 loannem
1439 384 1529 440 audio
1553 384 1797 454 concordantem,
1813 385 1866 458 qui
1880 386 1939 442 ait:

227 485 336 537 tentem
350 478 382 534 in
397 493 428 534 se
442 476 586 534 virtutum
609 476 737 548 gratiam
752 492 846 548 quam
866 477 1054 546 acceperunt.
1110 479 1334 532 «ileumnemo
1358 473 1431 530 vidit
1456 489 1593 547 unquam
1623 474 1720 546 (Joun.
1734 491 1754 546 1,
1780 475 1833 546 ta).
1853 476 1941 532 »Sed

226 567 417 625 pensandum
442 581 627 639 magnopere
654 569 711 633 θεῖ,
736 564 851 637 quoda
874 567 977 620 sancto
991 562 1057 619 viro
1107 564 1193 636 juxta
1205 563 1284 620 beati
1312 562 1367 619 tob
1394 561 1571 618 sententiam
1601 561 1756 635 sapientia,
1777 565 1941 636 quatiens

225 657 385 731 requiritur
399 655 480 712 unde
494 655 642 728 sapientia
657 654 766 718 reniet.
780 653 825 710 Ab
838 669 874 710 eo
885 653 994 709 etenim
1009 668 1059 708 ve·
1109 659 1162 722 est,
1177 653 1352 710 abscendito
1377 657 1418 708 est
1434 651 1471 708 ab
1493 652 1587 708 ceretis
1609 653 1739 708 omnium
1755 653 1941 724 vicentium

226 747 269 803 nit
283 763 301 803 a
315 763 376 820 quo
392 748 457 802 orta
482 747 537 800 est.
555 744 611 800 Sed
626 743 698 817 quia
725 743 762 799 ab
778 741 917 798 invisibili
937 745 964 798 et
979 757 1056 797 eooe-
1109 743 1180 818 quia
1195 743 1226 800 in
1238 743 1295 800 hae
1310 740 1427 799 mortali
1442 756 1531 798 earne
1560 740 1791 798 consistentibus
1801 745 1829 798 et
1848 741 1941 798 videri

227 839 311 892 terno
335 838 418 890 Patre
445 832 588 900 nascitur,
619 833 684 904 ejus
698 832 747 888 ria
773 831 889 888 occulta
903 839 956 887 cst.
974 829 1056 887 Unde
1108 831 1205 904 potuit
1219 830 1436 904 perquasdam
1463 829 1703 902 circumscriptas
1728 829 1886 900 imagines,
1914 833 1943 884 et

227 929 256 982 et
266 941 320 999 per
347 923 526 997 prophetam
550 921 675 978 dieitur:
691 944 704 971 c
722 921 949 978 Generationem
977 919 1056 974 illius
1108 919 1203 976 videri
1229 935 1291 976 non
1317 921 1415 992 potest
1443 923 1497 992 per
1519 917 1811 992 incircumscriptum
1836 916 1942 974 lumen

227 1014 295 1088 quis
311 1011 486 1070 enarrabit?
510 1033 524 1062 s
540 1011 683 1082 (lsomu,
700 1013 738 1079 8).
756 1013 850 1066 Locus
865 1025 935 1065 vero
950 1007 1057 1065 intelli·
1109 1007 1290 1065 aeternitatis.
1319 1007 1368 1065 Sin
1393 1023 1464 1064 vero
1489 1006 1706 1080 aquibusdam
1720 1007 1864 1080 potestin
1883 1005 1943 1062 bac

228 1103 333 1174 gentiae
349 1102 413 1174 ejus
428 1101 620 1157 esthumana
634 1116 730 1170 mene,
754 1115 847 1174 quam
863 1097 991 1155 brechei
1009 1113 1056 1152 sa·
1109 1096 1292 1171 corruptibili
1320 1112 1410 1152 carne
1427 1095 1606 1167 viventibus,
1636 1097 1689 1152 sed
1707 1101 1809 1154 tamen
1833 1095 1943 1152 inaesti-

227 1191 348 1264 pientia‚
364 1190 439 1246 dum
453 1189 585 1263 replerit,
602 1193 735 1246 sanctam
757 1187 836 1244 lacit.
854 1187 929 1254 Quia
943 1202 1014 1257 ergo
1029 1189 1057 1242 et
1110 1186 1212 1243 mobili
1226 1185 1330 1242 virtute
1343 1184 1546 1241 crescentibus
1559 1185 1694 1258 quodam
1709 1183 1942 1256 contemptionis

227 1280 381 1337 invisibilis
396 1283 440 1336 est
453 1279 491 1335 de
505 1294 567 1351 quo
579 1278 697 1352 prodiit,
714 1283 742 1334 et
754 1277 901 1334 incertum
913 1276 1000 1332 nobis
1013 1280 1058 1332 est
1109 1275 1247 1332 acumine
1262 1279 1372 1331 aeterna
1387 1273 1438 1330 Dei
1452 1273 1571 1331 claritas
1585 1273 1689 1330 videri.
1707 1277 1767 1330 lloc
1787 1290 1911 1347 quoque
1924 1289 1943 1328 a

226 1369 257 1425 in
282 1369 368 1439 eujus
383 1371 483 1424 mente
497 1367 645 1424 intellecta
672 1366 852 1439 requiescat,
881 1369 960 1421 recte
975 1380 1056 1420 nuuc
1109 1363 1265 1422 beatoiob
1281 1363 1725 1436 sententianonabhorret,qui
1740 1362 1794 1420 ait:
1811 1363 1940 1420 Abscon-

226 1457 351 1515 dicitur:
1110 1455 1173 1510 dito
1189 1459 1230 1510 est
1244 1455 1281 1510 ob
1295 1454 1388 1509 ocutis
1404 1453 1534 1510 omniurn
1559 1453 1729 1511 uiuentium.
1747 1455 1842 1520 Quam
1857 1453 1942 1526 quis·

261 1533 346 1604 Vens.
363 1547 503 1603 aeonae
515 1560 586 1618 erqo
600 1546 866 1615 sopientiovcniet,
881 1544 927 1599 vet
940 1544 1055 1615 quiscat
1070 1563 1092 1616 Β
1109 1543 1176 1616 quis
1192 1541 1380 1616 sapientiam,
1409 1558 1478 1616 quae
1494 1544 1570 1598 licus
1592 1546 1647 1612 θεῖ,
1667 1541 1758 1612 videt,
1788 1541 1858 1598 huie
1873 1541 1942 1598 riter

227 1640 308 1695 locus
320 1635 552 1706 intelligentiae?
580 1667 615 1676 —
629 1634 686 1691 Sed
711 1634 767 1689 lice
782 1632 868 1690 valde
886 1631 997 1688 mirum
1012 1636 1056 1688 est
1108 1631 1243 1687 funditus
1257 1630 1438 1700 moritur,ne
1447 1631 1512 1702 jam
1526 1631 1703 1702 ejusamorc
1719 1635 1862 1688 teneatur.
1872 1630 1943 1686 Nul-

226 1726 309 1799 quod
322 1724 459 1797 protinus
473 1723 676 1794 subinfertur:
1108 1720 1154 1776 lus
1167 1720 1279 1793 quippe
1295 1735 1362 1776 eam
1377 1720 1466 1790 videt,
1482 1719 1533 1793 qui
1549 1720 1648 1776 adhue
1677 1719 1835 1777 carnaliter
1857 1719 1941 1776 vivit.

261 1817 348 1870 Vens.
364 1817 408 1868 21.
433 1813 617 1869 descendite
645 1818 687 1869 est
701 1812 738 1868 ab
759 1813 853 1868 ocutis
866 1813 998 1867 omnium
1014 1811 1056 1866 oi·
1109 1810 1182 1864 Hinc
1196 1808 1289 1880 Moysi
1304 1807 1427 1864 dicitur:
1445 1811 1536 1882 (Non
1550 1809 1630 1865 enim
1647 1809 1759 1866 uidebit
1772 1825 1821 1865 me
1836 1809 1942 1876 homo,

227 1903 368 1958 uectium.
397 1933 430 1942 —
460 1900 611 1980 Sapientia
634 1900 841 1974 quippe,qure
868 1901 1014 1968 Deusest,
1031 1898 1055 1954 si
1110 1897 1471 1968 etvivettll'ecot.xxx111,
1487 1902 1544 1965 20).
1560 1921 1573 1947 »

745 2245 912 2332 LlBER
957 2241 1133 2332 NONUS
1176 2241 1430 2330 DECIMUS.

263 2583 348 2639 vans.
358 2587 403 2637 ll.
420 2583 559 2639 Volneret
574 2597 689 2654 queque
701 2582 770 2638 cerr
780 2582 862 2637 totet.
880 2585 962 2638 -ln
978 2582 1053 2638 Scri·
1113 2579 1265 2653 sapientiae
1282 2581 1438 2654 sicutipse
1458 2581 1609 2654 Sapientia
1631 2585 1800 2650 attestante,
1816 2581 1940 2648 dieitur,

226 2675 314 2746 ptura
329 2686 415 2726 sacra
426 2669 561 2726 volucres
574 2669 738 2742 aliquando
750 2669 780 2725 in
797 2668 1055 2744 malo‚aliquando
1112 2692 1125 2720 ι(
1142 2673 1203 2740 Ego
1215 2670 1246 2726 in
1262 2671 1356 2741 Patre,
1368 2675 1397 2727 et
1412 2671 1542 2727 Pateria
1557 2686 1605 2726 me
1619 2671 1717 2742 (loon.
1729 2687 1788 2742 ειν,
1803 2675 1846 2732 to.
1864 2673 1942 2740 tlt.»

227 2775 298 2816 vero
311 2759 341 2815 in
354 2758 535 2815 bonodatur
555 2757 688 2830 intelligi.
714 2761 767 2815 Per
782 2757 916 2815 volueres
942 2759 1054 2832 quippe
1110 2758 1199 2815 Aliter
1213 2774 1284 2831 ergo
1309 2759 1454 2832 sapientia
1478 2759 1569 2816 babet
1582 2759 1672 2828 mam,
1698 2765 1788 2834 atque
1803 2760 1889 2818 aliter
1899 2760 1944 2818 lo

227 2863 451 2922 nonnunquam
467 2850 627 2920 potestates
642 2846 729 2904 aeriae
746 2845 941 2916 designantur
959 2846 1055 2903 bono·
1073 2848 1096 2900 D
1111 2863 1190 2905 eum.
1203 2848 1286 2904 Viam
1299 2865 1353 2922 per
1366 2848 1563 2905 humanitatis
1576 2848 1855 2918 transitum,loeum
1870 2867 1943 2906 vero

227 2953 296 2994 rum
311 2936 415 2994 studiis
430 2935 573 2994 adversae.
600 2939 636 2992 Αῖ
648 2940 752 2992 eontra
774 2935 902 2992 inbono
920 2935 1056 2993 volucres
1110 2952 1163 3010 per
1178 2940 1287 2994 statum
1302 2936 1474 2993 divinitatis.
1488 2941 1526 2992 Ae
1542 2937 1565 2992 si
1581 2941 1682 3010 aperte
1698 2938 1866 2994 diceretur:
1882 2941 1942 2995 llu-

226 3027 299 3102 pcni
314 3026 427 3084 solent:
445 3049 460 3077 c
477 3026 576 3086 Simile
591 3030 634 3083 est
653 3040 780 3096 regnum
803 3025 949 3083 coelorum
961 3041 1056 3096 grano
1110 3042 1209 3082 manre
1234 3026 1405 3098 cogitationi
1428 3024 1545 3083 occulta
1570 3030 1649 3094 sant,
1678 3027 1726 3083 vel
1747 3028 1943 3102 quandoper

227 3117 355 3192 sinapis,
378 3117 462 3191 quod
485 3121 643 3190 acceptum
669 3117 760 3173 bomo
781 3115 869 3172 mittit
882 3115 914 3172 in
935 3116 1056 3172 hortum
1110 3130 1232 3172 earnem
1245 3115 1285 3172 ad
1297 3115 1437 3172 homiues
1449 3114 1599 3188 Sapientia
1611 3115 1943 3190 veniat,velquomodo

227 3223 328 3276 suum,
344 3209 373 3262 et
385 3205 486 3272 crevit,
501 3209 531 3262 et
543 3205 657 3262 tactum
669 3209 713 3260 est
726 3205 757 3260 in
768 3204 875 3260 arbore
888 3219 1012 3274 magna,
1028 3207 1057 3259 et
1111 3204 1194 3278 apud
1209 3205 1326 3261 Patrem
1342 3203 1498 3260 invisibilis
1513 3204 1603 3262 etiam
1618 3221 1689 3262 oum
1703 3205 1775 3262 loris
1790 3222 1943 3282 apparue-

225 3295 362 3351 volueres
378 3293 445 3349 coeli
459 3293 670 3366 requieverunt
681 3292 712 3347 in
727 3293 818 3348 ramis
832 3292 1054 3364 ejustbuemn,
1109 3293 1146 3350 rit
1161 3293 1310 3366 persistat.
1328 3293 1470 3360 Quamvis
1485 3294 1543 3349 hoc
1554 3293 1677 3364 intelligi
1692 3298 1721 3350 et
1734 3294 1818 3352 aliter
1832 3301 1941 3369 potest.

228 3383 280 3453 19).
298 3403 312 3432 »
328 3382 389 3437 Hoc
403 3380 535 3452 igiturin
559 3381 625 3437 loco
654 3385 817 3452 postquam
845 3380 882 3436 de
909 3379 1056 3454 sapientia
1110 3385 1184 3438 Nam
1203 3383 1250 3438 via
1276 3382 1340 3454 ejus
1355 3396 1417 3437 non
1444 3381 1687 3439 inconvenienter
1714 3383 1859 3457 accipitur
1884 3385 1942 3441 hoc

226 3471 340 3528 dietum
357 3477 400 3528 θεῖ
413 3489 419 3527 :
433 3471 630 3550 abscondite·
648 3475 690 3526 est
703 3471 740 3526 ab
756 3471 850 3527 oculis
867 3471 999 3526 ornatum
1012 3471 1055 3526 ui·
1110 3470 1208 3542 ipsum
1225 3469 1309 3544 quod
1323 3471 1404 3527 venit
1418 3470 1457 3526 ad
1472 3487 1532 3539 eor,
1560 3487 1685 3545 seseque
1704 3473 1792 3530 nobis
1807 3473 1944 3531 intrinse

226 3561 369 3627 centium,
381 3563 460 3616 recte
475 3558 681 3630 subjungitur:
705 3559 843 3614 Volucrcs
859 3559 927 3616 eoeti
942 3573 1057 3630 quoque
1111 3575 1163 3614 cus
1177 3557 1317 3614 infundit.
1335 3561 1428 3615 Locus
1455 3575 1526 3616 vero
1540 3560 1605 3632 ejus
1617 3560 1651 3616 fit
1665 3576 1726 3629 cor,
1742 3561 1782 3618 ad
1796 3563 1881 3636 quod
1894 3579 1945 3620 ve·

226 3650 308 3715 lutet,
323 3648 395 3722 quia
406 3647 438 3704 in
451 3647 509 3704 hac
536 3645 721 3719 corruptibili
736 3661 825 3702 carne
840 3646 991 3702 constituti
1004 3662 1056 3702 na·
1110 3649 1194 3704 niens
1208 3651 1375 3721 permanet.
1392 3652 1430 3705 lte
1446 3650 1502 3704 hac
1514 3665 1636 3723 quoque
1651 3650 1698 3707 via
1713 3650 1793 3708 illius
1809 3651 1937 3709 dicitur:

226 3741 299 3793 turae
314 3737 378 3808 ejus
393 3735 559 3810 potentiam
573 3734 632 3808 ipsi
647 3749 769 3808 quoque
784 3734 913 3791 vivendo
934 3749 1057 3808 nonpe-
1111 3759 1125 3787 c
1140 3739 1202 3793 Vox
1218 3735 1375 3793 clamantis
1397 3737 1428 3793 in
1443 3737 1576 3795 deserto:
1601 3741 1704 3796 Parate
1727 3739 1809 3796 viam
1824 3741 1944 3798 Domini

226 3827 354 3890 uellent,
371 3824 423 3898 qui
436 3823 501 3896 iam
516 3837 570 3896 per
584 3823 724 3878 meritum
744 3827 854 3879 sanctae
870 3821 1056 3896 contempla·
1110 3827 1211 3898 (Joon.
1225 3843 1244 3894 r,
1260 3827 1316 3894 23).
1333 3848 1347 3876 ε
1364 3829 1396 3882 Εῖ
1410 3826 1482 3900 quie
1494 3827 1668 3884 hominibus
1680 3828 1827 3886 incertum
1837 3835 1882 3887 cst
1895 3831 1942 3887 vel

226 3913 314 3970 bonis
331 3913 441 3984 rolant,
457 3911 510 3970 ubi
525 3916 593 3986 apte
610 3912 822 3984 subjungitur:
1108 3914 1140 3972 in
1155 3917 1242 3988 cujus
1257 3915 1346 3972 eorde
1360 3915 1470 3986 veniat,
1487 3917 1533 3972 vel
1546 3917 1576 3974 in
1591 3934 1652 3991 que
1668 3923 1832 3992 postquam
1854 3935 1944 3977 vene·

259 4003 526 4060 Vens22.Perditio
537 4007 565 4059 et
580 4017 659 4058 mors
673 4002 816 4058 dicerunt
827 4016 837 4060 .·
851 4001 987 4058 Acribus
1002 4017 1056 4058 no·
1109 4003 1156 4072 rit,
1172 4004 1380 4077 permanendo
1405 4005 1583 4077 requieseat,
1605 4010 1684 4062 recte
1709 4022 1791 4064 nuno
1814 4007 1941 4064 dieitur:

225 4095 295 4150 stris
310 4093 479 4150 audicimus
492 4092 608 4163 semem
620 4085 736 4162 eJ'us'-
750 4090 827 4158 Quid
841 4090 1015 4164 perditionis
1029 4095 1058 4148 et
1109 4093 1187 4150 Deus
1215 4094 1360 4164 intelligit
1384 4093 1462 4150 viem
1493 4097 1568 4165 ejus,
1592 4100 1621 4152 et
1653 4096 1715 4166 epse
1737 4097 1819 4153 nouit
1844 4099 1942 4155 tecum

225 4183 329 4238 mortis
350 4182 483 4250 nomine,
500 4180 557 4237 nisi
572 4179 697 4250 maligni
711 4180 832 4253 spiritus
847 4180 1055 4250 designantur,
1070 4201 1090 4254 0
1109 4183 1202 4255 itlius.
1220 4182 1295 4249 Quia
1322 4181 1413 4238 solius
1427 4182 1536 4240 divinae
1549 4183 1671 4241 visionis
1686 4189 1731 4242 est
1744 4201 1877 4258 cernere,
1893 4185 1943 4243 rel

225 4270 278 4342 qui
307 4269 477 4326 inventores
503 4269 609 4324 mortis
625 4275 653 4324 et
667 4268 843 4341 perditionis
858 4269 1057 4326 exstiterunt?
1110 4270 1332 4345 quibusmodis
1359 4270 1525 4328 intellectus
1552 4272 1705 4346 sapientiae
1732 4289 1825 4348 quem
1839 4291 1943 4348 perce·

226 4358 332 4414 Videre
345 4358 458 4432 quippe
470 4357 598 4432 perlecta
613 4362 794 4413 coeeternam
806 4358 856 4413 Dei
867 4357 1055 4430 sapientiam,
1110 4359 1186 4433 perit
1200 4358 1360 4416 mortiferis
1387 4359 1619 4431 cogitationibus
1650 4377 1712 4419 non
1735 4361 1882 4421 admittat.
1895 4365 1945 4421 Se

225 4445 283 4501 hoe
296 4449 340 4501 θεῖ
354 4445 436 4518 quod
451 4445 574 4502 habere.
590 4443 659 4500 ldeo
671 4445 765 4517 iniqui
780 4445 900 4518 spiritus
915 4445 994 4502 hanc
1010 4455 1057 4504 aa·
1110 4447 1226 4522 quitur:

225 4533 368 4608 pientiam
383 4549 444 4590 non
459 4533 571 4604 vident,
589 4534 661 4608 quia
676 4533 787 4607 repulsi
815 4551 869 4609 per
883 4535 1056 4608 superbiam
1146 4537 1234 4593 Vens.
1248 4540 1293 4593 24.
1307 4537 1374 4607 lpse
1388 4539 1465 4594 enim
1479 4539 1553 4607 tices
1568 4540 1675 4596 mundi
1687 4541 1832 4611 intuetur,
1841 4547 1871 4598 et
1884 4557 1945 4598 om·

225 4639 420 4697 nequaquam
449 4639 517 4680 eam
545 4623 657 4680 babere
684 4627 855 4696 potuerunt.
887 4622 932 4678 Ad
957 4621 1056 4680 lucem
1110 4627 1172 4694 nio,
1188 4641 1255 4699 qucc
1285 4628 1340 4682 sut
1368 4629 1441 4684 eoelo
1462 4623 1542 4696 suot,
1566 4631 1697 4700 respicit.
1724 4663 1758 4672 -
1787 4629 1943 4704 Respicere

225 4713 337 4787 quippe
352 4713 417 4784 ejus
439 4712 611 4770 clauserunt
637 4710 740 4768 oeulos
756 4711 864 4780 cordis,
893 4711 1056 4784 superfusis
1109 4717 1222 4790 quippe
1236 4715 1286 4772 Ilei
1299 4721 1343 4772 est
1356 4731 1392 4772 ea
1416 4731 1484 4790 quae
1500 4716 1612 4774 amissa
1635 4735 1671 4775 ac
1686 4719 1803 4792 perdita
1823 4719 1945 4778 fuerant

226 4801 290 4872 ejus
314 4801 406 4859 radiis
419 4805 632 4876 repugnantes.
660 4805 783 4858 Famam
812 4816 884 4872 crgo
903 4799 1056 4874 sapientie
1109 4805 1149 4862 ad
1164 4821 1251 4862 suam
1273 4805 1400 4876 gratiam
1415 4805 1587 4864 reformare.
1615 4808 1857 4884 Undeseriptum
1878 4815 1941 4868 cst:

225 4889 364 4960 malignis
380 4890 532 4963 spiritibus
555 4890 676 4948 audisse
706 4894 759 4962 est,
776 4890 829 4946 sed
852 4891 992 4948 eamdem
1007 4907 1055 4948 sa·
1110 4917 1123 4945 ι(
1138 4897 1198 4952 Rex
1211 4894 1264 4968 qui
1279 4894 1361 4951 sedet
1375 4894 1406 4951 in
1422 4894 1498 4952 solio
1509 4896 1614 4968 judicii
1637 4898 1684 4954 sui
1701 4899 1828 4973 dissipat
1852 4915 1943 4958 omne

225 4979 370 5052 pientiam
381 4995 442 5036 non
454 4979 577 5049 vidisse,
592 4985 620 5036 et
634 4980 701 5052 ejus
713 4980 878 5053 potentiam
896 4997 932 5038 ex
947 4981 1055 5038 virtute
1109 4982 1221 5039 malum
1239 4982 1269 5038 in
1284 4981 1392 5039 intuitu
1407 4999 1463 5040 suo
1477 4985 1577 5056 (Pron.
1593 5003 1644 5058 xx,
1661 4989 1699 5058 8).
1716 5011 1730 5038 a
1747 4989 1905 5064 sequitur:

225 5067 303 5124 illius
318 5068 506 5138 cognovisse,
532 5074 561 5124 et
576 5072 676 5124 tamen
691 5068 747 5124 sub
763 5085 799 5126 ea
814 5069 965 5126 humiliter
978 5075 1054 5126 stare
1144 5071 1231 5128 Vens.
1247 5076 1292 5129 25.
1310 5072 1368 5140 Qui
1377 5074 1452 5144 fecit
1469 5076 1564 5131 vectis
1575 5078 1706 5146 pondes.
1730 5111 1765 5119 -
1781 5079 1944 5136 Velocitate

224 5157 369 5214 noluisse.
388 5157 461 5213 ilino
477 5157 591 5214 Veritas
604 5157 660 5214 ait:
678 5180 691 5207 κ
707 5157 755 5214 Ille
771 5159 923 5216 homicida
938 5163 1001 5215 erat
1015 5159 1054 5216 ab
1108 5159 1189 5218 enim
1214 5176 1249 5216 ae
1261 5159 1422 5219 subtilitate
1446 5167 1607 5221 ventorum
1620 5165 1650 5222 in
1679 5167 1830 5242 Scriptura
1856 5184 1945 5225 sacra

224 5246 318 5316 initio,
332 5251 360 5304 et
373 5247 404 5302 in
417 5245 538 5303 veritate
553 5261 615 5302 non
626 5247 703 5304 stetit
718 5247 816 5314 (Joorr.
830 5265 890 5316 vm,
906 5249 961 5320 tt).
978 5249 1055 5304 ›Se-
1108 5248 1204 5305 solent
1217 5247 1326 5305 anima
1341 5247 1505 5321 designari,
1530 5252 1605 5309 sicut
1633 5271 1687 5328 per
1702 5255 1890 5314 Psalmistam
1904 5256 1944 5312 de

224 5339 339 5410 quitur:
1108 5339 1168 5394 lieo
1178 5337 1299 5394 dieitur:
1319 5337 1395 5403 «Qui
1410 5338 1547 5396 ambulat
1557 5357 1646 5414 super
1656 5358 1771 5416 pennas
1784 5349 1944 5404 ventorum

260 5427 344 5481 Vens.
360 5431 405 5482 23.
422 5428 501 5482 Deus
516 5425 659 5497 intelligit
671 5428 750 5482 eiam
766 5429 841 5495 ejece,
856 5434 882 5482 et
898 5428 959 5495 ipse
971 5427 1052 5481 nouit
1108 5425 1200 5496 (Prot.
1226 5442 1297 5486 nvn,
1329 5425 1383 5492 llt,
1397 5425 1425 5480 id
1442 5431 1495 5496 est,
1512 5428 1563 5500 qui
1591 5432 1806 5502 transgreditur
1818 5433 1943 5492 uirtutes

226 5512 323 5569 locum
339 5515 431 5570 itlius.
449 5547 483 5556 —
496 5517 593 5572 Locus
613 5513 768 5588 sapientia
782 5515 867 5569 Pater
886 5516 939 5569 est.
956 5515 1050 5570 Locus
1108 5515 1380 5572 animarumFeett
1392 5519 1566 5587 ergoecctis
1578 5522 1790 5596 porrumque
1806 5523 1881 5582 dum
1893 5540 1943 5580 su-
