4160 6162
191 142 243 202 rsa
395 138 397 142 ’
591 77 760 198 Ι1111101111
776 136 959 198 uoaaaruu
980 133 1009 192 s.
1029 131 1132 192 ease.
1155 103 1189 192 ra
1207 134 1279 193 roa.
1301 167 1336 179 -
1353 139 1418 196 ara.
1440 139 1473 196 ur
1843 149 1895 205 tor

177 267 270 335 deret,
299 265 349 322 vel
372 265 474 324 activa
500 263 569 322 vitre
599 263 703 322 lumen
729 263 866 338 aperiret.
891 259 1006 318 Veritas
1022 261 1045 314 Α
1064 273 1224 332 quaquam
1250 275 1350 316 sermo
1374 261 1506 318 veritatis
1535 277 1632 322 ranas
1659 265 1789 342 Hesiodi,
1813 271 1895 328 Arati

177 355 292 430 quippe
306 371 375 428 quse
390 355 469 412 hanc
482 353 604 428 repulsa
612 354 755 422 deseruit,
764 353 918 410 subtracto
932 366 1007 424 prae-
1068 350 1098 404 et
1110 345 1284 404 Callimachi
1296 347 1415 405 fabriles
1429 350 1573 423 sequitur,
1589 357 1622 411 ut
1628 358 1785 414 Arcturum
1796 359 1895 416 nomi-

179 443 338 501 dicationis
351 443 464 500 lumine
478 443 583 500 merito
596 461 658 500 suae
672 440 1007 518 pravitatiscxcaecavit,
1070 451 1159 506 nans,
1187 445 1349 494 extremam
1376 437 1529 496 stellarum
1550 449 1664 516 septem
1693 447 1823 506 caudam
1847 452 1896 506 Ur-

179 535 210 590 et
224 531 311 607 quasi
325 531 382 588 sub
397 531 551 602 signaculo
568 531 667 589 stellas
693 531 808 600 clausit,
837 531 909 605 quia
934 530 1009 586 dum
1070 539 1110 580 ste
1139 524 1331 598 suspicetur,
1359 529 1388 582 et
1410 527 1497 600 quasi
1526 529 1616 587 orion
1642 532 1777 604 gladium
1799 539 1898 595 lenem

179 621 391 696 praedicatores
405 636 475 678 suos
485 637 540 694 per
550 621 701 679 silentium
713 623 792 680 intra
814 619 1009 694 semetipsum
1067 616 1203 670 armatus
1231 613 1380 672 insanus.
1409 613 1478 672 Hoec
1505 617 1618 692 quippe
1656 628 1806 682 astrorum
1841 641 1896 684 no-

179 710 310 780 retiuuit,
326 710 412 768 cacis
427 709 602 784 iniquorum
613 711 751 768 sensibus
765 711 883 769 coeleste
906 709 1010 766 lumen
1066 701 1150 758 mina
1180 701 1387 760 acultoribus
1427 704 1579 778 sapientia
1619 711 1747 770 carnalis
1775 715 1896 773 inventa

182 797 351 858 abscondit.
365 798 521 872 Quiigitur
532 800 746 874 predicatores
775 816 848 858 suos
869 815 951 856 nunc
964 801 1012 855 Ju.
1067 793 1159 847 sunt.
1187 789 1244 848 Sed
1274 791 1425 865 Scriptura
1451 807 1538 851 sacra
1561 795 1673 855 idcirco
1702 801 1817 860 eisdem
1845 821 1897 861 vo-

178 887 253 946 daear
267 885 362 944 oculis
383 887 540 958 subtrahit,
568 888 622 948 sed
649 889 848 964 postmodum
873 888 1010 958 ostendit,
1067 878 1183 936 0111111118
1208 879 1310 952 11111111,
1337 886 1370 938 ui
1397 897 1445 939 res
1476 899 1553 958 quas
1580 886 1733 947 insinuare
1759 893 1897 965 appetit,

178 975 268 1052 quasi
282 975 340 1033 sub
352 977 508 1049 signaculo
522 977 629 1037 clausit
656 979 768 1048 stellas,
796 983 830 1036 ut
856 977 1012 1036 absconsis
1066 966 1172 1024 cciiiic
1198 967 1317 1025 1111111111
1342 969 1551 1044 appellationis
1574 974 1799 1049 exprimantur·
1820 980 1898 1046 011111

173 1065 385 1146 priusetpost
399 1067 628 1126 coruscantibus
645 1073 795 1126 astrorum
814 1067 1012 1142 spiritualium
1066 1071 1201 1129 1111111111
1219 1059 1334 1115 Arcturi
1356 1059 1490 1133 nomine,
1519 1063 1572 1136 tici
1597 1064 1628 1121 111
1643 1065 1710 1123 coeii
1731 1083 1899 1126 arcacens-

180 1153 272 1214 radiis
287 1157 409 1212 noctem
421 1170 484 1211 sua
497 1156 641 1230 perildiae,
657 1161 687 1214 et
699 1173 780 1214 nunc
805 1156 926 1230 repulsa
951 1170 1013 1212 non
1067 1145 1183 1216 titulus,
1211 1149 1327 1219 septem
1355 1147 1508 1206 stellarum
1531 1151 1624 1208 radiis
1647 1153 1748 1226 fulget,
1773 1157 1831 1214 nisi
1847 1161 1898 1214 Ec·

180 1243 290 1315 videm,
306 1247 335 1302 et
350 1243 1013 1320 tuncilluminatadeprehcudat.liinolaaias
1068 1232 1161 1290 ciccic
1189 1234 1367 1292 universalis
1393 1237 1593 1312 exprimitur,
1621 1259 1689 1316 quse
1717 1243 1748 1301 in
1774 1247 1897 1305 loannis

183 1333 222 1392 ait
239 1351 246 1389 ε
263 1354 278 1386 r
295 1332 324 1392 si
338 1332 427 1392 luerit
437 1349 583 1392 numerus
597 1335 728 1394 filiorum
738 1325 1014 1394 lsraelsicutarena
1067 1321 1262 1396 Apocalypsi,
1291 1339 1346 1398 pcr
1372 1330 1487 1399 septem
1515 1329 1672 1402 Ecclesias,
1688 1349 1801 1408 perque
1830 1353 1898 1410 sep-

181 1421 287 1492 maria,
303 1421 436 1496 reliquia
450 1423 540 1482 salvae
554 1423 632 1482 liunt
644 1425 713 1497 (Iso.
729 1442 759 1494 x,
775 1425 831 1496 21).
845 1447 860 1474 a
879 1426 914 1480 Et
941 1425 1013 1480 Pau.
1068 1415 1128 1468 tem
1155 1411 1338 1469 candelabra
1363 1413 1511 1484 figuratur
1529 1419 1544 1474 t
1561 1420 1633 1485 Qua
1662 1420 1736 1478 dum
1764 1423 1846 1482 dona
1867 1426 1900 1482 in

182 1511 251 1568 lna:
268 1533 283 1562 a
299 1514 398 1569 lionae
415 1511 572 1586 plenitudo
600 1513 734 1585 gentium
759 1513 891 1584 intraret,
916 1515 945 1568 et
971 1511 1012 1567 ⁵10
1068 1515 1100 1556 se
1123 1499 1304 1573 septiformis
1328 1501 1431 1572 gratiae
1457 1504 1582 1577 Spiritus
1601 1509 1743 1580 continet,
1768 1512 1900 1571 claritate

183 1601 283 1659 omnis
297 1600 386 1658 lsrael
396 1601 497 1659 salvus
509 1601 561 1660 liet
573 1603 668 1676 (Rom.
684 1621 724 1672 m,
738 1607 795 1673 25).
824 1626 838 1654 a
869 1602 943 1658 Hinc
968 1604 1048 1670 estg
1068 1604 1195 1644 flpmfflae
1225 1588 1339 1646 1111111111
1367 1589 1530 1660 Epidicus,
1552 1595 1641 1668 quasi
1669 1599 1709 1654 ab
1742 1615 1799 1658 axe
1823 1603 1900 1659 veri-

183 1689 267 1765 quod
282 1689 344 1748 duo
367 1689 409 1748 iffi
435 1691 536 1748 eximii
563 1692 775 1766 praefficgyom
802 1691 895 1750 dilgia
916 1693 1012 1748 morte
1069 1678 1136 1735 tatis
1163 1677 1251 1736 lueet.
1282 1681 1315 1735 Et
1341 1679 1419 1736 sicut
1443 1682 1587 1739 Arcturus
1610 1701 1730 1760 semper
1750 1695 1899 1762 versatur,

184 1778 330 1837 subtracti
345 1784 425 1850 sunt,
440 1780 758 1854 utadpraedicationis
780 1797 868 1838 usum
896 1780 927 1837 in
952 1779 1013 1836 fine
1068 1771 1097 1825 ci
1117 1783 1278 1842 1111111111]
1303 1769 1456 1842 1111181111,
1483 1771 1524 1829 iic
1552 1779 1657 1832 81111111
1682 1777 1812 1836 Ecclesia
1834 1797 1900 1854 pcr-

184 1873 368 1926 rgvooentur,
384 1871 423 1926 pe
437 1869 549 1944 quibu,
563 1869 671 1928 dieitur
686 1889 693 1926 :
710 1893 724 1921 „
739 1871 772 1928 ffi
793 1870 945 1928 ,1111thoe
960 1869 1014 1926 011.
1068 1857 1236 1914 secutiones
1274 1857 1447 1932 iniquorum
1485 1859 1548 1918 sine
1576 1865 1742 1923 cessatione
1770 1867 1899 1942 tolerat,

184 1973 231 2014 vas
242 1961 272 2014 et
285 1957 347 2014 duo
361 1957 586 2016 candelabrain
601 1963 767 2033 conspeetu
786 1958 905 2016 Domini
929 1961 1014 2015 terrae
1069 1944 1124 2001 1111
1136 1949 1238 2002 18111611
1252 1961 1349 2020 1181110
1361 1945 1403 2004 ad
1413 1948 1520 2006 mundi
1533 1951 1774 2012 11111111111111811111
1801 1955 1899 2014 dcicc-

186 2046 291 2118 (Apoc,
302 2063 342 2116 ῃ,
353 2050 393 2114 4),
411 2069 425 2098 „
441 2048 600 2121 Sequitur,
1069 2037 1101 2090 tu
1115 2033 1267 2106 perdurat.
1281 2039 1423 2092 Arcturus
1432 2052 1504 2108 crgo
1519 2038 1594 2096 dum
1606 2047 1755 2114 versatur,
1767 2045 1898 2118 erigitur,

1070 2120 1143 2194 quia
1154 2123 1225 2177 tuuc
1236 2126 1340 2179 saneta
1350 2123 1479 2182 Ecclesia
1493 2126 1639 2184 valentius
1656 2129 1688 2186 in
1712 2133 1835 2190 veritate
1853 2149 1900 2190 re·

224 2209 307 2266 Vsus.
324 2211 350 2266 8.
368 2209 426 2277 Qui
438 2209 573 2266 cremate
585 2209 674 2268 coetos
687 2210 779 2266 rotas.
791 2207 913 2276 -Quid
931 2224 1017 2266 nam-
1070 2207 1178 2278 licitur,
1193 2224 1265 2265 oum
1275 2209 1428 2267 ardentius
1443 2227 1498 2286 pro
1512 2214 1636 2274 νει-11118
1647 2217 1798 2290 fatigatur.
1820 2221 1902 2279 Orio-

186 2312 247 2371 que
261 2296 408 2354 coelorum
423 2298 557 2369 nomine,
586 2298 642 2356 nisi
667 2299 732 2356 haec
756 2299 863 2356 eadem
889 2297 1017 2356 coelestis
1072 2297 1253 2372 nesquippe
1266 2297 1298 2354 in
1311 2313 1368 2355 suo
1396 2304 1462 2357 ortu
1490 2305 1680 2376 tempestates
1707 2309 1847 2378 excitant,
1874 2314 1903 2367 et

187 2385 418 2459 praedicantium
432 2387 494 2445 vita
503 2388 641 2459 signatur
655 2387 669 2443 1
682 2391 723 2446 lle
734 2389 846 2463 quibus
860 2404 914 2463 per
937 2386 1018 2444 Psal-
1073 2385 1170 2442 maria
1195 2391 1351 2460 terrasque
1377 2388 1573 2460 perturbant.
1600 2392 1774 2466 Significant
1801 2401 1902 2455 autem

187 2474 310 2532 mistam
325 2475 450 2534 dicitur:
464 2475 559 2534 ‹coeli
570 2481 712 2534 enarrant
722 2477 848 2550 gloriam
860 2477 910 2535 Dei
921 2477 1014 2549 (Paul.
1070 2479 1229 2548 martyres.
1247 2475 1322 2542 Quia
1336 2476 1411 2533 dum
1439 2483 1543 2536 sancta
1570 2481 1701 2540 Ecclesia
1727 2485 1766 2542 ad
1791 2490 1903 2544 statum

186 2580 267 2632 xuu,
283 2565 321 2637 2).
337 2587 352 2616 a
368 2565 427 2640 lpsi
440 2565 532 2638 igitur
542 2565 618 2638 coeli,
633 2566 693 2640 ipsi
708 2567 753 2624 sol
767 2584 835 2625 esse
846 2581 1017 2624 memoran·
1069 2563 1290 2638 praedicationis
1300 2564 1434 2638 erigitur,
1449 2569 1570 2640 pondus
1581 2570 1795 2648 molestiasque
1803 2591 1903 2648 perse

191 2655 248 2710 tur.
259 2651 331 2710 call
345 2652 465 2723 scilicet,
481 2653 553 2728 quia
565 2653 777 2712 intercedendo
792 2659 962 2729 protegunt,
972 2653 1017 2712 sol
1070 2653 1227 2726 quentium
1240 2654 1369 2728 passuri,
1397 2655 1436 2712 ad
1463 2657 1531 2714 coeli
1546 2674 1634 2716 axem
1650 2663 1738 2735 qnasi
1758 2663 1788 2720 in
1803 2664 1902 2723 hicum

187 2745 299 2808 autem,
314 2742 388 2816 quia
405 2743 600 2818 predicando
614 2745 676 2801 vim
702 2743 814 2802 uminis
844 2744 1016 2803 ostendunt.
1072 2748 1227 2800 venerunt.
1244 2742 1367 2800 oriones
1382 2759 1453 2816 ergo
1464 2747 1574 2804 coelum
1584 2749 1687 2820 edidit,
1702 2769 1773 2810 cum
1799 2759 1904 2813 sancta

188 2832 347 2889 Commota
360 2830 451 2904 igitur
463 2836 552 2902 terra,
564 2833 631 2890 coeli
640 2833 751 2890 extenti
763 2836 844 2900 sunt,
858 2833 930 2908 quia
947 2850 1017 2892 cum
1072 2830 1204 2888 Ecclesia
1210 2837 1359 2908 martyres
1370 2833 1462 2891 misit.
1472 2839 1513 2892 Ex
1524 2838 1684 2895 (trionibus
1694 2841 1796 2915 itaque
1806 2843 1903 2900 hiems

186 2920 290 2978 iudaea
302 2921 343 2979 ad
356 2921 419 2979 vim
432 2921 649 2996 persecutionis
670 2922 833 2988 intremuit,
864 2923 1017 2995 apostolo·
1034 2965 1055 3022 C
1072 2919 1198 2992 horruit,
1210 2919 1282 2993 quia
1296 2926 1446 2979 crescente
1457 2928 1630 2982 sanctorum
1650 2931 1830 3001 constantia,
1856 2931 1905 2988 iri·

188 3029 257 3070 rum
267 3011 361 3068 vitam
372 3009 517 3068 Dominus
529 3009 559 3067 in
574 3013 752 3067 cunctarum
767 3009 901 3082 gentirun
914 3012 1018 3083 cogui-
1074 3007 1146 3081 gida
1158 3023 1244 3064 meus
1260 3007 1429 3066 infidelium
1443 3009 1483 3068 ad
1496 3015 1706 3086 tempestatem
1722 3033 1755 3075 se
1766 3034 1904 3091 persecu-

189 3101 269 3160 tione
282 3098 427 3158 dilatavit.
444 3097 571 3172 Augusti
584 3098 697 3174 quippe
713 3098 779 3156 coeli
794 3098 922 3168 lucrant,
949 3117 1020 3180 cum
1074 3097 1163 3154 tionis
1177 3095 1325 3153 excitavit.
1338 3097 1413 3163 Quid
1426 3099 1526 3172 itaque
1538 3101 1677 3172 Hyadum
1700 3105 1833 3175 nomine,
1849 3107 1906 3164 nisi

189 3189 347 3265 unaplabs
360 3191 403 3246 tot
417 3187 553 3260 egregios
579 3187 790 3261 predicatores
812 3189 943 3262 tenebat,
966 3189 1021 3246 sed
1074 3186 1212 3244 doctores
1227 3189 1338 3242 sanctae
1354 3186 1490 3244 Ecclesia
1506 3189 1691 3260 signantur?
1707 3193 1763 3260 Qui
1792 3199 1907 3254 remota

190 3281 272 3338 solus
287 3282 365 3337 Deus
380 3277 472 3335 coelos
486 3277 628 3350 extendit,
643 3277 696 3352 qui
725 3277 830 3336 secreti
857 3277 934 3336 mira
962 3277 1021 3336 dis-
1074 3279 1251 3350 tempestate
1265 3275 1491 3350 persecutionis,
1505 3277 1630 3352 expletis
1644 3281 1784 3340 noctibus
1807 3283 1907 3357 longis

189 3368 367 3443 pensatione
380 3365 496 3424 consilii
510 3365 722 3440 predicatores
735 3367 899 3424 suosunde
913 3367 1023 3442 permi-
1074 3365 1319 3437 infidelitatibus,
1349 3370 1421 3422 tunc
1447 3373 1558 3425 sancta
1583 3370 1717 3428 Ecclesia
1745 3373 1801 3430 orti
1827 3379 1907 3446 sunt,

193 3457 231 3516 sit
244 3457 274 3515 in
287 3473 351 3515 una
365 3459 453 3527 gente
466 3453 608 3528 opprimi,
624 3453 693 3512 lecit
706 3453 737 3512 in
752 3455 860 3512 mundi
883 3456 1021 3513 cardines
1077 3471 1147 3512 cum
1160 3454 1250 3512 ctiam
1265 3469 1319 3528 per
1333 3455 1515 3514 credulitatis
1528 3473 1656 3515 vernum
1671 3459 1798 3519 lucidior
1808 3479 1907 3520 annus

190 3548 260 3606 iude
271 3545 399 3606 dilatari.
415 3545 554 3619 Sequitur
571 3563 578 3602 :
595 3545 632 3601 Et
647 3545 794 3618 proditur
807 3561 899 3618 seper
910 3548 1022 3618 fluctus
1076 3544 1209 3620 aperitur
1221 3562 1228 3614 ;
1243 3548 1389 3601 vocantur
1401 3550 1504 3604 autem
1517 3547 1619 3606 Graeco
1634 3549 1784 3608 vocabulo
1809 3557 1908 3626 yetus,

190 3641 294 3697 marat.
309 3634 432 3702 -outd
445 3635 526 3692 enim
539 3633 632 3692 maris
646 3633 781 3707 nomine,
794 3633 853 3692 nisi
871 3633 903 3692 in
925 3635 1020 3693 bono·
1075 3632 1196 3708 pluvia.
1227 3635 1387 3706 Beneergo
1406 3635 1545 3708 llyadum
1560 3637 1760 3712 appellatione
1775 3641 1910 3716 expressi

191 3742 344 3786 rumnece
359 3721 602 3782 saviensmundi
610 3721 702 3795 hujus
724 3723 893 3780 amaritudo
919 3724 1021 3795 signa·
1077 3721 1224 3796 sunt,qui
1245 3721 1285 3778 ad
1298 3727 1409 3780 statum
1422 3725 1599 3783 universalis
1619 3728 1766 3802 Ecclesia,
1796 3735 1909 3790 sancta

191 3821 240 3874 tur
253 3818 267 3874 1
281 3815 356 3872 Hinc
369 3813 515 3887 seriptum
529 3816 596 3870 est:
627 3831 642 3867 ‹
667 3812 863 3884 congregans
889 3813 965 3870 sicut
991 3813 1022 3870 in
1076 3808 1320 3884 predicationis,
1346 3809 1445 3868 lerunt
1467 3812 1603 3870 imbres.
1633 3815 1707 3873 llinc
1732 3820 1847 3890 lloyses
1870 3818 1912 3876 ait

191 3909 257 3963 utre
271 3899 1022 3980 aquasmarialPsal.1xxr17).aSupertluctusergo
1078 3920 1092 3948 s
1109 3901 1300 3971 Exspectatur
1315 3898 1392 3955 siout
1406 3899 1509 3972 pluria
1523 3901 1677 3974 eloquium
1707 3921 1821 3976 meum,
1839 3929 1854 3957 »
1883 3910 1912 3964 et

192 3992 286 4052 maris
297 3989 443 4048 Dominus
457 3987 602 4060 graditur,
627 3987 700 4061 quia
731 4005 801 4045 cum
827 4005 859 4045 se
885 3989 1024 4063 procella
1077 3987 1300 4060 reliquatlleut.
1314 4003 1407 4055 xxxu,
1421 3989 1459 4060 2).
1476 3991 1509 4046 Et
1522 3989 1615 4046 lsaias
1631 4007 1667 4045 t«
1683 3993 1831 4050 llandabo
1858 4010 1913 4051 nu·

192 4075 409 4155 persecutionis
424 4074 552 4146 erigunt,
566 4073 782 4131 miraculorum
794 4075 859 4146 ejus
885 4076 1026 4148 obstupe·
1078 4073 1169 4130 bibus
1183 4073 1269 4140 meis,
1281 4087 1319 4129 nc
1331 4073 1438 4146 pluant
1453 4079 1625 4149 supeream
1640 4076 1769 4134 imbrem
1785 4079 1853 4150 (Ira.
1881 4095 1910 4148 v,

193 4167 324 4227 factione
339 4164 528 4236 tranguntur.
547 4161 696 4231 autumn
722 4167 855 4221 tumores
883 4163 1025 4222 humana
1080 4164 1118 4236 til.
1135 4183 1150 4212 a
1166 4160 1301 4218 Ertensis
1315 4161 1397 4218 enim
1412 4161 1494 4218 coelis
1509 4162 1653 4240 Dominus
1677 4164 1818 4224 formavit
1843 4169 1912 4224 Arc-

193 4255 326 4316 vesauise
340 4254 467 4325 mitigat,
483 4252 572 4328 quasi
598 4255 696 4310 erecta
723 4251 754 4309 iu
779 4252 901 4310 cumino
927 4253 1026 4312 undas
1080 4255 1193 4322 turum,
1208 4249 1281 4324 quia
1295 4249 1485 4308 inhonorem
1498 4251 1635 4310 deductis
1648 4253 1801 4328 apostolis,
1812 4255 1845 4312 in
1855 4271 1912 4312 coe-

193 4331 300 4408 calcet.
316 4347 368 4404 Tot
377 4343 459 4402 euim
470 4343 502 4400 in
514 4342 561 4400 his
574 4341 716 4400 fluctibus
729 4342 875 4398 [lominus
904 4359 1025 4414 gressus
1038 4313 1062 4370 D
1080 4341 1148 4399 lesti
1161 4341 1388 4398 conversatione
1407 4339 1545 4399 fundavit
1573 4343 1746 4402 Ecclesiam.
1774 4348 1912 4404 Formato

194 4435 306 4514 posuit,
322 4437 397 4509 quot
411 4431 550 4506 superbis
563 4431 806 4507 persecutoribus
819 4431 966 4490 miracula
979 4449 1026 4490 os-
1080 4447 1202 4506 quoque
1214 4433 1349 4500 Arcturo,
1363 4429 1431 4488 iecit
1457 4431 1591 4504 oriones,
1617 4434 1670 4508 qui
1694 4435 1833 4494 roborata
1851 4435 1912 4493 fide

196 4523 301 4585 tendit.
317 4521 402 4581 Unde
416 4520 573 4579 Psalmista
588 4521 649 4578 ait:
667 4543 681 4570 ι(
709 4519 856 4578 llirabiles
882 4521 1026 4579 elationes
1080 4519 1257 4578 universalis
1271 4519 1403 4578 Ecclesia
1416 4525 1521 4579 contra
1530 4523 1679 4596 procellas
1692 4525 1800 4582 mundi
1820 4525 1914 4582 edidit

197 4615 302 4684 maris,
318 4610 466 4670 mirabilis
480 4610 513 4668 in
525 4609 592 4669 altis
605 4608 750 4668 Dominus
764 4609 860 4678 (Paci.
873 4627 940 4680 ren,
956 4611 993 4684 1).
1011 4634 1026 4662 a
1080 4615 1237 4684 martyres.
1252 4609 1344 4666 Editis
1360 4625 1483 4684 quoque
1497 4611 1668 4684 orionibus,
1684 4612 1807 4686 protulit
1833 4614 1912 4686 Hya-

200 4701 288 4772 ouod
299 4699 378 4760 bene
392 4716 447 4776 per
458 4699 618 4757 teremiam
629 4697 773 4755 Dominus
788 4697 858 4756 dicit
873 4716 880 4756 :
909 4722 923 4750 r
939 4697 1029 4758 posui
1081 4699 1147 4772 das,
1161 4699 1234 4774 quia
1248 4697 1527 4756 convalescentibus
1542 4705 1647 4758 contra
1661 4700 1789 4758 adversa
1802 4705 1914 4775 marty-

199 4807 324 4850 arenam
336 4788 500 4848 terminum
506 4787 595 4858 mari,
605 4791 790 4862 preceptum
800 4787 1027 4861 sempiternum,
1082 4789 1177 4859 ribus,
1185 4787 1224 4845 ad
1232 4785 1449 4846 infundendam
1462 4787 1629 4846 ariditatem
1637 4789 1840 4848 humanorum
1851 4807 1914 4850 ocr-

198 4879 283 4956 quod
309 4893 372 4936 non
400 4875 585 4954 preteribit,
621 4881 649 4934 et
680 4875 973 4947 commovebuntur,
1000 4881 1030 4934 et
1083 4877 1178 4947 dium,
1194 4874 1363 4933 doctrinam
1374 4875 1499 4934 contulit
1509 4877 1734 4948 magistrorum.
1750 4881 1911 4956 Sequitur:

198 4986 261 5030 non
284 4970 448 5044 poteruut;
477 4970 506 5024 et
530 4965 730 5023 intumescent
754 4964 863 5024 fluctus
886 4965 971 5039 ejus,
1000 4969 1029 5024 ct
1083 4965 1283 5024 Etintertoro
1297 4966 1404 5022 castrt
1421 4997 1456 5008 -
1475 4966 1553 5033 Quid
1579 4968 1635 5026 hoc
1658 4969 1751 5028 austri
1778 4973 1912 5041 nomine,

198 5075 262 5118 non
290 5056 460 5116 transibunt
485 5054 560 5113 illud
590 5055 663 5128 (Jcr.
692 5071 721 5112 r.
758 5055 825 5128 21).
856 5077 871 5108 »
896 5057 1028 5114 menam
1084 5055 1145 5116 nisi
1161 5055 1261 5112 femor
1287 5053 1384 5111 sancti
1399 5055 1524 5130 Spiritus
1547 5059 1719 5132 assignatur
1732 5061 1746 5118 1
1761 5062 1826 5128 Quo
1839 5059 1914 5116 dum

198 5145 312 5220 quippe
337 5145 481 5203 Dominus
505 5144 583 5204 mari
594 5142 744 5220 opposuit,
757 5144 882 5218 quaudo
898 5144 938 5202 ad
947 5144 1028 5202 iran-
1084 5144 1215 5220 repletus
1227 5142 1358 5218 quisque
1374 5143 1472 5215 irrerit,
1499 5146 1538 5204 ad
1572 5163 1697 5207 amoren
1721 5147 1825 5221 patria
1853 5144 1913 5216 spi-

199 5234 333 5306 gandam
365 5234 473 5292 muudi
509 5234 648 5304 gloriam,
671 5233 806 5305 abjectos
830 5237 859 5290 et
879 5248 1029 5306 pauperes
1084 5233 1200 5291 ritualia
1228 5230 1365 5302 ignescit.
1395 5233 1469 5292 Hinc
1495 5236 1575 5294 enim
1602 5237 1739 5295 dicitur:
1765 5253 1780 5280 «
1809 5231 1913 5304 Surge,

200 5323 310 5395 elegit,
349 5321 404 5380 scd
431 5323 556 5380 transire
585 5337 710 5381 arenam
750 5325 928 5395 nequeunt,
958 5323 1031 5396 quia
1085 5321 1197 5398 aquilo,
1214 5325 1243 5378 et
1258 5320 1487 5396 veni,auster,›
1502 5324 1660 5396 etreliqua
1680 5318 1781 5390 (caat.
1799 5334 1839 5390 rr,
1859 5320 1911 5394 lt).

200 5413 414 5488 despectorum
439 5409 592 5469 miraculis
606 5415 635 5469 et
650 5409 817 5470 humilitate
840 5411 1028 5482 tranguntur.
1085 5412 1229 5472 luteriora
1249 5427 1320 5484 ergo
1350 5415 1443 5473 austri
1472 5405 1714 5484 suntoccultiilli
1735 5410 1914 5482 angelorum

203 5504 367 5580 Sequitur:
1085 5503 1217 5574 ordines,
1246 5505 1275 5559 et
1303 5503 1509 5560 secretissimae
1542 5495 1646 5568 patriae
1674 5497 1803 5556 coelestis
1831 5499 1914 5553 sinus

183 5579 194 5670 ’ρ
237 5595 324 5652 Vasa.
341 5597 368 5652 9.
382 5590 525 5662 Quisacit
539 5589 742 5649 Arcturamet
762 5591 895 5650 Oricnes.
920 5623 954 5636 -
978 5595 1032 5651 lte·
1087 5609 1166 5668 quos
1180 5591 1285 5667 implet
1314 5591 1396 5650 calor
1419 5585 1544 5660 Spiritus
1572 5587 1676 5646 sancti.
1702 5587 1773 5645 llluc
1801 5585 1914 5658 quippe
