4156 6182
227 91 260 144 tt
820 92 849 148 S.
869 92 941 162 0Βο
961 91 1075 148 anuas
1093 91 1355 156 ctuuracausis.
1907 108 1939 160 lb

223 213 371 270 loannem
385 226 404 268 a
417 225 501 268 num.
517 215 562 282 tt,
579 211 632 286 qui
644 227 729 270 num.
745 216 790 284 28,
806 213 871 270 haee
885 214 923 270 de
937 229 973 271 ao
985 213 1055 270 scri·
1072 215 1098 268 A
1112 231 1190 274 mus.
1206 218 1238 274 ld
1251 218 1373 284 lactum,
1393 220 1540 278 ‹instante
1554 238 1635 280 anno
1649 228 1701 281 926
1716 246 1730 274 a
1745 223 1848 280 scribit
1857 225 1941 284 ebro-

224 299 296 358 bere
310 299 415 374 pergit.
435 316 471 354 :«
486 300 561 356 Sunt
587 301 733 358 hactenus
759 301 881 370 evoluti,
904 302 936 358 ni
957 302 1053 373 fallor,
1111 307 1202 364 nioon
1221 309 1411 368 llalleacense
1429 328 1435 366 :
1452 317 1482 368 at
1496 313 1625 369 rationes
1654 313 1773 369 anobis
1801 313 1939 372 adductas

224 389 387 464 plusquam
401 387 524 461 triginta
537 390 620 460 anni,
634 407 671 447 cx
696 407 759 465 quo
773 391 851 449 intra
877 391 977 466 ipsam
991 408 1055 449 ere·
1111 391 1193 448 abud
1208 393 1337 451 suadent
1351 413 1358 451 ε
1374 396 1486 469 quibus
1500 396 1615 454 accedit
1629 397 1873 470 llartyrologium
1886 401 1938 456 Le·

224 495 309 534 mum
323 477 436 548 deguit,
453 477 614 536 Dominicis
629 483 745 538 tanturn
766 480 873 538 diebus
888 486 940 538 aut
954 481 1056 555 praeci·
1110 481 1283 540 moricensc
1294 483 1447 542 achesnio
1459 485 1586 542 relatum
1598 486 1629 541 in
1638 486 1717 542 notis
1728 486 1768 542 ad
1782 486 1939 544 bibliothe-

223 566 292 641 puis
307 565 515 624 festivitatibus
543 567 583 624 ad
604 569 823 628 monasterium
854 570 948 627 sancti
969 570 1055 642 Petri,
1110 585 1179 626 cam
1192 571 1428 630 cluniacensem.
1439 573 1537 631 Odoni
1550 575 1712 632 commissa
1720 575 1802 632 luere
1812 576 1868 634 tria
1878 593 1941 634 mo-

222 656 306 730 quod
320 655 498 712 cluniacum
509 656 626 726 dicitur,
637 658 709 732 quia
721 659 842 716 duobus
853 659 912 716 lere
922 659 1056 717 millibus
1108 659 1266 728 nastasia*
1281 661 1464 732 luniaceuse,
1479 662 1677 720 llasciacense
1692 679 1728 720 ac
1737 663 1873 722 Dolensc.
1885 666 1940 721 wi-

222 762 318 822 prope
333 749 387 816 est,
403 747 535 804 assuevit
554 747 747 820 descendere,
773 753 894 824 sumpta
918 749 1057 806 videlicet
1108 745 1181 803 doni
1193 749 1718 824 Bernonisconsanguineoquatuor,
1730 752 1938 824 (igniacense,

223 834 594 910 momentaneamque
613 836 670 894 sibi
685 853 797 910 panem
811 839 957 896 conticere
970 839 1054 908 solet,
1107 836 1274 907 Balmense‚
1296 839 1474 908 AEtbicense,
1490 855 1526 896 ac
1550 840 1624 897 cella
1649 841 1744 898 sancti
1760 842 1892 910 taaleni,
1906 847 1940 898 ut

224 927 253 982 et
263 923 341 980 tabe
354 923 461 998 paucis
477 925 591 996 granis,
603 942 677 984 mox
690 926 730 983 ad
738 942 873 984 eremum
885 928 1052 986 revertitur.
1107 925 1203 983 iusius
1218 929 1388 1002 expositum
1401 935 1446 986 est
1459 930 1489 986 in
1505 929 1602 1000 elogio
1614 930 1708 1003 ipsius
1724 932 1878 988 tiemonis.

224 1012 298 1072 vino
310 1028 366 1071 nec
380 1013 544 1088 aliquando
571 1016 682 1073 utitur:
700 1016 788 1089 adipe
815 1033 887 1074 vero
916 1017 963 1074 vel
989 1018 1055 1075 oleo
1147 1016 1188 1073 lt.
1205 1017 1349 1075 Praeclara
1360 1019 1484 1076 omuino
1495 1019 1715 1077 acmultaeunt
1726 1036 1794 1093 que
1808 1021 1872 1079 Ode
1888 1021 1939 1078 ab

224 1103 290 1175 eius
307 1102 391 1160 cibus
405 1117 467 1160 non
487 1104 635 1161 conditur.
667 1105 778 1163 Patitur
811 1106 895 1164 omni
922 1111 1056 1180 tempere
1108 1103 1165 1162 bas
1180 1105 1278 1176 gessit.
1297 1105 1498 1164 cluniacensis
1510 1108 1683 1164 monasterii
1696 1109 1847 1182 perfectio,
1861 1111 1940 1182 ejus-

224 1189 318 1262 lrigus
333 1195 361 1248 et
376 1190 507 1248 calorem
530 1209 537 1246 ι
558 1193 689 1250 calorem
701 1193 778 1250 inter
794 1194 948 1268 scapulas,
962 1194 1056 1266 frigus
1108 1207 1168 1265 que
1183 1192 1343 1263 dedicflio,
1368 1195 1532 1267 privilegia,
1563 1197 1647 1261 ritus,
1675 1203 1704 1255 et
1728 1203 1834 1256 exacta
1847 1198 1937 1255 disci·

223 1279 300 1336 inter
325 1295 434 1338 manus
461 1285 490 1337 et
517 1281 652 1340 brachia.
669 1305 682 1332 s
713 1282 858 1340 Praeclara
877 1282 1055 1340 omninode
1109 1281 1202 1354 plina,
1218 1281 1258 1338 ad
1272 1283 1360 1354 cujus
1379 1300 1518 1340 normam
1543 1291 1641 1343 erecta
1655 1292 1708 1344 aut
1722 1287 1865 1359 adjuncta
1881 1288 1939 1344 alia

224 1369 395 1441 adhegrino
440 1387 532 1444 quem
561 1371 592 1428 in
614 1371 719 1428 album
739 1376 914 1428 sanctorum
928 1372 1056 1429 relatum
1110 1369 1301 1437 monasteria,
1312 1388 1348 1428 ex
1359 1372 1471 1445 quibus
1482 1375 1723 1444 congregationis
1734 1376 1938 1434 cluniacensis

224 1475 290 1516 esse
307 1459 450 1518 chesnius
463 1459 494 1515 in
504 1460 582 1516 notis
605 1464 737 1516 testatur.
755 1461 888 1518 Meritum
910 1477 972 1518 non
991 1462 1056 1518 inii·
1110 1475 1220 1532 cerpus
1234 1460 1398 1517 condatum
1413 1467 1477 1530 est;
1506 1465 1641 1521 Romana
1672 1464 1778 1522 itinera
1802 1465 1938 1522 Ecclesia

224 1548 286 1606 cior
297 1565 304 1604 ε
316 1548 646 1620 auctoritatemquoero.
660 1548 736 1606 Nihil
745 1549 825 1606 enim
839 1550 876 1606 de
885 1550 1056 1621 adhegrino
1074 1570 1095 1626 p
1110 1546 1192 1604 bono
1209 1551 1362 1622 suscepta,
1386 1551 1548 1608 concordia
1561 1553 1742 1626 principum,
1766 1554 1895 1611 charitas
1908 1553 1940 1610 in

223 1637 256 1693 in
270 1635 490 1709 Martyrologiis
506 1641 557 1693 aut
569 1637 726 1694 Breviariis
740 1639 869 1704 invenio,
885 1638 1000 1696 nullam
1018 1640 1056 1697 de
1110 1652 1269 1711 pauperes,
1285 1637 1403 1712 aliaque
1416 1639 1446 1695 id
1458 1655 1553 1710 genus
1567 1640 1677 1698 eximia
1701 1641 1845 1712 facinora,
1862 1642 1939 1699 Odo-

225 1727 290 1798 ejus
301 1725 376 1782 testo
405 1725 572 1800 reliquiisve
596 1725 679 1800 apud
706 1727 916 1785 Cluniacenses
937 1733 1056 1786 nostros
1109 1725 1157 1781 nis
1170 1726 1285 1782 lamam
1301 1726 1412 1801 ubique
1425 1727 1573 1784 celebrem
1589 1729 1792 1787 reddiderunt.
1808 1730 1938 1801 Legendi

224 1814 414 1872 memoriam.
441 1815 546 1874 Nescio
571 1831 612 1872 an
636 1815 774 1889 ejusdem
788 1816 819 1874 in
842 1833 943 1875 eremo
957 1818 1056 1876 socius
1110 1813 1156 1870 his
1171 1814 1208 1870 de
1223 1813 1314 1870 rebus
1329 1817 1460 1872 loannes
1483 1816 1516 1872 in
1541 1816 1593 1872 lib.
1608 1833 1640 1874 ru
1656 1822 1684 1874 et
1710 1816 1861 1890 Nalgodus
1878 1837 1885 1875 :
1902 1836 1937 1875 ex

224 1904 313 1962 luerit
325 1906 423 1962 ltroco
435 1904 630 1962 Floriacensis
644 1906 814 1962 monachus
824 1906 988 1979 piissimus,
1004 1907 1057 1982 qui
1110 1903 1221 1976 quibus
1236 1904 1378 1977 quiedam
1393 1905 1529 1962 hocloco
1544 1905 1691 1964 illustrare
1705 1907 1845 1978 sufficiat,
1856 1923 1938 1964 nem-

224 1993 1056 2069 incoenobiticaconversationeprobatus,eremisingu-
1109 2005 1148 2064 pe
1162 1990 1368 2049 Cluniacensis
1398 1993 1570 2050 monasterii
1598 1993 1671 2050 ritus
1686 2011 1722 2052 ac
1749 1995 1936 2068 dignitatem,

223 2082 319 2140 larem
328 2087 544 2155 aggressusest
553 2098 689 2156 pugnam
699 2099 735 2141 eo
745 2083 776 2140 in
785 2084 862 2155 loco,
873 2107 887 2136 «
894 2085 947 2159 qui
954 2085 1057 2143 limma
1110 2078 1238 2136 aliorum
1252 2079 1504 2138 monasteriorum
1521 2082 1764 2140 emendationem
1779 2100 1833 2142 seu
1857 2085 1938 2142 insti·

225 2169 442 2241 dieitur‚»teste
452 2171 591 2231 Aimoirro
601 2172 800 2246 insuperioris
811 2174 896 2244 tomi,
908 2191 980 2248 pag.
991 2176 1054 2233 361.
1109 2167 1265 2236 tutionem,
1280 2171 1416 2226 Romana
1442 2169 1557 2226 itinera.
1574 2173 1705 2228 Primum
1721 2172 1770 2230 hic
1785 2173 1912 2247 expedio
1930 2192 1936 2230 :

261 2261 305 2320 12,
321 2261 418 2320 Odoni
439 2277 494 2336 pro
517 2261 688 2334 Adhegrino
713 2263 829 2322 socium
843 2264 1056 2322 Teuthelonem
1110 2255 1163 2312 sed
1177 2255 1260 2329 prius
1274 2256 1312 2312 de
1336 2257 1494 2314 monastici
1510 2257 1623 2316 ordinis
1646 2275 1700 2332 per
1713 2259 1743 2316 id
1767 2265 1886 2335 tempus
1908 2261 1939 2318 in

224 2350 362 2423 adjungit
370 2351 534 2408 chronicon
544 2350 754 2409 llalleaecnsc:
771 2373 785 2402 a
797 2351 910 2408 Eodem
920 2356 1056 2425 tempore
1111 2344 1204 2402 Gallie
1219 2349 1297 2402 stulu
1309 2346 1462 2416 agendum
1478 2352 1532 2404 est·

225 2438 326 2496 adbuc
340 2438 459 2496 vivente
473 2439 636 2512 Turpione,
646 2438 710 2497 0do
723 2444 751 2495 et
764 2439 905 2498 Teutbelo
919 2441 1057 2498 canonici
1148 2435 1190 2490 ¹⁶·
1207 2435 1370 2507 p0⁸llluam
1384 2440 1517 2507 august&
1531 2429 1581 2492 fflfl
1597 2436 1707 2510 capita,
1720 2438 1843 2495 CarOlus
1860 2441 1895 2496 Μ·
1911 2443 1940 2495 tl

226 2526 322 2585 sancti
340 2526 456 2586 Martini
474 2525 676 2600 illustrissimi,
692 2527 890 2601 adimplentes
908 2529 1054 2602 evangeli·
1111 2523 1279 2579 tudovicus
1302 2523 1379 2587 Pius,
1408 2524 1446 2582 de
1460 2525 1644 2582 restituendo
1658 2526 1689 2583 in
1710 2526 1818 2584 melius
1834 2527 1939 2586 ordine

226 2620 498 2690 eumpreceptum,
512 2614 659 2674 derelictis
674 2616 816 2673 omnibus
834 2617 896 2674 suis
905 2634 1055 2692 pauperes
1111 2611 1206 2669 sancti
1221 2611 1369 2669 Benedicti
1384 2613 1460 2670 serio
1475 2615 1615 2686 egissent,
1631 2631 1797 2691 eorumque
1810 2619 1938 2674 auctori-

225 2719 391 2778 pauperem
402 2704 551 2762 Christum
562 2703 656 2761 secuti
666 2709 744 2772 sunt,
754 2708 783 2761 et
795 2704 937 2764 cluniaco
950 2711 1056 2764 saneto
1111 2704 1168 2758 tate
1183 2699 1214 2756 id
1227 2698 1372 2757 effecisset
1386 2702 1561 2759 Benedictus
1586 2703 1683 2761 abbas
1702 2705 1891 2776 anianensis,
1907 2711 1940 2762 ut

225 2793 331 2851 habitu
344 2797 373 2850 et
383 2793 445 2850 vita
456 2792 553 2850 induti
563 2797 642 2850 sunt.
652 2793 735 2850 Unde
745 2798 821 2850 nutu
832 2794 883 2851 liei
898 2795 962 2852 Ode
973 2796 1055 2852 abba
1111 2788 1253 2862 pleraque
1266 2789 1366 2846 Gallia
1379 2791 1562 2848 monasteria
1586 2791 1643 2849 sub
1659 2807 1718 2850 uno
1733 2793 1829 2865 capite
1848 2794 1938 2850 veluti

224 2881 574 2958 preluitsanctissimus,
591 2881 668 2942 sicut
687 2883 882 2956 sequentibus
897 2883 1054 2942 dicemus:
1075 2895 1172 2974 cutra
1196 2879 1388 2950 congregatio
1410 2879 1546 2952 religiose
1574 2881 1723 2950 viverent3
1751 2880 1937 2956 sperandum

113 2999 125 3018 κ
226 2970 367 3030 Teutbelc
374 2970 500 3044 jubente
508 2971 618 3029 abbate
628 2986 683 3029 suo
691 2971 935 3046 archiepiscopus
945 2973 1056 3030 invitus
1110 2968 1266 3026 videbatur
1291 2984 1359 3026 eam
1382 2969 1571 3043 disciplinam
1599 2971 1651 3026 diu
1676 2969 1881 3042 substituram,
1907 2972 1937 3028 ni

226 3063 419 3120 consecratur
432 3059 566 3124 Turonis,
582 3081 597 3110 »
610 3063 665 3116 cto.
681 3061 790 3116 Verum
804 3059 835 3116 id
845 3060 882 3116 de
893 3060 1055 3120 Teutelone
1110 3058 1255 3116 exstincto
1270 3058 1439 3128 Benedicta,
1453 3059 1505 3132 qui
1520 3060 1585 3127 eius
1600 3065 1704 3116 auctor
1716 3077 1751 3117 ec
1764 3061 1938 3135 presidium

225 3163 280 3206 seu
293 3148 452 3206 Tectolcne
465 3147 1054 3221 falsumesseexsupericribusintelligi·
1110 3151 1183 3216 erat,
1208 3145 1356 3202 bellorum
1385 3161 1455 3202 cum
1484 3145 1626 3213 civilium,
1656 3151 1720 3202 tum
1746 3152 1938 3206 externorum

225 3238 283 3304 tur,
297 3239 387 3309 atque
400 3233 531 3308 amplius
542 3250 579 3290 ex
591 3234 843 3308 consequentibus
851 3237 1018 3310 apparebit.
1111 3239 1312 3310 tempestates,
1327 3240 1355 3292 et
1369 3251 1464 3306 regno
1480 3234 1629 3301 universo.
1645 3240 1674 3293 et
1685 3236 1727 3293 rei
1739 3241 1801 3294 tam
1817 3237 1939 3312 praecla-

264 3324 385 3384 lapset
394 3321 583 3396 aliquantum
591 3322 733 3396 temporis
743 3322 880 3380 odonem
888 3324 1056 3382 sacerdotio
1110 3341 1149 3382 rae
1163 3324 1331 3382 vastitatem
1345 3323 1523 3381 intulissent.
1536 3327 1610 3381 Nam
1623 3341 1692 3381 cum
1707 3324 1745 3381 de
1760 3341 1880 3384 summa
1892 3341 1938 3382 re·

163 3433 168 3438 ·
225 3411 353 3484 dignum
362 3417 507 3487 reputans
516 3413 622 3482 Borno,
632 3432 648 3462 s
657 3411 906 3484 promoviteum;
922 3417 1056 3470 etaccer·
1110 3430 1179 3470 rum
1192 3413 1422 3470 interLudovici
1450 3411 1491 3469 Pii
1511 3412 1598 3478 filios,
1618 3414 1732 3472 nedum
1754 3415 1938 3473 ludovicum

227 3500 285 3560 aito
298 3501 451 3575 episcope,
467 3500 531 3557 sine
546 3515 603 3556 suo
623 3499 698 3557 velle
714 3516 888 3559 consecrare
903 3517 974 3558 eum
989 3502 1057 3560 lecit
1109 3503 1220 3578 ipsum,
1237 3501 1388 3560 atrocibus
1414 3502 1545 3559 dissidiis
1563 3502 1796 3577 disceptaretur;
1823 3521 1860 3561 ex
1886 3505 1940 3561 im-

226 3588 424 3650 saeerdotem.
443 3610 457 3640 υ
470 3591 542 3646 lieni
556 3587 819 3662 explicatloannes
842 3603 927 3646 num.
944 3595 990 3662 37,
1003 3590 1055 3648 sed
1110 3593 1230 3666 proviso
1245 3590 1420 3650 Nortmanni
1432 3607 1469 3648 ex
1487 3591 1690 3666 septentrione
1705 3593 1735 3649 irr
1758 3591 1883 3650 Gelliam
1899 3593 1938 3649 ir·

226 3679 369 3754 episeopo
382 3677 466 3736 baud
479 3677 647 3736 nominato.
664 3678 931 3736 «Bisuntinensam
944 3680 1057 3737 archie-
1108 3697 1227 3756 rupere,
1242 3681 1295 3756 qui
1320 3679 1551 3754 rempublicam,
1567 3682 1633 3754 jam
1656 3681 1741 3740 bellis
1767 3682 1938 3742 domestIcis

225 3768 388 3842 piscopum
403 3791 417 3820 »
446 3771 580 3840 suggerit
608 3767 772 3839 Nalgodus,
802 3768 855 3826 sed
884 3783 1054 3844 perperam.
1109 3769 1263 3834 violatam,
1286 3785 1340 3843 per
1364 3785 1461 3828 annos
1476 3769 1631 3842 sexaginta
1650 3770 1758 3829 misere
1780 3770 1940 3830 labetacta-

219 3859 349 3920 .Gonstat
363 3857 513 3932 siquidem
527 3874 563 3916 ex
574 3857 699 3916 loannis
720 3857 788 3915 loco
801 3857 966 3932 pracitato,
980 3859 1057 3917 Ode
1109 3861 1189 3916 runt.
1202 3859 1283 3916 liinc
1298 3859 1411 3933 quippe
1425 3859 1497 3933 pagi
1511 3858 1542 3915 in
1551 3857 1741 3916 solitudinem
1755 3857 1878 3930 redacti,
1888 3875 1939 3915 ur-

225 3965 297 4008 nem
310 3953 418 4022 rogatu
432 3947 566 4024 episcopi
580 3947 759 4006 ordinatoris
776 3947 823 4006 sui
850 3965 886 4006 ac
904 3953 1056 4023 praecepto
1109 3948 1355 4022 bessxpugnetae
1370 3951 1399 4006 et
1420 3948 1560 4018 incense,
1588 3946 1718 4004 ecclesie
1745 3946 1777 4004 in
1801 3946 1938 4021 predam

226 4038 344 4097 abbatis
356 4039 565 4112 composuisse
577 4041 636 4096 tres
646 4037 762 4096 libellos
784 4037 822 4096 de
849 4038 1056 4096 sacerdotibus
1109 4035 1198 4106 detra,
1206 4035 1406 4111 pessumdata
1415 4037 1607 4106 monasteria,
1618 4035 1760 4094 monachi
1770 4035 1881 4111 partim
1890 4052 1940 4094 ne·

226 4151 241 4180 a
256 4144 294 4186 ex
307 4129 443 4186 Jeremie
455 4127 607 4198 vaticinio,
624 4149 638 4178 »
652 4127 684 4184 id
703 4131 759 4196 est,
775 4131 834 4184 tres
862 4128 1056 4186 collationum
1111 4126 1179 4196 eati,
1195 4127 1306 4202 partim
1318 4125 1423 4197 fugati,
1439 4127 1492 4199 qui
1513 4125 1643 4182 collectis
1671 4129 1845 4184 sanctorum
1870 4125 1938 4182 reli-

225 4218 329 4288 libros,
340 4217 394 4290 qui
403 4217 545 4289 Turpioni
554 4217 695 4290 episcopo
707 4217 912 4274 lemovicensi
921 4218 1056 4291 inscripti
1111 4215 1190 4288 quiis
1206 4213 1331 4288 aliisque
1346 4213 1513 4280 sarcinulis,
1528 4229 1590 4286 quo
1611 4213 1682 4270 belli
1700 4214 1832 4289 impetus
1846 4217 1940 4271 verte·

225 4309 304 4363 sunt.
321 4306 348 4362 ls
361 4320 433 4377 ergo
447 4304 607 4378 episcopus
622 4304 719 4362 odoni
738 4305 939 4362 sacerdotium
953 4311 1057 4364 contu·
1111 4303 1174 4373 bat,
1184 4302 1254 4360 inde
1270 4319 1302 4360 se
1312 4303 1521 4378 proripientes.
1538 4301 1578 4361 ad
1588 4303 1707 4372 tutiora,
1719 4305 1745 4362 si
1755 4320 1823 4379 quae
1834 4319 1938 4362 occur·

225 4393 259 4452 lit
272 4393 364 4468 paulo
377 4398 446 4452 ante
460 4392 644 4450 abbatialem
658 4392 844 4464 dignitatem.
1111 4392 1229 4466 rissent,
1242 4391 1517 4468 locadeclinabant,
1529 4396 1581 4450 aut
1594 4391 1762 4467 palabundi
1777 4393 1870 4452 vitam
1882 4392 1939 4449 mi·

226 4483 293 4540 (tir.
314 4485 358 4540 lv.
373 4482 586 4555 -Abbatialis
612 4483 755 4554 utendas,
770 4483 930 4541 monastici
940 4483 1057 4542 ordinis
1111 4481 1371 4540 scramtraducere
1381 4481 1431 4540 vix
1442 4482 1626 4540 sinebantur.
1640 4481 1868 4540 Sicubiverocis
1878 4487 1941 4540 lan·

589 4577 698 4630 status.
1111 4571 1203 4646 tisper
1216 4571 1365 4646 respirare
1376 4587 1553 4630 concessum
1566 4575 1733 4642 erat,casas
1745 4587 1801 4644 pro
1813 4569 1939 4629 modulo

264 4659 1058 4738 tl.Nam«perilludtempusexitialilanguorecoepit
1110 4678 1146 4720 ac
1156 4665 1290 4734 tempore
1302 4660 1482 4732 sarciebant,
1491 4661 1523 4716 in
1537 4659 1649 4733 quibus
1659 4673 1721 4715 non
1741 4661 1802 4714 tam
1824 4673 1939 4714 norme

144 4825 149 4832 .
225 4751 408 4810 decumbere
422 4760 507 4826 pater
520 4753 645 4818 Bernus,
660 4773 674 4803 »ι
689 4751 768 4826 qui«
784 4752 983 4810 mcxvicinos
996 4753 1057 4828 epi·
1109 4748 1249 4822 regulari,
1265 4764 1357 4822 vam
1369 4749 1484 4806 vitaac
1498 4747 1586 4806 saluti
1600 4744 1771 4820 prospicere
1789 4743 1939 4813 cogeban-

227 4857 337 4916 scopos
356 4841 521 4913 accersivit,
534 4845 563 4898 et
576 4841 616 4899 ab
631 4841 714 4899 omni
727 4841 832 4899 ordine
856 4857 888 4900 se
903 4842 1054 4916 deposuit.
1110 4831 1166 4896 t'ur.
1183 4835 1370 4904 Quibusdam
1385 4836 1416 4894 in
1430 4836 1517 4902 locis,
1529 4833 1583 4891 ubi
1599 4831 1757 4890 monastici
1771 4827 1885 4887 ordinis
1895 4830 1941 4887 in-

226 4929 362 5003 llogabat
374 4931 451 4989 inter
461 4931 527 4990 haec
540 4929 632 4988 verba
645 4929 762 5001 fratres,
778 4935 811 4988 ut
821 4930 879 4988 sibi
888 4948 980 5006 quem
993 4931 1055 4990 vel·
1110 4927 1182 4984 cola
1196 4925 1385 4994 deficiebant,
1394 4924 1517 4998 pauculi
1531 4939 1596 4980 sese
1611 4921 1755 4992 collegere
1764 4917 1872 4992 cleriei,
1886 4923 1940 4997 qui

225 5019 297 5090 lent,
308 5024 426 5094 patrem
440 5020 592 5093 eligerent.
604 5020 832 5079 Tuucmanibus
841 5021 978 5091 fratrum,
989 5045 1003 5072 a
1011 5020 1055 5078 in·
1109 5019 1239 5074 veterem
1261 5015 1481 5072 monachorum
1505 5011 1728 5088 possessionem
1753 5009 1937 5082 insederunt,

224 5109 1055 5185 quithannesnumer‚«paternosterceptus,ctqussi
1109 5120 1237 5180 eamque
1247 5104 1337 5162 rebus
1345 5103 1435 5162 etiam
1444 5099 1652 5160 serenatissihi
1662 5099 1858 5158 retinuerunt.
1866 5101 1938 5158 ilinc

224 5198 369 5258 violenter
383 5199 569 5264 constrictus,
586 5215 621 5258 ac
634 5198 893 5274 proclamantibus
912 5197 1054 5256 omnibus
1111 5193 1220 5251 ‘actum
1235 5197 1289 5264 cst,
1303 5197 1336 5250 ut
1348 5191 1457 5250 seculo
1469 5190 1587 5248 decimo
1601 5190 1733 5256 ineunte,
1745 5207 1815 5248 cum
1826 5187 1889 5246 Odo
1900 5187 1938 5244 dc

227 5289 259 5342 ut
272 5286 471 5360 ordinaretur,
487 5303 590 5346 coram
602 5287 712 5346 abbate
728 5304 783 5345 suo
797 5286 827 5343 vi
841 5289 886 5344 est
897 5285 1022 5343 ductus:
1037 5305 1052 5337 s
1108 5283 1276 5341 monastica
1288 5281 1349 5339 vita
1363 5281 1493 5352 cogitare
1519 5281 1618 5354 ooepit,
1635 5295 1733 5355 pauca
1747 5281 1939 5356 superessent

225 5377 255 5430 et
268 5395 283 5424 u
299 5382 457 5448 superatus
471 5377 594 5435 tandem
609 5377 822 5450 episcoporum
850 5373 1055 5432 excommuni-
1109 5371 1247 5432 coenobia
1261 5370 1493 5440 monachorum,
1503 5371 1633 5444 atquein
1642 5370 1747 5446 paucis
1758 5369 1814 5426 illis
1823 5367 1939 5424 sincera

225 5461 354 5536 wdone,
367 5463 524 5524 ordinatus
539 5469 584 5522 est
599 5487 613 5516 »ι
624 5463 721 5521 abbas
743 5461 836 5537 paulo
850 5467 921 5520 ante
935 5461 1052 5520 cbibrm
1109 5461 1213 5532 religio
1228 5461 1457 5530 desideraretur,
1471 5463 1504 5518 ut
1517 5476 1554 5517 ex
1567 5461 1691 5521 loannis
1706 5457 1758 5515 lib.
1769 5473 1790 5528 i,
1803 5459 1937 5525 numni,

223 5554 377 5628 bunone,
390 5569 482 5630 quem
494 5555 616 5614 ineunte
629 5567 711 5612 anno
724 5555 775 5610 927
802 5551 961 5624 contigisse
975 5552 1052 5611 dixi-
1108 5553 1137 5610 et
1151 5565 1187 5608 ex
1202 5550 1376 5625 prelatione
1388 5553 1493 5609 nestra
1506 5554 1694 5626 compertum
1708 5549 1762 5603 est.
