4160 6162
263 159 312 213 lit
793 155 821 210 S.
843 151 972 210 000le
991 151 1136 212 aetatis
1156 153 1404 212 CLUNlACENSlS
1423 155 1446 207 ll
1924 141 1977 196 168

262 285 324 337 tam
339 295 445 336 meram.
461 275 587 341 -Quid
608 280 653 332 est
665 275 785 348 spiritus
800 275 942 345 bominis,
958 274 1015 331 nisi
1029 273 1086 347 spi·
1102 279 1124 332 A
1143 277 1282 350 noluerit,
1299 276 1371 352 quid
1386 273 1467 333 eliud
1482 286 1577 346 quam
1590 267 1738 326 insulsum
1754 263 1855 322 cibum
1874 278 1978 320 come·
2065 286 2066 308 i

261 368 335 424 ritus
354 363 514 422 elationis?
539 362 658 432 Sagittae
683 368 783 420 autem
807 363 924 420 Domini
950 362 1086 436 spiritum
1141 365 1206 423 dit‘l
1221 367 1278 425 Sed
1292 367 1364 442 quia
1379 360 1537 440 praeceptis
1549 360 1614 431 ejus
1627 358 1705 416 dura
1716 352 1893 428 jubentibus
1904 367 1976 424 gen·

260 453 390 512 hominis
408 451 542 514 obibunt.
559 467 628 508 cum
654 468 791 524 superum
816 450 1086 508 animadversionis
1142 455 1229 513 tilitas
1241 457 1330 514 subdi
1344 452 1504 515 recusavit.
1528 447 1678 506 insulsum
1693 445 1796 504 cibum
1815 440 1976 500 comedere

261 541 406 600 sententia
429 539 571 598 afflictam
594 545 725 598 mentem
739 541 779 598 ab
807 541 934 598 elatione
954 555 1088 613 compos·
1142 544 1324 618 noluitque
1339 543 1515 618 priusquam
1532 536 1653 612 spiritus
1668 533 1894 592 condimentum
1911 545 1978 602 pcr-

260 635 340 698 cunt,
356 646 426 687 cum
441 645 579 702 superna»
598 629 750 686 sententias
763 630 872 688 electos
887 647 964 703 quos
977 630 1007 686 in
1019 645 1087 702 pec·
1143 633 1262 706 ciperet,
1291 649 1409 690 servare
1435 631 1494 687 rim
1515 627 1618 686 litters
1645 622 1774 697 expavit.
1798 619 1855 678 Sed
1870 619 1901 674 in
1919 617 1976 674 hoc

259 720 333 776 catis
366 719 532 788 inveniunt,
558 719 631 776 dum
659 719 825 788 vulnerant,
855 719 1026 788 immutant,
1056 723 1089 778 ut
1143 723 1210 779 cibo
1225 723 1269 780 sal
1281 722 1392 780 Veritas
1408 719 1496 789 misit,
1510 722 1539 774 et
1549 715 1639 773 latere
1653 713 1684 769 in
1699 712 1764 782 lege
1773 723 1915 783 saporem
1930 724 1975 763 oc·

259 807 403 866 duritiam
427 823 515 864 suam
530 805 673 865 transfixa
697 807 924 878 meusdeserat,
947 812 1037 880 alque
1051 823 1088 862 ex
1143 811 1436 884 cultaeintengentise
1464 807 1567 864 docuit
1589 805 1692 860 dimus
1709 819 1715 857 :
1730 826 1743 854 ι
1760 800 1790 858 Si
1814 797 1974 856 crederetis

261 895 412 952 salutifero
427 894 548 954 vulnere
561 895 685 965 sanguis
701 895 897 952 confessionis
916 900 1025 951 currat.
1042 897 1089 952 Se
1143 900 1244 973 Moysi,
1262 923 1276 951 a
1291 900 1447 973 etreliqua
1461 899 1598 970 (Jonas,
1613 895 1668 964 te).
1690 892 1725 946 Et
1737 903 1868 946 rursum,
1889 909 1903 936 a
1920 887 1974 941 fla-

261 987 380 1058 quitur:
398 987 574 1043 Etterrorer
586 987 707 1043 Domini
719 988 850 1042 militant
866 993 971 1042 contro
986 1001 1040 1042 me.
1054 1015 1090 1025 -
1143 990 1210 1046 bete
1237 990 1283 1046 sal
1305 990 1337 1046 in
1360 988 1483 1044 vobis.»
1499 987 1532 1042 Et
1556 1001 1562 1038 :
1579 986 1685 1039 Pacem
1706 978 1815 1036 hebete
1833 977 1975 1033 intervos

260 1077 412 1132 iustorum
428 1090 513 1130 meus
527 1089 588 1130 non
606 1073 703 1130 solum
716 1074 875 1148 perpendit
887 1073 961 1147 quid
974 1073 1088 1142 tolerat,
1144 1081 1250 1148 (Marc,
1268 1097 1308 1147 rx,
1326 1079 1381 1151 30),
1394 1101 1408 1130 u
1424 1079 1598 1135 nostrum.
1623 1069 1720 1127 Verba
1738 1067 1852 1142 quippe
1864 1079 1975 1122 mores

262 1163 419 1221 sedetiam
434 1169 523 1236 pavet
547 1163 630 1236 quod
653 1168 752 1220 restat.
774 1163 857 1220 Videt
870 1163 972 1236 qualia
989 1163 1020 1219 in
1032 1162 1089 1219 hae
1143 1184 1203 1241 que
1218 1167 1396 1236 carnalium,
1409 1164 1498 1240 quasi
1523 1162 1626 1219 cibum
1646 1175 1677 1216 se
1697 1155 1807 1214 nostris
1821 1153 1974 1210 mentibus

262 1253 322 1310 rita
332 1253 451 1327 patitur,
468 1253 571 1308 metuit
583 1269 621 1309 ne
633 1254 788 1326 posthanc
799 1253 938 1322 graviora
949 1251 1088 1325 patiatur.
1143 1257 1293 1328 ingerunt,
1321 1256 1352 1314 iu
1378 1250 1582 1312 delectationis
1606 1253 1707 1306 ventre
1734 1245 1902 1319 rapiuntur.
1918 1241 1973 1300 Sed
2067 1317 2068 1328 ἵ

264 1343 334 1398 Hinc
348 1340 501 1398 Psalmista
512 1341 650 1398 ait:‹in
662 1357 710 1397 me
723 1341 902 1398 transierunt
911 1340 962 1396 irae
978 1345 1046 1409 ture,
1063 1345 1091 1396 ct
1144 1347 1250 1403 doctus
1274 1345 1403 1419 quisque
1418 1342 1533 1400 insulsa
1547 1356 1609 1398 110„
1629 1335 1769 1406 comedjq
1784 1333 1856 1408 quia
1870 1348 1974 1408 pravo.
2068 1334 2069 1338 ¹

261 1434 387 1486 terrores
399 1429 438 1484 tui
454 1429 764 1486 conturbaveruntme
775 1431 870 1498 (Psal.
884 1445 1007 1498 uxxrvu,
1019 1428 1089 1499 ltin»
1144 1451 1211 1491 rum
1232 1434 1312 1490 diets
1326 1433 1465 1506 factaque
1478 1429 1661 1502 diJudiaans,
1675 1427 1715 1483 ab
1736 1440 1788 1482 ore
1804 1422 1898 1495 [aure]
1911 1437 1974 1478 eor·

262 1520 435 1574 scissura.
450 1519 517 1574 tam
532 1518 645 1591 quippe
657 1533 710 1591 per
727 1515 820 1574 fidem
835 1516 1007 1574 Mediatoris
1017 1517 1090 1573 vivi·
1144 1523 1191 1580 dis
1205 1522 1328 1596 repellit.
1346 1521 1418 1578 flius
1433 1518 1589 1576 Psalmista
1604 1518 1645 1574 ait
1659 1534 1665 1572 :
1679 1539 1693 1566 «
1705 1515 1906 1571 Narraverunt
1922 1509 1973 1566 mi-

262 1623 341 1674 mus,
357 1611 498 1663 ettamen
513 1605 613 1662 adhuc
627 1605 1089 1679 perexpurgationemvitiorum
1105 1626 1126 1682 p
1144 1612 1174 1668 hi
1198 1610 1293 1684 iniqui
1321 1609 1520 1676 ¹fabulationes
1549 1622 1630 1672 suas,
1646 1627 1660 1656 a
1684 1607 1713 1660 et
1735 1601 1851 1675 reliqua
1880 1599 1972 1670 (Psat.

262 1693 350 1767 quasi
366 1693 488 1765 sagittas
507 1693 623 1750 Domini
641 1693 717 1750 dure
732 1693 1002 1751 animadversionis
1027 1693 1091 1750 inti·
1145 1717 1241 1771 curru,
1262 1700 1317 1771 85).
1342 1698 1499 1771 Sequitur:
1513 1698 1574 1752 Aut
1590 1699 1713 1766 gustare
1737 1689 1848 1762 atique
1869 1693 1972 1758 potest,

263 1799 321 1838 mm
335 1783 453 1853 flagella
467 1783 660 1840 sustinemus.
686 1783 743 1840 Sed
762 1799 831 1840 ecce
853 1788 882 1840 et
900 1783 1007 1840 divinat
1028 1800 1091 1840 cor·
1145 1789 1225 1861 quod
1238 1792 1390 1859 gestatum
1405 1787 1494 1856 affert
1501 1782 1689 1860 mortem‘l-
1702 1783 1900 1851 Lernamque
1909 1792 1972 1832 car-

262 1871 404 1944 reptioais
417 1872 610 1945 percussione
623 1872 812 1944 configimur,
829 1877 858 1929 et
873 1878 973 1930 tamea
989 1873 1089 1930 adbuc
1144 1876 1250 1934 naliter
1264 1876 1423 1947 degustata
1445 1877 1573 1930 mortem
1594 1869 1701 1938 intulit,
1726 1867 1800 1942 quia
1814 1864 1974 1924 commissa

263 1958 335 2016 illud
351 1965 396 2016 est
407 1960 528 2031 gravius
538 1961 621 2034 quod
644 1961 681 2017 de
709 1967 819 2018 terrore
844 1961 959 2018 venturi
979 1961 1091 2018 tudicis
1145 1963 1383 2036 delinquentium
1397 1962 1474 2018 dura
1496 1957 1758 2042 animadversione
1769 1951 1926 2016 distrinxit,
1944 1957 1973 2008 et

263 2054 407 2106 aeternam
415 2049 707 2106 animadversionem
714 2049 924 2108 lormidamus.
935 2051 1089 2124 Sequitur:
1145 2069 1198 2126 per
1212 2027 1395 2127 praeceptrfm
1409 2050 1530 2124 culpam
1544 2046 1683 2114 innotuit,
1702 2049 1731 2102 et
1744 2044 1821 2104 hane
1834 2056 1889 2116 per
1904 2055 1971 2111 gra·

300 2140 384 2194 Vsus.
402 2142 427 2194 5.
443 2138 591 2208 Nunquid
605 2139 703 2208 rugiet
724 2153 837 2210 onager·
859 2154 926 2195 curn
951 2139 1091 2196 babuerit
1146 2141 1219 2200 tiam
1232 2157 1294 2198 non
1309 2139 1426 2208 delevit,
1441 2138 1533 2196 Paulo
1547 2139 1714 2205 attestante,
1730 2133 1783 2208 qui
1798 2131 1838 2190 ait
1854 2147 1885 2186 :e
1898 2127 1972 2185 Nihil

264 2225 410 2282 beroem?
424 2226 593 2296 autmugiet
609 2228 1091 2296 boscumameprasepeptenum
1146 2229 1186 2288 ad
1211 2229 1377 2302 perlectum
1403 2226 1544 2302 perduxit
1570 2225 1619 2282 lex
1645 2223 1748 2295 (Hebr.
1764 2237 1814 2289 ru,
1833 2219 1886 2290 19).
1900 2240 1914 2268 »
1930 2215 1971 2274 Ad
2070 2213 2071 2218 ’

262 2317 435 2371 steteritl-
446 2316 498 2369 Der
508 2329 668 2384 onagrum,
681 2319 830 2384 agrestem
842 2314 962 2371 asinum
973 2314 1090 2386 gentilis
1146 2318 1295 2377 Christum
1311 2331 1382 2374 vero
1392 2331 1537 2374 conversa
1559 2313 1717 2386 gentilitas,
1732 2326 1802 2385 quae
1817 2307 1917 2366 adbuc
1930 2323 1972 2362 sc

262 2401 394 2476 populus
412 2401 595 2472 designatur.
624 2403 679 2458 Per
700 2401 823 2470 bovem,
853 2401 938 2474 plebs
965 2401 1092 2458 ludaica
1145 2422 1217 2464 nare
1231 2421 1285 2480 per
1300 2403 1393 2462 verba
1415 2403 1490 2476 legis
1504 2401 1650 2473 intelligit,
1664 2401 1825 2472 angustata
1838 2400 1907 2452 sunt
1925 2393 1972 2450 de-

264 2489 458 2560 significatur,
473 2505 541 2562 quar
555 2489 629 2560 jugo
642 2505 781 2562 supernae
792 2489 1006 2547 dominationis
1021 2507 1091 2564 sup·
1146 2494 1262 2553 sideriis
1287 2494 1357 2552 suis.
1385 2496 1560 2550 mersuras.
1586 2489 1687 2548 Sancti
1712 2487 1803 2560 igitur
1828 2485 1883 2542 viri
1905 2499 1972 2540 cum

263 2579 370 2651 posita,
381 2577 420 2634 ed
432 2593 517 2650 spem
529 2577 695 2650 proselytos
707 2577 848 2650 colligens
861 2577 953 2634 corda
962 2594 1030 2652 quse
1042 2594 1091 2634 va·
1146 2581 1263 2640 aeternis
1290 2579 1445 2640 desideriis
1473 2578 1626 2648 anhelant,
1655 2577 1686 2634 in
1702 2579 1784 2633 tanta
1797 2573 1865 2630 vitm
1880 2571 1973 2629 altitu·

263 2665 316 2724 luit
329 2681 449 2723 vomere
464 2665 538 2736 legis
556 2665 650 2722 traxit.
668 2665 771 2722 Multos
782 2665 863 2722 enim
877 2682 914 2722 ex
924 2666 1024 2738 gentili
1037 2683 1091 2740 po·
1146 2670 1216 2728 dine
1229 2685 1262 2728 sc
1274 2669 1442 2738 sublevant,
1458 2672 1492 2725 ut
1504 2667 1609 2726 audire
1617 2667 1682 2740 iam
1696 2681 1765 2739 quae
1775 2661 1881 2720 mundi
1895 2666 1973 2728 sunt,

263 2754 346 2829 pulo,
363 2769 417 2811 seu
430 2752 613 2825 ludaeorum,
624 2753 838 2810 incarnationis
850 2753 968 2810 Domini
982 2763 1091 2828 mystc-
1146 2775 1238 2832 grave
1253 2758 1307 2816 sibi
1323 2759 1381 2816 bac
1407 2757 1580 2833 deprimens
1604 2754 1724 2831 pondus
1737 2751 1870 2810 credant.
1886 2749 1974 2806 Valde

263 2843 342 2902 rium
355 2842 553 2913 desiderasse,
565 2841 613 2900 his
628 2841 726 2898 verbis
741 2843 962 2914 cognoscimus.
974 2846 1013 2900 De
1024 2847 1091 2918 qui-
1147 2847 1474 2923 namqueintolerabile
1484 2846 1644 2916 aestimant,
1662 2841 1811 2918 quidquid
1824 2839 1900 2898 illud
1914 2855 1974 2895 nou

262 2932 322 2992 bus
352 2931 495 2990 Dominus
521 2931 584 2988 ait:
604 2951 614 2984 ι
632 2931 701 2988 Dico
728 2931 827 2997 vobis.
857 2931 943 2989 multi
964 2933 1036 3005 justi
1064 2939 1093 2990 et
1112 2943 1245 3030 Csonant,
1282 2937 1366 3012 quod
1391 2936 1471 2994 intus
1485 2939 1600 2994 amant.
1624 2937 1709 3007 Saepe
1732 2931 1814 2988 enim
1828 2945 1915 2986 mens
1929 2945 1976 2984 su·

263 3022 422 3096 l²l¹⁰llhetue
446 3019 604 3076 V⁰¹¹¹⁰¹¹¹1¹¹²
630 3017 728 3076 Vidffl'e
743 3035 810 3093 quw
827 3036 879 3076 V⁰⁸
899 3019 1017 3090 Videtis,
1032 3044 1047 3072 »
1064 3025 1092 3078 ei
1147 3042 1242 3101 perna
1256 3025 1378 3102 appetit,
1394 3030 1423 3082 et
1448 3024 1538 3082 stulta
1550 3023 1581 3080 in
1601 3021 1713 3080 infimis
1725 3017 1903 3088 contemnit,
1920 3032 1974 3074 nec

262 3109 378 3182 reliqua
394 3107 513 3182 (Metti.
531 3122 588 3178 nu,
610 3107 663 3178 to).
680 3107 736 3166 Sed
751 3111 821 3164 tunc
836 3123 950 3180 onager
963 3107 1092 3166 herbam
1147 3121 1248 3175 tamen
1262 3115 1362 3174 adhue
1387 3131 1443 3189 pro
1459 3129 1563 3172 amore
1577 3111 1707 3170 veritafis
1721 3109 1761 3167 ad
1780 3105 1974 3183 perferendos

262 3197 385 3266 invenit,
400 3213 470 3254 cum
497 3195 614 3268 gentilis
639 3195 770 3269 populus
785 3195 895 3253 divine}
908 3196 1090 3255 incarnatio·
1144 3205 1299 3280 presentis
1315 3203 1383 3260 vita
1402 3201 1552 3260 cruciatus
1567 3199 1741 3272 accingitur.
1761 3201 1874 3255 Durum
1888 3193 1973 3268 quip

262 3287 309 3344 nis
323 3285 450 3358 gratiam
462 3285 585 3358 accepit.
602 3287 682 3342 Tunc
695 3285 785 3342 etiam
801 3284 857 3342 bos
873 3301 1003 3344 vacuum
1017 3303 1092 3360 prae·
1145 3309 1184 3368 ps
1211 3298 1256 3352 ast
1269 3295 1410 3368 appetere
1432 3291 1516 3366 quod
1539 3289 1661 3359 cruciat,
1687 3287 1773 3364 sequi
1787 3284 1870 3361 quod
1884 3283 1975 3341 vitam

262 3391 333 3450 sepe
345 3391 407 3432 nou
420 3373 536 3442 habuit,
552 3389 623 3432 cum
636 3373 718 3448 plebi
738 3373 869 3432 ludaico
884 3373 1002 3432 Domini
1025 3391 1090 3434 cer·
1145 3382 1239 3454 rugat,
1255 3381 1416 3456 sequitur:

263 3479 333 3521 nem
355 3462 403 3520 lex
424 3461 567 3535 exhibuit,
582 3477 677 3536 quam
692 3460 743 3518 liu
758 3465 948 3535 exspectante
963 3463 1092 3536 prophe·
1180 3473 1264 3528 Varis.
1276 3477 1303 3526 7.
1320 3471 1391 3540 Qasr
1403 3471 1489 3541 prius
1502 3474 1626 3541 tangere
1646 3465 1765 3524 uolebat
1783 3465 1886 3523 animo
1899 3477 1973 3530 meo,

262 3552 342 3611 terit.
359 3551 441 3609 Unde
459 3555 488 3608 et
502 3556 590 3608 natu
601 3551 746 3608 Dominus
764 3550 795 3608 in
809 3566 944 3625 praesepe
958 3553 1089 3626 ponitur.
1145 3575 1227 3616 nasse
1243 3574 1308 3630 pra
1322 3559 1463 3630 augustia
1482 3558 1543 3614 cibi
1565 3557 1623 3614 mei
1641 3561 1722 3612 sunt.
1738 3585 1773 3594 -
1798 3549 1882 3610 Absit
1896 3550 1974 3608 enim

263 3646 328 3716 lpse
343 3641 422 3701 enim
435 3659 472 3700 ex
498 3646 601 3699 nostra
613 3641 780 3700 substantia
794 3656 917 3700 carnem
932 3659 1091 3701 assumens
1145 3661 1183 3704 ne
1196 3645 1242 3704 vir
1256 3649 1379 3704 sauctus
1393 3645 1424 3702 in
1439 3648 1532 3703 status
1548 3644 1595 3702 sui
1616 3641 1820 3704 incolumitate
1833 3637 1975 3696 constitu-

262 3733 366 3788 lenum
377 3730 558 3801 iicriroluit,
571 3730 623 3804 qui
640 3729 742 3788 cibum
764 3730 958 3806 semetipsum
985 3731 1091 3790 menti·
1144 3738 1205 3804 tus,
1224 3733 1393 3793 amicorum
1420 3748 1546 3791 suorum
1573 3731 1737 3807 aliquando
1765 3729 1846 3788 dicte
1872 3727 1977 3802 despe-

261 3819 321 3879 bus
349 3819 523 3879 mortalium
548 3819 674 3894 prebuit
701 3819 804 3878 dicens
829 3837 836 3877 t
858 3843 872 3872 a
890 3820 945 3888 oui
960 3821 1092 3879 comedit
1144 3825 1228 3883 xerit.
1247 3823 1304 3884 sed
1314 3823 1388 3898 quia
1401 3822 1507 3882 beatus
1521 3822 1580 3880 lob
1593 3821 1766 3880 membrum
1781 3823 1826 3877 est
1841 3815 1976 3876 Ecclesia

262 3926 385 3969 carnem
394 3927 506 3982 meam,
520 3915 548 3968 et
565 3909 641 3967 bibit
655 3910 835 3982 sanguinem
856 3926 970 3982 meum,
997 3911 1029 3968 in
1042 3927 1091 3968 me
1146 3917 1267 3984 sancta,
1284 3914 1349 3986 ejus
1372 3912 1462 3970 etiam
1486 3927 1560 3970 voce
1583 3909 1725 3986 loquitur.
1743 3909 1819 3978 Ouia
1833 3906 1977 3966 nimirum

261 4005 373 4069 manet,
388 4005 417 4059 et
430 4016 486 4073 ego
501 3999 578 4058 inco
595 3999 692 4074 (loca.
708 4017 763 4074 ur,
779 4000 833 4072 56).
850 4003 917 4058 »Ac
930 4000 956 4068 si
966 4016 1038 4074 ergo
1049 3999 1092 4058 di·
1146 4002 1258 4064 amoris
1284 4001 1331 4059 sui
1354 4000 1476 4059 ostibus
1502 4001 1603 4070 anxia,
1621 3999 1723 4058 cibum
1751 3997 1909 4072 Scripturas
1928 4011 1978 4051 ve·

262 4095 310 4149 cat
326 4109 332 4148 :
350 4090 462 4149 idcirco
476 4089 624 4162 gentilitas
652 4089 753 4163 gemit,
774 4090 847 4164 quia
869 4105 940 4148 eum
960 4090 1092 4149 necdum
1146 4093 1215 4152 teris
1230 4107 1377 4150 conversa
1400 4089 1549 4163 gentilitas
1569 4089 1662 4148 esurit
1684 4085 1910 4163 quamdudum
1927 4100 1977 4140 su-

262 4179 467 4254 Redemptoris
478 4180 523 4236 sui
538 4179 634 4251 gratia
647 4178 764 4248 reiecit;
781 4183 872 4253 atque
896 4179 965 4236 ideo
989 4179 1092 4237 tudae
1146 4181 1241 4258 parba
1252 4180 1398 4256 despexit.
1414 4179 1520 4238 Aliter:
1545 4179 1619 4244 Quia
1634 4177 1807 4235 societatem
1822 4173 1978 4247 gentilium

262 4267 395 4338 mugitus
407 4267 519 4336 dilatat,
535 4267 608 4340 quia
624 4265 722 4340 legem
737 4271 852 4339 tanam,
866 4266 921 4325 sed
934 4267 1091 4338 lcgisauc·
1145 4271 1250 4330 tudaea
1273 4269 1385 4328 habere
1409 4269 1598 4342 contempsit,
1624 4265 1774 4324 insulsum
1802 4263 1905 4322 cibum
1928 4278 1979 4318 su·

262 4360 357 4413 torem
372 4370 433 4412 non
449 4353 563 4423 videas,
578 4358 661 4412 stans
676 4358 744 4411 ante
757 4370 891 4428 presepe
901 4355 1027 4428 jejunat
1036 4359 1093 4414 llo·
1146 4375 1228 4418 mere
1242 4357 1395 4428 lastidivit,
1411 4363 1440 4416 et
1452 4357 1525 4433 quia
1539 4356 1643 4415 divina
1662 4353 1808 4412 sententia
1822 4349 1980 4428 proposita

262 4459 391 4502 ntum·
404 4442 518 4511 Quialii
533 4441 1021 4519 onagriappeDattonesignantur,
1034 4444 1092 4502 nisi
1146 4453 1242 4508 morte
1270 4451 1404 4506 vetuerat
1428 4463 1467 4505 ne
1490 4445 1576 4521 plebs
1600 4443 1760 4502 Israelitica
1784 4441 1884 4500 loedus
1909 4456 1980 4497 cum

262 4531 356 4606 quiin
370 4547 479 4606 campo
493 4530 564 4588 fidei
579 4529 865 4602 constitutionibus
879 4531 1093 4592 officiilorisli·
1147 4537 1321 4610 alienigenis
1341 4537 1491 4610 jungeret,
1514 4539 1634 4609 gustare
1658 4532 1754 4592 noluit
1772 4529 1856 4606 quod
1876 4533 1980 4602 gusta-

263 4621 571 4694 ganturtaorisvero
589 4619 713 4680 nomine
731 4619 789 4678 hos
803 4619 912 4692 signat,
926 4622 1093 4696 quosintra
1146 4632 1213 4687 tum
1225 4627 1311 4685 affert
1336 4629 1475 4684 mortem.
1488 4623 1546 4682 Sed
1569 4623 1609 4683 ad
1629 4618 1835 4697 Redemptoris
1850 4617 1981 4690 gratiam

263 4715 398 4770 sanctam
411 4710 574 4768 Ecclesiam
595 4709 634 4768 ad
653 4709 872 4785 praedicationis
883 4707 1016 4769 officium
1028 4727 1093 4768 sus·
1146 4705 1980 4786 tudaeveniens,abisraelitisinfidelibusrepulsa,dum

263 4801 341 4874 cepti
359 4799 472 4859 ordinis
494 4800 603 4874 jugum
615 4799 733 4874 promit.
750 4798 849 4857 Herba
865 4815 937 4858 vcro
949 4799 1055 4873 onagri
1065 4803 1094 4858 et
1147 4825 1201 4885 por
1214 4811 1334 4866 sanctos
1344 4803 1547 4881 apostolosad
1561 4803 1768 4862 coDectionem
1782 4815 1812 4857 se
1823 4797 1982 4871 gentilium

263 4887 410 4964 pabulum
431 4889 520 4947 bovis
533 4893 577 4947 est
600 4887 718 4946 interna
737 4887 1092 4963 relectiopopullfidelis.
1148 4893 1261 4966 dilatat,
1274 4893 1471 4969 quasibocin
1483 4887 1928 4963 ciboesuriensaccepit,quod
1939 4885 1983 4942 in·

262 4976 516 5050 Quiaenimlonge
526 4975 1093 5052 abinternasapieniiapositi,oeternam
1147 4981 1274 5053 dignam
1285 4983 1369 5058 prius
1387 4981 1541 5040 fastidiose
1556 4977 1701 5052 despexit,
1717 4981 1747 5033 et
1764 4991 1827 5048 prae
1843 4973 1983 5046 angustia

263 5067 465 5126 hereditatem
476 5083 538 5124 non
546 5067 706 5137 cernimus,
721 5066 803 5124 velut
812 5067 903 5126 bruta
915 5068 1061 5127 animalia
1075 5081 1094 5125 a
1148 5069 1231 5126 cibos
1244 5085 1323 5144 quos
1348 5071 1467 5128 dudum
1490 5067 1722 5140 contempserat,
1743 5065 1875 5122 comedit
1891 5063 1983 5138 :quia

263 5155 433 5214 desiderata
441 5155 626 5227 ieiunemus.
639 5157 679 5212 De
697 5169 760 5229 qua
771 5155 915 5213 nimirum
934 5156 1028 5214 herba
1043 5157 1095 5212 tte·
1148 5157 1269 5231 repulsa
1282 5173 1300 5215 a
1313 5158 1488 5216 tudaeorum
1502 5155 1612 5212 duritia
1627 5152 1751 5226 gentiles
1764 5154 1916 5227 suscipere
1929 5165 1983 5224 po

263 5243 736 5320 demptorisvoceuicttur:urer
757 5261 806 5302 me
821 5245 926 5320 siquis
939 5245 1092 5314 introierit,
1147 5246 1237 5323 pulos
1261 5265 1339 5323 quos
1374 5248 1554 5322 despexerat
1579 5243 1774 5318 concupiscit.
1804 5245 1981 5302 Donatum.

264 5335 437 5408 salvabitur,
450 5333 631 5408 »etreliqua
644 5333 781 5406 (donax,
797 5335 834 5408 e).
852 5335 990 5410 Sequitur
1005 5354 1011 5393 :
1148 5338 1227 5396 Dens
1241 5337 1323 5395 enim
1337 5335 1498 5412 proficiens
1507 5351 1576 5408 quar
1591 5333 1676 5409 prius
1690 5333 1765 5390 dum
1780 5331 1844 5389 sola
1858 5329 1985 5406 propria

299 5427 380 5482 Vens.
393 5423 1094 5498 e.Aurpotertrcomedereinsutsum,qaoanou
1149 5431 1276 5498 curaret,
1284 5426 1359 5484 terre
1373 5425 1471 5483 aliena
1483 5422 1663 5492 fastidiebat,
1677 5439 1746 5480 cum
1761 5419 1801 5478 ed
1825 5419 1984 5477 toleranda

264 5519 305 5569 est
318 5514 381 5569 sule
407 5514 559 5572 conditum
577 5517 639 5570 ἱ)-
653 5513 794 5588 Quisquis
815 5515 896 5572 enim
921 5511 1094 5571 carnalibus
1150 5515 1279 5590 proximi
1288 5514 1410 5573 intirma
1421 5529 1452 5572 se
1462 5511 1595 5584 attrahit,
1606 5513 1688 5572 itaut
1699 5527 1754 5586 pro
1764 5524 1867 5568 amore
1875 5507 1984 5565 verita·

261 5600 414 5676 obsequiis
438 5601 582 5674 intentus,
609 5601 708 5676 legem
733 5601 896 5674 iateDigere
921 5601 1094 5676 spiritaliter
1152 5605 1189 5662 tis
1204 5604 1359 5679 praesentis
1370 5603 1436 5662 vitea
1451 5603 1601 5662 cruciatus
1615 5605 1698 5662 anto
1712 5598 1874 5675 postlortis
1887 5612 1983 5674 appe-
