4106 6148
109 151 177 208 l009
688 149 733 205 DE
752 147 836 206 vlit
856 149 885 206 S.
905 147 1069 208 totamm
1088 151 1240 210 EBORAC.
1748 147 1820 208 lota

107 277 141 331 nt
155 273 228 348 quia
238 271 363 346 pellacis
376 267 476 330 vitasti
488 273 602 346 gandia
615 271 705 342 saecli,
953 279 977 333 Δ
994 276 1144 334 Fratribus
1159 279 1190 336 at
1203 275 1331 350 plaudas
1341 279 1411 334 Jesu
1422 273 1624 333 recinentibus
1636 273 1722 345 odas,

108 363 183 419 Cum
197 377 324 419 numero
335 362 403 420 vitre
419 363 553 420 meruisti
569 362 694 436 praemia
709 379 848 420 summoe.
994 364 1138 439 Substitit,
1152 369 1182 424 et
1192 364 1261 424 lecta
1275 379 1380 438 sospes
1392 363 1580 438 perfunditur
1591 377 1676 421 aura.

475 453 569 508 libili.
1374 453 1441 510 thl.

143 539 252 598 Oceani
264 539 397 597 tumidas
407 539 514 597 exhinc
526 539 671 598 remeavit
684 540 724 598 ad
736 539 848 614 undas,
1030 543 1179 602 Hactenus
1193 543 1358 602 excolicum
1371 545 1487 616 quanto
1501 542 1611 598 sudore
1624 540 1767 600 secenum

108 628 235 700 Gurgitis
250 632 280 685 et
291 628 370 686 vasti
385 627 561 686 circumflua
576 633 659 699 terga
679 629 830 702 repressit.
994 632 1103 690 Emerit
1114 632 1240 707 exposui
1252 651 1259 702 ;
1275 646 1423 688 numnam
1437 629 1582 688 miracula
1594 630 1687 705 quibo
1699 630 1714 687 l

108 717 211 776 Cantia
226 716 406 791 complacito
420 721 582 790 patuerunt
593 718 680 776 litora
692 722 797 775 rastro.
993 723 1095 778 Ennea
1104 721 1177 796 (344)
1187 722 1211 779 si
1223 721 1329 779 melico
1340 719 1448 778 chelim
1456 719 1529 776 mihi
1542 720 1674 777 carmine
1684 723 1819 792 tangant,

106 806 197 864 tussit
211 805 411 879 apostolicum
426 807 614 865 Berthwaldo
633 807 708 864 ferre
720 807 867 878 libellum,
994 812 1198 885 septenasque
1210 811 1314 884 jugem
1329 807 1503 882 [geminem]
1518 807 1620 866 ciclico
1634 807 1756 865 dulcore
1771 824 1820 866 so·

108 894 245 968 Suscipit,
261 897 294 951 ut
303 895 421 964 decuit;
437 895 533 953 Patris
547 900 698 970 praecepta
711 896 835 971 peregit.
1640 897 1732 968 [rores
1746 898 1820 971 (345)

107 983 179 1040 ilinc
193 983 255 1040 divi
268 984 316 1056 [s.,
331 983 431 1056 divus]
445 984 539 1058 petiit,
555 1001 648 1060 supra
673 1001 767 1060 quem
790 1001 879 1044 musa
891 1001 939 1043 ra·
991 991 1050 1046 Aut
1063 987 1121 1044 sim
1135 986 1322 1060 magniloqui
1335 985 1447 1043 multus
1462 989 1591 1042 sectator
1601 984 1735 1056 ilumeri;

826 1074 938 1149 [volvit
992 1080 1057 1136 lton
1071 1076 1161 1151 plane
1170 1075 1329 1134 absolvam
1341 1094 1348 1132 :
1359 1075 1447 1132 dictis
1457 1075 1522 1147 jam
1537 1073 1612 1130 cedo
1625 1074 1819 1148 quibusdam.

108 1163 203 1218 Laetus
219 1160 348 1218 Edilredi
363 1161 482 1236 petulas
494 1161 636 1220 fidentius
645 1163 741 1222 adae.
841 1191 844 1200 ·
1027 1168 1108 1233 Quos
1119 1164 1230 1223 etenim
1244 1163 1364 1220 daemon
1377 1163 1485 1221 rabida
1499 1161 1677 1236 possederat
1690 1162 1745 1229 ira,

108 1249 160 1307 Cui
175 1250 276 1307 retulit
288 1251 415 1308 cessim:
431 1251 570 1310 laetautm
584 1256 613 1311 at
627 1253 719 1311 ambo
732 1252 875 1312 vicissim.
992 1253 1100 1312 Effusis
1112 1253 1253 1328 precibus
1264 1252 1336 1309 fidei
1347 1253 1453 1310 virtute
1464 1251 1600 1310 resolvit:

507 1344 538 1398 L·
992 1346 1028 1402 nt
1039 1343 1125 1417 queis
1139 1341 1278 1400 debilites
1291 1345 1375 1399 artus
1388 1341 1564 1398 devinxerat
1576 1343 1658 1409 atra;

144 1431 360 1502 approperans
376 1443 458 1500 ergo,
473 1429 563 1486 laesus
576 1432 766 1489 cunctamine
778 1431 873 1504 nullo,
992 1437 1051 1490 Aut
1064 1432 1153 1490 oculo
1167 1431 1326 1502 frustrans,
1342 1435 1394 1488 aut
1416 1431 1528 1502 lingum
1553 1443 1709 1486 murmure
1733 1427 1822 1486 dam·

106 1515 241 1574 aldfrido
257 1518 319 1589 regi
331 1517 440 1574 direxit
453 1519 568 1592 epistile
581 1519 761 1592 [epistolam]
775 1520 860 1578 Petri.
1713 1517 1820 1591 [nami

107 1605 244 1661 illicitum
259 1606 369 1678 sapuit,
384 1621 446 1662 non
461 1607 518 1663 hoc
534 1611 580 1663 sat
590 1607 670 1678 juste
685 1608 797 1682 recepit
957 1611 1052 1686 phut
1063 1625 1183 1680 gressvm
1197 1608 1372 1681 prohibens,
1383 1613 1435 1664 aut
1448 1611 1583 1672 mamete
1596 1611 1718 1680 pectora
1733 1605 1822 1662 abiu·

106 1692 228 1750 Protulit
240 1692 396 1764 ambages,
413 1693 490 1750 sicut
503 1693 600 1752 fecere
614 1695 746 1769 priores:
992 1701 1027 1756 tat
1036 1714 1127 1755 sensu
1139 1697 1267 1768 demtos,
1282 1701 1312 1753 et
1326 1695 1424 1754 morbi
1437 1696 1505 1752 tabe
1519 1712 1660 1770 peraesos.
1718 1695 1821 1768 [gens3

106 1781 214 1838 Nolens
226 1781 344 1838 directis
355 1797 535 1840 veneramen
546 1782 622 1840 ferre
636 1783 776 1858 loquelis.
993 1791 1029 1846 Ut
1041 1787 1132 1846 frater
1146 1801 1284 1858 congrex,
1300 1785 1457 1855 scelerum,
1473 1785 1550 1842 sicut
1560 1788 1652 1859 patet,
1665 1783 1744 1841 offex
1756 1783 1822 1856 (im-

107 1869 252 1936 Oucoiraa
266 1870 407 1927 meritum
423 1871 488 1928 tulit
499 1871 661 1929 immature
675 1873 832 1946 periclum.
1669 1871 1820 1946 [pedltor),

107 1957 230 2015 Ultrices
244 1957 354 2014 etenim
369 1958 487 2031 patiens
499 1958 531 2015 in
545 1975 671 2034 corpore
685 1977 803 2034 plenas,
993 1959 1180 2020 Circumfusa
1193 1976 1300 2018 means
1314 1959 1402 2017 docet
1424 1960 1548 2032 agmina
1566 1959 1821 2028 Christicolarum,

106 2046 234 2101 Cernere
251 2045 396 2110 collibuit,
425 2046 649 2120 quamdudum
671 2047 814 2119 languide
828 2049 940 2123 sprevit
992 2049 1110 2108 vivifici
1122 2053 1197 2107 tetra
1210 2048 1337 2123 plastica
1348 2048 1401 2106 dat
1414 2049 1600 2106 theoremata
1609 2046 1703 2116 verbi,

106 2133 255 2206 ltultaque
271 2133 435 2205 conjiciens
449 2135 533 2196 obiit,
550 2135 628 2192 male
643 2143 727 2208 gesta
739 2152 903 2194 recensens
993 2139 1112 2198 Noviter
1125 2137 1437 2212 increpitanspigrum
1447 2138 1540 2196 decus
1553 2136 1752 2194 archiliorum
1764 2135 1824 2208 [tri-

105 2222 241 2278 Testibus
256 2222 397 2280 adhibitis
413 2239 445 2280 se
459 2223 584 2281 reddere
599 2225 673 2282 velle
687 2227 816 2298 negatis,
1029 2231 1096 2285 llaec
1106 2227 1147 2286 ita
1157 2227 1257 2284 solerti
1268 2226 1432 2300 perfecerat
1439 2227 1573 2300 undique
1583 2242 1666 2284 eura.
1689 2224 1822 2297 [bunos].

107 2311 136 2368 Si
148 2311 264 2368 Domini
279 2311 423 2368 auxilium
438 2313 506 2370 vitea
521 2312 607 2371 deret
620 2315 857 2373 accumulatum.
994 2313 1092 2371 Sensit
1105 2311 1319 2386 Olympiadem
1337 2312 1408 2392 (346)
1425 2311 1543 2368 dudum
1554 2311 1667 2367 finirier
1689 2313 1822 2378 auctam,

142 2401 278 2474 Suscepit
291 2417 404 2458 vacuas
419 2401 537 2458 AEdwilf
547 2403 667 2460 virosus
683 2404 831 2478 habenas,
993 2403 1028 2460 nt
1040 2401 1298 2476 metamorphosin
1312 2400 1454 2474 praesagit
1467 2400 1573 2458 adesse
1588 2399 1730 2474 cupitam.

106 2492 138 2545 ln
151 2494 290 2546 sanctum
304 2489 398 2548 furias
413 2505 555 2548 exerrans
569 2492 802 2552 immoderatas:
993 2494 1051 2549 Nec
1062 2491 1163 2548 minus
1176 2490 1241 2564 ipse
1256 2494 1357 2548 umen
1371 2489 1510 2548 refovens
1519 2488 1692 2548 normaliter
1706 2503 1821 2544 omnes.

106 2578 200 2651 lnque
211 2577 295 2635 brevi
306 2579 402 2653 periit,
419 2580 549 2638 violento
563 2582 627 2638 cive
641 2583 790 2656 repulsus.
992 2575 1153 2633 AEtbralem
1169 2574 1263 2632 vitam
1273 2577 1397 2632 testatur
1408 2575 1475 2647 jure
1491 2573 1689 2647 sequendam.

499 2671 541 2725 Li.
993 2665 1071 2733 Quid
1085 2665 1174 2722 tricor
1192 2664 1301 2724 dictis?
1325 2663 1447 2722 debitur
1460 2679 1542 2721 nuuc
1556 2663 1603 2720 his
1617 2677 1740 2736 quoquo
1754 2660 1823 2720 finis

145 2755 177 2810 Ut
191 2753 296 2826 patrita
311 2769 416 2811 curam
429 2761 579 2829 susceptat
595 2757 649 2814 rito
662 2757 817 2829 tuendam,
993 2754 1088 2811 Credo
1099 2752 1223 2828 quidem
1238 2753 1373 2826 scriptis:
1388 2757 1421 2809 ut
1434 2767 1527 2823 mors,
1541 2751 1660 2808 dileetio
1675 2749 1768 2807 fortis.

106 2841 197 2898 Filius
210 2841 323 2898 ascitur
335 2843 483 2900 alhdfridi
510 2844 699 2920 superelati.
1375 2850 1443 2906 LtV.

106 2930 164 2998 oui
177 2929 321 3002 erevitetr
336 2931 444 3005 probe.
461 2932 592 2991 wilfridi
605 2933 743 2992 subditus
758 2935 817 3008 ala,
955 2977 978 3036 0
1029 2947 1213 3019 emanet-go
1226 2947 1325 3004 vuum
1350 2946 1485 3004 febribus
1498 2944 1668 3021 passusne
1696 2943 1823 3018 omum,

107 3019 212 3078 Dflffll
225 3019 353 3078 nimium
367 3021 440 3095 qui&
453 3027 579 3080 mimi
591 3039 657 3081 ⁰⁵⁸0
667 3023 792 3082 bestium
804 3044 812 3096 3
993 3039 1181 3096 Concurrunt
1193 3035 1334 3093 monachi
1346 3035 1489 3092 virtutum
1505 3050 1629 3092 munera
1642 3033 1751 3090 macti:

107 3113 134 3166 ¹⁵
144 3108 234 3182 jussit
250 3109 363 3182 proprii
377 3117 526 3183 ‘fumum
542 3115 621 3169 ‘⁰³⁰‘
634 3112 732 3171 0lbit³
745 3115 847 3186 regni;
993 3125 1122 3196 Agmina
1135 3127 1288 3198 pastorem
1300 3129 1419 3181 tantum
1434 3123 1553 3181 cinxere
1569 3121 1707 3196 globoso.

107 3202 142 3256 Et
165 3197 262 3256 colere
291 3199 390 3269 simul,
424 3201 613 3260 Berthwaldo
639 3203 707 3274 jure
732 3204 848 3262 calante
874 3205 939 3276 lvo·
993 3214 1098 3272 Hisita
1112 3219 1295 3288 consaeptus,
1316 3217 1409 3288 caput
1429 3213 1542 3280 extulit,
1557 3217 1647 3287 atque
1675 3211 1716 3269 ita
1730 3209 1822 3268 dixit:

829 3297 938 3372 [cante]
993 3301 1122 3362 Pullulat
1134 3302 1166 3360 in
1181 3302 1267 3359 vobis
1281 3302 1375 3359 divini
1389 3303 1486 3374 gratia
1497 3302 1583 3360 roris.

105 3381 187 3435 Tune
205 3377 297 3436 Patris
309 3377 442 3452 alloquio
454 3395 507 3436 rex
537 3381 661 3450 censuit,
678 3382 778 3438 omnis
803 3389 832 3440 et
851 3385 938 3456 ordo,
995 3393 1051 3449 Vos
1066 3391 1217 3465 equidem,
1232 3389 1349 3459 fratres,
1364 3391 1482 3464 pridem
1497 3390 1644 3448 revocatis
1656 3392 1787 3447 ounmm.

108 3469 230 3524 Servent
242 3473 275 3524 ¹¹³
288 3467 399 3540 Wlffll
414 3468 536 3525 Wflffldi
550 3468 664 3540 d⁰8ma
676 3475 830 3529 verenter:
994 3479 1825 3555 Parcitejam,quoeso‚supernumjamscandereregnum

108 3556 192 3614 Pacis
207 3557 412 3630 0‘308180012
427 3557 587 3615 firmamur
600 3559 711 3616 foellffl'ss
723 3565 836 3632 sanas.
993 3572 1036 3629 lfa
1048 3571 1133 3643 juvat
1147 3575 1175 3626 et
1190 3569 1287 3642 fragili
1301 3570 1466 3645 praejudico
1481 3585 1571 3628 carne
1585 3569 1705 3626 resolvi.

495 3647 551 3704 ΒΗ·
993 3662 1059 3716 Non
1073 3657 1159 3714 vobis
1171 3657 1249 3714 ultra
1263 3657 1361 3715 forma
1375 3659 1545 3730 conjungar
1559 3657 1589 3714 in
1604 3658 1670 3714 ista.

143 3737 186 3790 Ex
196 3733 266 3789 hinc
281 3733 461 3790 convaluere
474 3735 565 3790 nimis
580 3735 757 3795 diorismata
778 3741 939 3810 [definitio-
994 3749 1094 3803 honac
1105 3745 1278 3800 mundanas
1292 3745 1412 3802 turbent
1425 3745 1573 3802 elementa
1586 3745 1734 3801 tenebras.

769 3827 847 3899 [nes]
857 3827 939 3886 fortis
993 3834 1113 3892 Visibus
1127 3837 1155 3890 at
1166 3833 1283 3890 Domini
1298 3849 1432 3906 prensens
1446 3834 1471 3890 si
1486 3833 1628 3891 machina
1642 3830 1759 3889 mundi.

108 3908 243 3980 Afflefffie
259 3913 445 3983 l³f³¹'⁰l¹¹¹¹‘l¹1e
459 3909 532 3966 mali
544 3911 733 3985 ⁸⁰th⁸¹1¹⁸¹³
747 3914 836 3986 civis;
994 3923 1175 3997 ttuseipulos
1195 3923 1289 3980 nostis
1304 3939 1382 3997 quos
1395 3924 1486 3981 obicit
1500 3922 1628 3980 mmulus
1640 3921 1748 3996 hostis,

108 3996 254 4057 Gssfmissis
267 3997 373 4071 hldffli
385 3997 504 4071 penitus
524 4004 645 4056 lemma
656 4001 796 4073 eissalffit
994 4011 1124 4070 illicibus
1138 4027 1276 4086 quaerens
1291 4011 1409 4070 animos
1423 4011 1525 4070 vitiare
1540 4013 1655 4085 liguris.

107 4087 234 4146 Additur
245 4091 336 4161 alque
351 4086 440 4146 bonis
453 4087 548 4144 virtus
562 4089 730 4162 apodictica
744 4091 940 4164 (demonstra-
993 4101 1103 4173 Ingerit
1115 4100 1245 4158 incastos
1258 4099 1379 4158 lascivis
1395 4101 1507 4176 spebus
1522 4117 1651 4160 amores,

726 4181 808 4254 [livet
823 4182 938 4242 victrix.
993 4195 1073 4250 Tunc
1087 4190 1192 4250 oculos
1207 4190 1319 4264 pulcris
1332 4207 1428 4250 vanos
1438 4191 1536 4250 illudit
1548 4191 1642 4260 idaeis,

109 4265 176 4338 ¹9⁸0
189 4281 243 4339 per
257 4265 513 4340 Obliq¹1³⁵l³⁸⁸²0f
526 4267 667 4339 gradiens
680 4271 831 4343 Υθὸἰθῦθθ,
955 4331 978 4385 D
993 4286 1086 4338 Aures
1100 4285 1129 4338 et
1142 4279 1263 4338 blandis
1276 4281 1430 4354 demulget
1447 4284 1558 4356 saepius
1572 4281 1655 4355 arpis
1669 4283 1755 4354 (til).

110 4357 146 4411 Ut
159 4359 255 4412 males
267 4354 753 4430 (10οΜ(ῘΟΟῙΓῙΠΟῙθθῑθΓθῖΟΥῙῑὶ
996 4375 1030 4427 ut
1043 4369 1180 4426 fraudem
1194 4368 1312 4434 doceat,
1327 4369 1499 4441 largissima
1514 4370 1598 4427 lucra
1613 4369 1772 4426 ministrat.

111 4445 146 4500 Ut
154 4449 239 4519 pater
252 4445 374 4518 ignaros
389 4446 491 4504 sobria
503 4449 673 4505 succensuit
692 4449 881 4526 [increpavit]
896 4452 941 4511 ira
994 4461 1060 4516 llaec
1074 4457 1179 4514 monui
1191 4473 1320 4531 semper,
1335 4459 1400 4516 brea
1412 4460 1496 4517 vobis
1510 4459 1574 4534 ipsa
1589 4459 1759 4533 frequenter

110 4533 157 4590 Ad
168 4533 243 4590 lucis
256 4534 385 4608 patriam
400 4540 524 4596 cunctos
539 4537 686 4595 metaliter
697 4539 832 4599 hortans.
994 4547 1140 4622 opposui,
1155 4547 1246 4605 nolite
1259 4563 1361 4606 moras
1374 4548 1483 4606 inferre
1498 4549 1648 4620 migranti.

113 4623 260 4680 l¹raescivit
270 4639 363 4700 porro
375 4625 523 4683 Michaelis
542 4626 649 4684 adesse
663 4629 835 4702 profatum:
996 4641 1116 4709 urgeor,
1132 4652 1151 4694 o
1168 4635 1327 4709 defungar,
1342 4643 1380 4708 et,
1394 4653 1413 4695 o
1428 4637 1543 4707 fratres,
1554 4637 1685 4709 vigilate,

111 4712 300 4786 Optabatqua
315 4729 438 4786 gruum
454 4715 623 4774 Silicernius
635 4717 738 4776 adfore
750 4725 889 4780 mortam.
995 4730 1052 4801 Pyr
1066 4726 1207 4798 Glogeton
1221 4725 1295 4799 (348)
1308 4726 1406 4786 calida
1419 4743 1457 4786 ne
1474 4743 1528 4786 vos
1546 4727 1707 4785 absorbeat
1726 4725 1821 4786 unda.

112 4802 268 4870 Corruit‚et
282 4802 398 4859 subitus
409 4803 550 4875 perclusit
558 4805 694 4864 limmata
705 4809 855 4884 [consilia]
863 4827 941 4870 mor·
1031 4817 1099 4872 Haeo
1113 4816 1164 4888 ait,
1184 4819 1212 4873 et
1225 4815 1309 4874 duroe
1324 4817 1485 4875 constravit
1499 4817 1637 4875 membra
1647 4817 1749 4891 quieti.

111 4891 239 4960 agmina
252 4891 374 4964 pullatis
386 4897 495 4948 coeunt
509 4895 671 4952 vernacula
686 4897 788 4970 birris;
871 4901 942 4974 {bus
995 4907 1120 4982 Spiritus
1134 4920 1206 4976 ergo
1217 4905 1272 4963 viri
1286 4907 1406 4964 llichael
1418 4913 1539 4982 repente
1552 4907 1641 4980 beati,

112 4982 267 5038 Commeat
279 4987 308 5036 et
319 4986 380 5038 toto
393 4981 501 5052 vrdgus
517 4981 685 5040 miserabile
698 4987 782 5043 ciclo.
995 4993 1130 5051 Vimineo
1145 4993 1279 5052 condens
1293 5011 1403 5070 corpus
1416 4997 1536 5070 Kyriale
1547 4999 1620 5070 (359)
1635 4997 1765 5054 canistro

112 5069 156 5126 Fit
169 5067 298 5126 formido
308 5071 420 5141 gravis,
436 5085 474 5126 ne
488 5069 563 5127 forte
579 5071 698 5130 recedat
712 5075 751 5132 ab
765 5077 831 5136 illis.
996 5082 1139 5140 Exhausit
1151 5083 1226 5141 vitro
1239 5084 1360 5144 vitatem
1373 5086 1464 5158 digne
1476 5103 1612 5146 cruorem

150 5225 223 5298 (344)
237 5229 349 5284 N0l'0ffl
361 5229 480 5309 Musae·,
669 5300 673 5312 ,
1033 5243 1106 5318 (349)
1118 5242 1153 5300 ld
1166 5249 1213 5302 est
1239 5261 1348 5330 corpus
1361 5249 1466 5308 Christi
1493 5246 1620 5312 Domini,
1635 5261 1689 5304 seu
1706 5244 1822 5304 Eucha-

138 5299 224 5380 ι(345)
240 5297 359 5371 Septem
372 5303 451 5355 artes
462 5297 610 5372 bberales,
625 5301 808 5376 totidemque
819 5310 941 5370 mecha·
996 5314 1121 5373 ristiam.
1137 5315 1188 5372 llic
1202 5315 1424 5378 alludrtauator
1448 5318 1488 5376 ad
1501 5317 1576 5374 illud
1596 5317 1705 5374 Hieron
1729 5316 1771 5374 mi
1784 5316 1822 5376 de

113 5382 210 5426 utcas-
316 5439 321 5450 ,
997 5385 1161 5459 Exsuperio
1174 5388 1308 5448 Tolosate
1334 5391 1478 5470 episcopo
1492 5389 1523 5445 in
1538 5388 1694 5468 epistolae
1730 5389 1823 5446 Rusti·

161 5439 225 5510 346)
241 5439 377 5513 Spatium
392 5457 554 5498 annorum·
996 5474 1067 5514 cum
1081 5461 1284 5518 monachum:
1306 5483 1320 5510 a
1350 5459 1426 5517 Nihil
1439 5459 1488 5516 illo
1511 5459 1612 5530 dibus,
1640 5461 1693 5534 qui
1712 5475 1822 5534 corpus

161 5513 223 5583 ³47)
239 5509 332 5583 Vul80
347 5513 482 5595 14413444,
996 5529 1115 5588 Domini
1137 5533 1267 5590 canistro
1287 5531 1429 5600 vimineo,
1456 5530 1636 5602 sanguinem
1667 5537 1766 5607 portat
1790 5533 1823 5590 in

162 5585 225 5654 348)
241 5581 364 5642 Flumen
377 5583 484 5642 infame
995 5601 1081 5662 vitro,
1097 5620 1113 5660 2
