4110 6138
232 217 285 270 ’7ῦῦ

602 215 630 271 S.
651 215 779 273 obortis
797 215 948 273 seems
967 215 1034 272 SEU
1052 215 1223 274 laruatus
1241 217 1372 275 onouls
1391 217 1550 275 honneur
1889 221 1943 273 796

234 325 360 395 Graeces.
377 337 502 394 Cithara
522 338 621 397 torma
639 339 724 397 initio
744 340 858 413 pectori
877 340 1013 396 humano
1026 339 1101 396 ιιι-Α
1119 340 1177 414 pis,
1193 333 1294 399 relicta
1315 345 1361 399 est
1387 347 1416 398 et
1441 341 1562 400 testudo
1573 360 1580 412 ;
1593 357 1661 416 qun
1685 357 1755 400 cum
1784 341 1952 416 putrefacta

235 425 312 482 milis
325 425 416 482 inisse
430 426 565 499 traditur,
581 428 726 502 quoniam
748 430 791 486 uti
805 445 864 486 vox
879 445 915 486 cx
933 433 1063 501 pectore,
1119 433 1205 500 esset,
1221 434 1250 488 et
1264 431 1346 487 nervi
1360 432 1426 504 ejus
1439 432 1550 488 extenti
1564 431 1642 488 intra
1657 432 1774 488 corium
1787 435 1950 489 remansis

234 515 275 572 ita
289 531 324 571 er
337 515 404 588 ipsa
427 519 533 573 cantus
544 517 616 574 liat:
633 534 706 576 nam
720 521 825 593 pectus
844 517 1065 588 Dorioalingua
1120 523 1194 588 sent,
1209 536 1228 577 a
1242 520 1383 580 Mercurio
1406 536 1548 595 percussa
1564 537 1675 578 sonum
1689 521 1786 579 dedit:
1803 522 1847 579 ad
1867 523 1953 593 cuius

235 604 348 662 cithara
360 604 478 662 dicitur.
499 606 583 664 Hanc
600 611 714 666 veteres
729 607 883 669 fidiculam
895 607 943 666 vel
956 606 1066 664 fidicen
1119 610 1250 682 speciem
1266 610 1425 668 Mercurius
1441 611 1539 684 lyram
1548 609 1625 668 lecit.
1634 611 1875 668 percussionales
1886 619 1953 668 sunt

234 694 477 753 nominaverunt.
507 696 636 770 Antiqua
665 698 778 760 cithara
807 701 921 772 septem
945 696 1064 754 chordis
1119 698 1270 756 acitabula
1279 714 1364 756 aenea
1373 700 1422 758 vel
1431 704 1583 770 argentea,
1594 715 1813 774 quaepercussa
1826 717 1953 757 suarem

235 789 308 854 crat,
325 789 353 842 et
375 789 490 859 septem
510 786 642 845 habebat
662 788 837 845 discrimina
858 803 977 856 vocum,
997 787 1065 844 ideo
1118 787 1249 844 reddunt
1263 788 1434 846 tintinnum.
1453 789 1578 847 Sistrum
1594 788 1648 845 lsis
1672 789 1777 860 regina
1797 789 1954 864 AEgyptie-

235 873 320 946 quod
329 873 413 930 nulla
426 874 539 932 chorda
552 876 657 932 viciare
674 876 793 934 chordae
815 875 943 933 similem
955 891 1065 932 sonum
1118 892 1187 932 rum
1199 876 1323 948 invenit,
1338 880 1367 934 et
1381 877 1421 936 ab
1434 893 1470 936 ea
1484 878 1608 938 dictum.

235 962 391 1020 reddebat.
417 962 534 1021 Chorda
561 965 684 1023 acorde
713 966 802 1036 dicta,
818 965 891 1039 quia
918 965 996 1021 sicut
1022 967 1067 1022 est
1154 965 1409 1040 lletricaest,quae
1419 966 1774 1025 mensurasdiversorum
1785 971 1955 1024 metrorum

236 1051 342 1124 pulsus
370 1052 467 1112 cordis
492 1052 523 1110 in
551 1057 679 1127 pectore,
701 1044 742 1113 ita
764 1055 870 1129 pulsus
890 1053 1012 1111 chordas
1034 1054 1065 1110 in
1118 1054 1269 1127 probabili
1293 1055 1409 1113 ratione
1435 1057 1597 1126 cognoscit.
1612 1058 1806 1116 Authenticus
1835 1063 1954 1132 protus,

238 1140 433 1200 citharedus
455 1141 576 1215 primun
605 1144 764 1202 Mercurius
792 1142 926 1200 instituit.
957 1145 1066 1216 Lyram
1119 1143 1264 1215 magister
1278 1144 1325 1201 vel
1339 1149 1443 1202 auctor
1455 1145 1590 1218 primus:
1613 1145 1754 1203 deuterus
1777 1146 1953 1203 secundus:

237 1245 359 1304 quoque
372 1230 430 1288 hoc
444 1231 536 1290 modo
550 1232 680 1290 invenit:
703 1249 773 1290 cum
793 1231 965 1303 regrediens
984 1230 1065 1288 Nilus
1118 1231 1204 1288 tritus
1224 1232 1347 1290 tertius:
1368 1233 1517 1290 tetrardus
1542 1238 1677 1308 quartus.
1705 1234 1788 1306 Plagi
1810 1249 1888 1309 pars
1910 1235 1955 1290 vel
2038 1295 2039 1304 ,

236 1320 268 1378 in
283 1335 353 1380 suos
367 1325 484 1380 meatus
498 1321 582 1382 varia
595 1322 739 1381 animalia
752 1323 923 1397 reliquisset
936 1321 968 1378 in
982 1337 1065 1378 cam·
1119 1320 1273 1378 interiores
1286 1337 1401 1378 eorum.
1416 1325 1556 1397 Parapler
1575 1323 1826 1396 circumaequalis.
2038 1305 2039 1332 ¹

639 1629 946 1753 REGULAE
989 1629 1220 1754 DOMNi
1265 1631 1541 1757 ODONIS

746 1877 816 1965 uu
856 1877 1331 1970 uuuruuuuuuu
1364 1847 1438 1920 ‘¹⁷²³

994 2065 1197 2082 m

275 2193 472 2267 sesquialtera
503 2195 658 2270 proportio
685 2199 741 2268 est,
764 2193 889 2270 quando
920 2209 1065 2252 numerus
1084 2193 1105 2248 Β
1121 2197 1199 2250 retro
1213 2193 1346 2252 minores
1360 2195 1462 2265 nigros
1471 2197 1538 2252 octo
1550 2193 1678 2252 existant
1691 2194 1824 2266 majores
1837 2193 1904 2252 albi
1919 2211 1954 2252 ex

237 2283 336 2356 maj0r
348 2285 479 2345 continet
492 2285 523 2344 in
538 2289 679 2344 sciolum
694 2302 855 2344 numerum
874 2285 1022 2344 minorem
1037 2287 1066 2340 et
1119 2297 1227 2354 genere
1248 2283 1519 2358 superparticulari,
1535 2287 1568 2340 ut
1581 2281 1758 2356 sesquitertii
1771 2283 1872 2354 juncti
1896 2283 1954 2340 sint

237 2373 303 2446 ejus
329 2373 452 2434 alteram
468 2378 596 2448 partem,
612 2379 645 2440 ut
655 2378 690 2434 Vl
705 2375 744 2432 ad
767 2378 835 2432 Vlll.
851 2375 1066 2448 Sesquiquarta
1119 2371 1224 2446 triplis,
1237 2373 1438 2446 sesquiquinti
1450 2371 1632 2446 quincuplis,
1647 2371 1871 2446 sesquiseptimi
1886 2389 1952 2446 sep-

238 2461 391 2535 proportio
404 2465 458 2532 est,
471 2462 596 2536 quando
623 2463 720 2534 major
734 2478 879 2520 uumerus
892 2461 1022 2520 continet
1035 2460 1065 2516 in
1120 2461 1220 2536 tuplis,
1249 2462 1424 2535 sesquinoni
1450 2462 1602 2536 nonuplis.
1630 2465 1716 2522 ltetrc
1748 2461 1859 2520 rubros
1884 2469 1952 2523 octo
2038 2535 2039 2538 Ἴ

239 2565 270 2606 se
284 2553 380 2608 totum
389 2550 537 2608 minorem
550 2566 710 2610 numerum
722 2555 751 2608 ct
765 2551 830 2624 ejus
845 2555 986 2624 quartam
995 2565 1066 2624 par·
1119 2550 1249 2610 existant
1273 2550 1404 2608 minores
1424 2551 1503 2620 nigri
1526 2566 1684 2622 exgenere
1708 2551 1952 2624 superpartienti,

239 2641 310 2708 tem,
326 2643 359 2696 ut
384 2642 426 2696 xx
451 2639 491 2698 ad
518 2642 594 2698 xxv.
621 2640 810 2713 sesquisexta
833 2639 987 2714 proportio
1011 2643 1064 2708 est,
1120 2643 1154 2696 ut
1169 2639 1453 2712 superbipartientes
1473 2640 1570 2712 juncti
1591 2641 1650 2700 sint
1666 2639 1884 2714 sesquialteris,
1902 2657 1952 2696 su-

239 2725 365 2798 quando
379 2727 479 2798 major
497 2743 641 2784 numerus
664 2728 795 2786 continet
807 2729 839 2788 iu
854 2745 885 2788 se
900 2731 994 2786 totum
1009 2727 1066 2784 mi-

238 2830 344 2877 norem
371 2831 532 2876 numerum
547 2821 576 2874 et
599 2817 665 2892 ejus
685 2822 799 2876 sextam
814 2821 941 2892 partem,
956 2821 987 2876 ut
1001 2819 1066 2874 xllx

239 2903 279 2962 ad
306 2906 404 2966 xxxv.
436 2905 651 2978 sesquioctava
677 2907 832 2982 proportio
859 2915 912 2976 est,
941 2905 1066 2980 quando

239 2993 337 3064 major
346 3008 491 3053 numerus
500 2997 599 3062 totum
614 2994 644 3052 in
659 3010 691 3052 se
706 2993 839 3054 continet
848 2994 998 3054 minorem
1012 3009 1066 3052 nu-

238 3097 357 3142 merum
381 3085 410 3142 et
436 3083 501 3156 ejus
528 3088 668 3142 octavam
694 3089 821 3158 partem,
851 3088 884 3144 ut
911 3087 997 3142 uxxu
1028 3082 1067 3142 ad

239 3173 346 3232 cxxxi
369 3171 560 3245 sesquitertia
583 3173 737 3247 proportio
765 3173 955 3247 est‚quando
970 3172 1068 3245 maior

238 3276 383 3320 numerus
398 3262 529 3322 confluet
554 3262 585 3320 in
601 3278 632 3320 se
654 3265 750 3322 totum
775 3262 924 3322 minorem
950 3266 979 3320 et
1003 3261 1067 3334 ejus

239 3351 356 3412 tertiam
370 3356 496 3425 partem,
508 3356 542 3412 ut
567 3354 623 3412 XVI
638 3352 678 3412 ad
698 3355 754 3412 llll.
773 3351 986 3426 sesquiquinta
1001 3367 1068 3424 pro-

238 3440 337 3513 portio
360 3443 414 3508 est,
429 3440 554 3514 quando
567 3441 665 3513 major
682 3457 827 3500 numerus
840 3441 972 3500 conhnet
983 3441 1016 3500 in
1030 3456 1068 3498 ne

239 3532 337 3588 totum
368 3528 517 3588 minorem
547 3534 577 3590 et
608 3531 673 3602 ejus
706 3531 844 3603 quintum
875 3535 1001 3604 partem,
1036 3535 1068 3588 ut

241 3620 339 3677 XXXVI
352 3617 393 3674 ad
402 3620 475 3677 xxx.
485 3619 877 3694 Sesquiseptimaproportio
885 3624 929 3678 est
943 3619 1067 3693 quando

241 3707 340 3778 maior
353 3721 498 3768 uumerus
516 3707 648 3767 confines
661 3708 693 3766 in
707 3725 739 3766 se
760 3712 856 3768 totum
874 3709 1023 3766 minorem
1042 3711 1071 3764 et

241 3796 306 3868 ejus.
325 3795 486 3870 septimam
508 3801 634 3872 partem,
649 3801 683 3858 ut
707 3801 783 3858 biltv
801 3798 841 3856 ad
865 3801 930 3858 ιιι.
952 3798 1070 3872 Sesqui-

241 3900 324 3944 nona
336 3885 491 3958 proportio
512 3890 566 3954 est,
581 3887 705 3960 quando
729 3887 826 3960 major
839 3903 984 3947 numerus
998 3903 1070 3944 con-

242 3973 354 4032 tinetin
372 3977 513 4036 aetolum
528 3975 676 4036 minorem
689 3979 717 4034 et
736 3977 801 4049 eius
817 3991 931 4035 acuam
943 3979 1070 4049 partem,

242 4067 275 4124 ut
288 4065 309 4120 C
322 4062 430 4126 aditC.

570 4224 614 4282 De
628 4223 743 4282 totuis.

280 4361 322 4420 Sit
336 4362 439 4421 tabula
453 4361 493 4422 ad
515 4363 704 4422 latitudinem
723 4363 911 4438 longitudine
934 4363 1073 4422 distincta

244 4449 370 4524 campis,
392 4467 557 4526 superque
572 4469 608 4509 ex
619 4453 760 4511 alterutra
773 4457 858 4528 parte
872 4453 1073 4527 disponantur

244 4539 275 4596 in
301 4539 413 4597 ultimis
436 4540 509 4598 locis
538 4555 644 4600 omnes
670 4543 784 4616 speeies
808 4542 900 4600 trium
917 4557 1072 4613 generum,

243 4627 425 4704 multiplicis,
458 4630 736 4704 superparticularis
763 4635 791 4689 et
818 4630 1074 4706 superpartientis,

244 4735 341 4792 usque
360 4717 401 4777 ad
412 4719 573 4794 decuplam
588 4721 823 4796 proportionem,
838 4723 879 4779 ita
893 4725 925 4778 ut
938 4719 1008 4777 hinc
1020 4735 1074 4794 ap-

243 4815 372 4882 pareant
392 4827 460 4884 quae
484 4809 762 4870 denominationem
777 4811 890 4870 habent
901 4829 939 4869 ex
951 4809 1029 4886 pari,
1044 4816 1075 4869 et

244 4897 315 4954 hinc
341 4910 408 4972 quae
432 4915 469 4956 ex
481 4899 608 4973 impari:
624 4907 692 4959 octo
714 4901 794 4959 enlm
817 4903 950 4959 minores
964 4901 1025 4960 albi
1039 4893 1115 4959 cxli

246 5001 354 5058 genere
378 4995 588 5064 proponantur
610 4989 775 5064 multiplici,
792 4991 887 5068 dupli,
903 4991 1075 5068 quadrupli,

247 5076 388 5152 sescupli,
412 5080 534 5154 octupli.
562 5081 611 5138 llis
635 5085 828 5154 opponantur
851 5086 918 5139 octo
946 5081 1077 5140 minores

1120 2728 1444 2804 perquadripartientes
1452 2729 1679 2804 sesquiquartis,
1689 2729 1953 2803 supersesquipar-

1119 2813 1225 2876 tientes
1248 2818 1451 2892 sesquisextis,
1466 2818 1777 2892 superoctipartientes
1799 2819 1953 2892 sesquioc

1121 2906 1206 2964 tavis.
1223 2909 1296 2966 Item
1307 2912 1385 2964 retro
1408 2907 1469 2966 albi
1483 2907 1616 2968 minores
1630 2911 1698 2966 octo
1712 2907 1892 2966 existentes
1906 2923 1955 2980 ge

1120 3012 1192 3056 nere
1216 2997 1455 3071 superpartienti,
1470 3001 1503 3056 ut
1530 2996 1822 3072 supertripartientes
1853 2997 1956 3056 adhe

1121 3091 1208 3146 reant
1219 3087 1421 3161 sesquitertiis,
1434 3087 1823 3162 superquinquepartientes
1839 3087 1956 3160 sesqui·

1122 3175 1244 3249 quintis,
1268 3175 1600 3250 superseptipartientes
1629 3174 1881 3250 sesquiseptimis,
1910 3193 1957 3234 su·

1122 3263 1413 3337 pemonipartientes
1429 3264 1631 3338 sesquinonis.

1160 3424 1208 3482 llis
1219 3423 1260 3484 ita
1271 3423 1423 3496 dispositis
1436 3423 1561 3496 legitimi
1574 3423 1649 3482 fiant
1671 3426 1784 3482 tractus
1797 3440 1834 3482 ex
1850 3423 1958 3483 alteru·

1125 3517 1169 3572 tra
1184 3517 1268 3586 parte
1292 3513 1472 3582 alternatim,
1496 3517 1529 3570 ut
1555 3512 1734 3587 multiplices
1753 3514 1915 3570 trahantur
1929 3513 1956 3568 in
2038 3531 2039 3556 ι

1125 3603 1291 3660 secundum
1309 3607 1377 3660 ante
1398 3606 1487 3674 retro,
1511 3601 1712 3676 dextrorsum,
1737 3601 1957 3670 sinistmmum,

1124 3689 1322 3762 angulariter:
1351 3689 1637 3766 superparticulares
1656 3689 1839 3766 intertium,
1856 3706 1959 3764 supcr-

1124 3779 1284 3856 partientes
1298 3779 1329 3836 in
1354 3783 1507 3856 quartum.
1521 3777 1708 3854 Quicumque
1723 3795 1873 3838 numerus
1889 3794 1959 3836 con·

1125 3867 1221 3926 traria
1243 3868 1336 3942 partis
1357 3883 1519 3926 numerum
1541 3868 1574 3926 in
1588 3885 1643 3925 suo
1656 3865 1790 3940 legitimo
1809 3885 1905 3926 cursu
1919 3867 1959 3924 ot·

1126 3957 1231 4036 tendit,
1245 3957 1328 4018 illum
1342 3959 1396 4032 qui
1422 3957 1459 4016 sit
1480 3957 1616 4032 ejusdem
1637 3957 1814 4031 quantitatis
1831 3959 1957 4016 aulerat.

1127 4049 1156 4106 si
1175 4063 1319 4105 numerus
1343 4047 1579 4120 circumponitur
1606 4046 1762 4106 contrariae
1783 4047 1894 4120 partis,
1910 4047 1960 4120 qui

1126 4133 1313 4210 multiplicati
1328 4139 1357 4192 et
1379 4134 1538 4209 compositi
1553 4133 1685 4192 efficiant
1698 4134 1959 4210 circumpositum,

1127 4226 1286 4286 auferatur.
1302 4226 1477 4301 Quicunque
1499 4225 1655 4284 concurs
1678 4226 1772 4300 partis
1796 4242 1961 4284 numerum

1127 4315 1168 4374 sic
1183 4315 1317 4380 offendit,
1337 4320 1371 4374 ut
1392 4315 1545 4390 quantitas
1572 4315 1812 4390 interjacentium
1839 4333 1962 4392 campe

1127 4423 1196 4464 rum
1209 4405 1241 4466 in
1255 4423 1286 4464 se
1314 4403 1511 4480 multiplicata
1544 4404 1685 4464 contrarii
1704 4405 1826 4464 numeri
1854 4405 1962 4464 reddat

1129 4512 1292 4566 summam,
1308 4499 1337 4554 et
1350 4493 1474 4554 auferat.
1486 4493 1547 4552 Tali
1560 4493 1672 4570 praeda
1684 4494 1844 4569 subjacent
1853 4512 1961 4554 omnes

1128 4585 1239 4662 pariter
1252 4589 1362 4660 partes,
1378 4587 1429 4642 aut
1440 4583 1552 4658 pariter
1564 4583 1706 4658 impares,
1721 4581 1770 4640 vel
1784 4583 1914 4642 secundi
1937 4587 1964 4640 et

1130 4673 1304 4749 compositi;
1331 4672 1384 4730 sed
1396 4671 1486 4746 primi
1508 4677 1537 4730 et
1551 4671 1709 4747 compositi
1732 4675 1885 4744 vagentur
1899 4673 1963 4744 tuti,

1130 4778 1192 4822 non
1205 4761 1246 4818 ita
1256 4761 1314 4820 sint
1328 4759 1508 4818 adversariis
1523 4759 1722 4834 circumsepti,
1743 4765 1776 4818 ut
1793 4776 1849 4834 per
1874 4761 1965 4834 tegili

1131 4868 1197 4909 mos
1226 4866 1331 4908 cursus
1355 4849 1549 4924 nonpossint
1572 4849 1709 4908 evadere.
1732 4849 1815 4906 Hanc
1843 4849 1965 4910 foveam

1132 4938 1350 4998 arithmeticam
1370 4937 1535 4998 incidentes
1548 4937 1694 4998 auferant.

1168 5079 1968 5154 tnillaparte,ubiexperthabentdencminatasprc

246 5167 323 5240 nigri
339 5167 475 5242 ejusdem
490 5168 617 5240 generis,
639 5167 728 5241 tripli,
754 5169 921 5243 quincupli,
938 5168 1077 5242 septupli,
1132 5168 1355 5244 portiones,est
1379 5171 1445 5240 XCI,
1458 5167 1612 5243 pyramis:
1637 5184 1731 5242 quam
1758 5169 1783 5224 si
1809 5185 1868 5226 sua
1888 5170 1969 5227 basis

245 5257 381 5332 nonupli.
416 5259 503 5315 listro
542 5257 674 5315 minores
727 5257 813 5316 albos
849 5262 916 5317 octo
952 5257 1079 5316 existant
1134 5261 1244 5329 lllltlvl,
1259 5274 1328 5332 quea
1341 5257 1448 5318 militat
1460 5257 1492 5318 in
1506 5257 1688 5316 adversmis
1701 5257 1818 5326 cutris,
1835 5259 1970 5332 perlegi·

245 5347 330 5405 rubri
343 5363 380 5404 ex
394 5361 503 5419 genere
532 5345 805 5420 superparticulari,
820 5349 861 5404 ita
887 5351 919 5404 ut
934 5345 1080 5422 sesquiel-
1135 5348 1243 5406 timum
1263 5351 1393 5406 tractum
1418 5351 1471 5404 aut
1493 5347 1681 5405 baslslatera
1706 5361 1776 5404 cum
1801 5349 1971 5422 quantitate

248 5436 302 5491 teri
313 5436 486 5496 adhereant
497 5435 608 5510 duplis,
622 5435 807 5512 sequiquarti
818 5435 1006 5512 quadruplis,
1019 5452 1080 5492 ses·
1106 5495 1111 5504 ,
1137 5453 1315 5512 camporum
1326 5435 1564 5510 interjacentium
1578 5435 1776 5512 multiplicata
1789 5437 1894 5496 basim
1910 5435 1971 5493 elti-

247 5524 378 5599 quisexti
412 5525 567 5598 sescuplis,
605 5525 806 5599 sesquioctavi
837 5523 975 5598 octuplis.
1009 5529 1082 5584 ltem
1138 5523 1971 5600 cienuaoffendant,aruerantltaflatdaexcpymmrde

284 5647 354 5720 (ιιι)
368 5643 437 5706 vid.
452 5647 489 5706 de
503 5647 613 5709 ecdem
627 5651 807 5724 argumento
823 5647 957 5710 isidorus
969 5653 999 5712 et
1011 5651 1205 5716 Hucbaldus.
