4120 6154
124 187 171 246 ur
496 145 498 149 ’
518 179 666 238 senous
687 177 870 242 uosnrruu
888 177 917 233 s.
937 175 1042 236 osso.
1066 178 1101 234 ιιι
1120 176 1194 238 sos.
1209 207 1244 222 -
1261 179 1326 236 rrs.
1342 183 1429 238 ιιιιιι.
1777 189 1831 246 ιιι

121 309 171 376 nit,
182 311 274 382 atque
289 323 325 364 cx
339 306 390 364 illa
403 306 507 378 impios
517 305 657 376 excussit,
668 303 741 378 quia
756 301 900 378 spiritalia
913 300 945 358 ii·
963 301 1114 376 Aquippe
1130 301 1285 370 Dominus,
1310 319 1403 376 quem
1424 305 1465 362 ad
1492 321 1580 366 suam
1604 307 1831 367 similitudinem

121 397 167 454 dci
180 397 414 472 praedicamenta
423 399 590 464 renuentes,
607 393 697 452 etiarn
709 409 728 452 a
742 391 871 450 carnalis
899 407 945 448 sa·
1001 391 1144 464 condidit,
1159 391 1247 465 quasi
1259 392 1417 465 quoddam
1440 412 1502 456 sum
1528 399 1668 469 potentias
1693 400 1830 470 manaem

121 487 221 546 crificii
232 487 328 558 gloria
342 486 457 559 repulit.
473 485 571 544 Aliter.
583 485 659 551 Quia
670 500 706 542 ex
716 481 819 542 ludeea
829 497 945 556 paucos
1001 479 1152 548 lambuit,
1165 480 1248 554 quod
1263 485 1365 540 tamen
1377 487 1411 538 ut
1427 484 1524 544 tutum
1549 488 1734 556 rusuuerus,
1758 487 1831 561 quia

120 576 254 648 abjectos
266 579 295 634 et
306 573 433 632 humiles
445 573 541 646 elegit,
558 577 693 630 eatrcma
712 578 801 630 terrm
829 569 923 628 tenuit
937 586 945 638 ς
999 567 1068 626 licet
1081 573 1193 626 aeterna
1205 569 1352 643 supplicia
1362 585 1416 644 per·
1428 574 1656 634 conversionem
1667 575 1772 648 fngiat,
1799 576 1831 634 in

119 663 193 733 legis
207 663 287 720 enim
295 663 432 718 doctores
447 660 587 732 descruit,
604 665 632 717 et
652 661 815 734 piscatores
841 658 945 730 tenuit,
999 656 1113 714 ultione
1127 661 1228 715 tamen
1242 663 1419 732 perpetratas
1433 661 1592 734 superbias,
1607 665 1707 722 carnis
1734 671 1830 724 morte

119 753 253 825 dumque
267 752 332 824 ejus
347 755 480 810 extrema
495 755 583 820 terrel,
601 767 638 808 ex
647 766 684 808 ea
696 751 807 826 impios
825 748 945 819 excutit,

120 841 190 915 quia
203 841 278 900 dum
287 839 424 898 infirmos
437 840 541 898 fideles
556 841 686 909 roborat,
712 839 824 898 iortiter
843 839 873 894 in
896 837 947 898 illa

119 931 252 990 infideles
264 931 399 990 damnat.
416 935 472 990 Res
487 935 587 989 autem
602 930 770 988 concutitur
783 930 843 986 huc
855 927 948 985 illluc·

119 1021 685 1098 queductaiatigatur.Concussaergo
707 1019 812 1076 ludera
839 1018 946 1089 iuerat,

118 1127 186 1188 qnae
214 1127 268 1186 per
290 1110 365 1170 alios
388 1111 524 1168 dicebat:
539 1133 553 1162 s
577 1110 652 1178 Ouia
665 1110 765 1166 bonus
780 1113 824 1166 est
845 1107 945 1180 (Jouu.

117 1216 167 1271 rur,
185 1203 228 1268 ii)
245 1218 252 1268 ;
269 1203 324 1258 »et
337 1216 391 1274 per
405 1199 479 1256 alios
501 1198 669 1270 resistebat,
697 1197 818 1254 dicens:
836 1218 850 1246 s
870 1199 945 1266 Non,

999 745 1172 804 damnatur.
1186 747 1324 820 Sequitur
1340 766 1347 806 ι
1361 750 1402 808 lit
1419 750 1510 808 stabit
1524 751 1600 808 sieut
1612 755 1828 812 uestimentum.

999 869 1035 880 -
1048 836 1186 910 impolita
1197 852 1331 911 namque
1346 843 1376 898 et
1389 840 1542 911 grossiora
1551 841 1829 902 vestimentaatiam

1000 942 1070 984 cum
1084 925 1190 984 induta
1203 925 1321 996 fuerint,
1337 929 1409 1002 quia
1424 929 1584 988 induendis
1594 931 1739 989 membris
1750 932 1829 990 bena
1852 925 1860 932 '

1000 1015 1151 1090 applicata
1164 1032 1227 1074 uon
1239 1017 1393 1088 inhaereat,
1414 1023 1491 1078 stare
1518 1021 1695 1079 referuntur.
1723 1021 1829 1080 Judssa

999 1103 1089 1176 igitur
1105 1105 1326 1164 siccaveritatis
1352 1109 1489 1166 notitiam
1511 1110 1601 1168 etiam
1623 1127 1694 1168 cum
1719 1111 1829 1168 servus

1000 1193 1247 1262 videretur,sicut
1276 1200 1482 1256 vestamentum
1506 1199 1594 1270 stetit,
1611 1200 1683 1273 quia
1703 1215 1757 1274 per
1777 1215 1829 1258 ex·

118 1289 172 1346 sed
186 1289 301 1347 seducit
312 1289 415 1348 turbas
429 1289 540 1360 (leid).
553 1307 568 1342 s
581 1288 680 1346 Aliter.
695 1289 841 1346 Extrema
858 1290 946 1342 terres

117 1380 268 1436 concussit
277 1384 306 1436 et
320 1381 424 1448 tenuit,
439 1378 512 1452 quia
524 1394 594 1436 cum
606 1377 726 1434 infirma
742 1375 834 1433 corda
844 1373 944 1434 humi·
1001 1372 1155 1430 adhssrere
1169 1374 1196 1430 ei
1216 1390 1271 1448 per
1297 1375 1449 1434 charitatis
1471 1376 1697 1448 intelligentiam
1724 1379 1828 1436 noluit.

116 1465 190 1524 lium
201 1468 252 1541 pio
264 1469 370 1526 timore
386 1467 496 1536 terruit,
513 1483 708 1540 nequaquam
722 1464 876 1538 eajudicio
886 1462 946 1518 dis·
1000 1460 1090 1520 Aliter
1105 1479 1112 1520 z
1127 1465 1180 1520 Tot
1190 1478 1272 1520 nuno
1285 1464 1373 1536 quasi
1387 1465 1522 1522 restibus
1532 1471 1637 1526 sancta
1647 1467 1777 1526 Ecclesia
1784 1468 1829 1524 ln·

116 1557 201 1614 triuio
216 1556 383 1632 dereliquit.
399 1558 471 1616 lude
486 1557 566 1614 enirn
578 1556 739 1616 multitudo
759 1553 945 1614 credentium
999 1551 1111 1624 duitur,
1126 1556 1201 1625 quot
1211 1553 1347 1612 fidelium
1362 1556 1554 1614 veneratione
1566 1557 1735 1614 decoratur.
1749 1558 1831 1615 Unde

115 1646 145 1703 in
163 1650 257 1704 Deum
272 1648 424 1704 robustius
439 1645 527 1718 stetit,
543 1646 623 1703 unde
644 1647 675 1702 in
703 1661 734 1701 se
757 1643 884 1702 humilia
902 1645 945 1700 te-
965 1645 1028 1718 flet
1042 1643 1070 1699 ei
1083 1643 1211 1700 ostensis
1226 1644 1366 1714 gentibus
1383 1646 1543 1704 aDomino
1571 1663 1626 1721 per
1651 1644 1833 1722 prophetari!

115 1735 190 1792 nuit.
207 1736 278 1792 Hine
294 1735 436 1794 salomon
447 1735 487 1794 ait
503 1754 537 1792 :u
550 1737 655 1790 Beatus
675 1733 720 1793 vir
747 1732 800 1806 qui
826 1746 946 1804 semper
1000 1731 1107 1792 dicitur
1123 1751 1157 1790 :u
1170 1733 1245 1790 Vivo
1258 1749 1324 1804 eg0‚
1338 1733 1467 1807 quiebis
1482 1735 1625 1793 omnibns
1640 1737 1721 1794 velut
1742 1753 1831 1794 orna·

115 1829 160 1882 est
174 1825 303 1900 pavidus
320 1843 327 1892 ;
343 1825 508 1898 quiantern
522 1824 631 1880 mentis
654 1823 803 1888 estdurae,
828 1823 946 1876 corruet
1000 1823 1103 1876 mento
1131 1821 1264 1877 vestieris
1283 1822 1353 1893 (Iso.
1382 1839 1461 1894 xmx,
1495 1827 1549 1892 18),
1565 1847 1579 1874 »
1605 1825 1700 1882 Multis
1728 1829 1830 1884 tamen

115 1915 146 1970 in
162 1913 278 1970 maium
294 1914 395 1981 (Pron.
410 1929 513 1982 xxvrrr,
529 1913 582 1984 tt).
599 1931 614 1964 s
631 1911 721 1967 Aliter
735 1915 822 1978 terra,
840 1913 946 1966 sancta
1000 1907 1088 1980 quasi
1108 1907 1248 1966 fidelibus
1275 1925 1356 1966 nune
1379 1910 1478 1983 specie
1501 1915 1588 1970 tenus
1609 1912 1752 1982 induitur,
1777 1913 1831 1971 sed

116 2003 257 2060 Ecclesia
272 2003 417 2059 Extrema
427 2001 516 2070 igitur
534 2007 620 2057 terre
647 1998 791 2056 Dominus
815 2001 895 2056 tenet
918 2001 948 2054 et
1000 1995 1138 2068 pulsante
1150 1996 1367 2069 persecutionis
1379 1997 1493 2071 impetn
1505 2005 1576 2057 tuno
1592 2002 1634 2058 eis
1659 2007 1750 2060 exuta
1773 2017 1830 2059 nu-

115 2092 257 2160 ooncutit,
272 2090 568 2166 quiaEcclesiassuae
579 2089 683 2146 ultima
702 2103 756 2161 per
783 2086 946 2144 adrentum
1001 2083 1132 2140 dabitur.
1146 2086 1228 2142 Stare
1243 2101 1314 2142 sero
1329 2085 1465 2144 hocloco
1490 2089 1622 2162 ponitur,
1651 2090 1681 2148 ln
1706 2095 1830 2166 peccato

115 2179 288 2236 antichristi
303 2179 508 2254 persecutione
518 2176 740 2234 immanissima
756 2174 875 2232 turbare
884 2189 947 2247 per·
1001 2172 1168 2245 persistere,
1184 2173 1326 2232 utillud:
1343 2197 1357 2226 s
1374 2176 1407 2231 ln
1420 2176 1471 2233 via
1482 2183 1675 2250 peccatorum
1686 2195 1748 2237 non
1777 2185 1832 2238 ste·

115 2269 215 2326 mittit.
231 2272 264 2326 Et
275 2269 348 2344 quia
362 2267 497 2342 plerique
507 2267 585 2324 intra
598 2266 760 2322 Ecclesiam
774 2267 852 2328 sunt,
870 2264 946 2322 sicut
1002 2261 1034 2318 tii
1051 2260 1143 2333 (Psal.
1157 2278 1177 2332 ι,
1191 2267 1229 2327 tt,
1247 2284 1261 2313 s
1271 2262 1319 2318 vel
1330 2267 1408 2320 certe
1424 2264 1500 2322 sicut
1513 2265 1619 2324 induta
1629 2268 1718 2324 restis
1737 2269 1832 2326 tendi·

114 2357 279 2432 Apostolus
289 2357 379 2414 dicit:
395 2357 495 2424 «Quia
510 2357 690 2414 cantitentur
699 2371 731 2412 se
740 2357 944 2424 nosseDeum,
1001 2352 1059 2418 tus,
1079 2353 1169 2408 exuta
1198 2349 1293 2408 tracta
1321 2352 1528 2426 complicatur,
1557 2355 1599 2412 ita
1622 2356 1831 2430 unusquisque

114 2446 199 2504 facus
213 2449 316 2504 autem
331 2450 444 2516 negant
459 2445 526 2518 (Tit,
538 2462 557 2514 ι,
572 2443 765 2516 46)‚»1mpios
780 2458 850 2512 ergo
864 2457 946 2498 exea
1000 2437 1053 2510 qui
1063 2438 1103 2494 ab
1114 2437 1243 2496 Ecclesia
1257 2441 1422 2506 recesserit,
1439 2443 1609 2502 contractus
1619 2449 1709 2518 atque
1733 2445 1832 2518 abjec-

114 2534 259 2592 Dominus
274 2533 393 2605 excutit,
406 2533 478 2606 quia
493 2534 549 2590 hos
564 2549 642 2607 quos
656 2548 738 2588 nunc
753 2531 859 2589 intima
873 2529 945 2588 sitia
1002 2531 1048 2584 tus
1058 2527 1180 2600 jacebit,
1197 2529 1260 2602 qui,
1274 2529 1349 2588 dum
1371 2530 1554 2602 indueretur,
1583 2535 1712 2596 ‹iecorus
1740 2539 1831 2610 utque

113 2622 281 2698 possident,
295 2627 365 2680 tunc
380 2623 412 2680 in
427 2622 603 2693 voraginem
626 2613 736 2694 a'pertae
762 2618 945 2678 infidelitatis
1000 2620 1102 2674 tensus
1117 2616 1182 2675 tuit.
1198 2617 1313 2676 sivero
1329 2623 1407 2678 stare
1436 2621 1630 2694 intelligimus
1654 2623 1829 2697 perdurare,

112 2711 232 2782 cadent,
259 2717 350 2788 atque
374 2713 406 2770 in
430 2728 572 2770 acervum
600 2711 756 2784 palearum
777 2713 944 2768 transeunt.
1000 2705 1077 2764 sicut
1087 2705 1299 2764 vestimentum
1315 2712 1373 2766 stat
1386 2709 1515 2784 quisque
1525 2712 1685 2786 reprobus,
1699 2713 1773 2788 quia
1798 2714 1830 2771 in

112 2803 290 2858 Monsrrrerr.
309 2803 363 2856 Per
381 2803 492 2856 terram
507 2799 620 2874 quippe
636 2798 729 2854 borno
748 2795 868 2854 infirma
894 2795 947 2868 [iu-
1001 2795 1060 2854 hac
1070 2795 1142 2864 vita,
1159 2811 1253 2869 quam
1267 2797 1372 2872 diligit,
1385 2798 1469 2858 brevi
1482 2801 1581 2872 durat,
1594 2803 1708 2860 utillud
1719 2821 1726 2861 ι
1738 2807 1831 2862 ‹Dm-

111 2889 198 2964 fima]
210 2889 332 2963 sapiens
346 2889 530 2962 designatur,
543 2887 591 2944 cui
598 2887 735 2962 peccanti
750 2886 864 2944 dictum
881 2889 944 2940 cst:
1000 2884 1051 2942 nia
1073 2883 1150 2942 sicut
1172 2886 1383 2944 vestimentum
1396 2893 1590 2962 veterascent,
1607 2915 1622 2944 n
1649 2899 1718 2965 etc,
1732 2895 1828 2962 (Psoi.

111 3000 125 3030 s
141 2981 234 3036 Terra
245 2993 290 3044 es,
306 2981 335 3034 et
350 2977 380 3034 in
396 2983 505 3034 terram
519 2975 576 3032 ibis
589 2977 672 3048 (Gen.
684 2991 724 3044 ιιι,
741 2975 794 3048 19).
813 2997 827 3028 ι»
843 2975 876 3030 Ιιι
897 2989 945 3032 ex·
964 2989 1036 3072 ccr,
1050 2973 1109 3046 27.)
1123 2976 1295 3032 Donamus.
1309 2978 1421 3034 Lutum
1434 2995 1569 3052 namque
1592 2985 1730 3039 nostrum
1754 2983 1830 3041 siout

111 3070 211 3124 bema
225 3066 419 3140 utiquevitae,
435 3065 580 3122 Dominus
594 3080 673 3138 saepe
694 3067 868 3138 peccatores
891 3065 947 3122 ter·
1000 3063 1206 3120 uestimentum
1234 3067 1312 3120 stare
1336 3071 1380 3122 est
1405 3082 1502 3141 usqne
1528 3068 1568 3124 ad
1605 3071 1829 3128 resurrectionis

110 3155 211 3213 rendo
223 3157 364 3228 concutit,
380 3154 580 3212 concutiendo
593 3153 747 3225 convertit,
772 3157 946 3210 converten-
1000 3154 1119 3224 ternpus
1134 3151 1224 3210 inane
1237 3157 1420 3228 erutumque
1434 3155 1608 3229 perdurare.
1626 3158 1764 3232 Sequitur
1779 3175 1786 3215 ι

110 3247 152 3306 do
171 3250 259 3316 tenet,
275 3251 365 3320 atque
380 3247 419 3304 ab
433 3261 539 3302 eorum
552 3243 694 3302 cordibus
712 3243 821 3318 impios
831 3233 944 3315 cogita·
1036 3243 1122 3298 Vsus.
1140 3242 1181 3298 15.
1196 3243 1363 3313 Auferetur
1377 3246 1414 3301 ab
1428 3246 1526 3317 impiis
1549 3249 1604 3305 lua
1624 3263 1690 3306 sua.
1705 3250 1831 3318 -Quia

110 3336 232 3392 tionum
246 3339 347 3392 motus
362 3334 468 3391 evellit.
480 3333 638 3408 Sequitur:
746 3403 752 3414 ι
999 3329 1074 3388 dum
1087 3331 1208 3390 credere
1222 3334 1377 3392 vamtatem
1400 3335 1493 3394 ludaei
1514 3343 1654 3404 renuunt,
1682 3340 1829 3412 cognitio-

145 3427 236 3481 Veas.
254 3424 295 3482 14.
311 3425 495 3482 Restituetur
516 3429 547 3478 ut
570 3423 667 3479 lutum
693 3421 893 3494 signaculum.
908 3452 944 3462 -
998 3437 1069 3478 nem
1080 3421 1155 3494 legis
1168 3423 1200 3480 ιιι
1214 3427 1394 3498 perpetuum
1409 3427 1560 3497 amittunt,
1574 3431 1603 3486 et
1616 3429 1691 3486 dnm
1713 3429 1751 3488 da
1778 3447 1828 3488 ac-

111 3512 193 3580 Quid
202 3511 285 3570 aliud
296 3511 440 3570 Dominus
450 3509 571 3586 plebem
581 3510 772 3568 lsraelilicam
781 3508 943 3566 uisilutum
999 3515 1085 3584 cepta
1099 3511 1364 3586 icgssuperbiunt,
1377 3515 1521 3574 nimirum
1544 3517 1582 3576 de
1606 3519 1737 3578 scientia
1766 3537 1829 3579 sure

108 3602 232 3678 reperit,
259 3619 354 3678 quam
379 3601 531 3674 obsequiis
561 3599 718 3672 gentilium
754 3598 889 3656 deditam
911 3598 944 3656 in
999 3599 1426 3678 gloriaoarcantur.Scriptum
1449 3607 1563 3682 quippe
1586 3613 1631 3668 est
1646 3627 1653 3666 :
1669 3631 1684 3662 u
1714 3609 1828 3669 Obscu-

108 3695 241 3766 AEgypto
256 3692 433 3750 servientem
452 3687 594 3746 lateribus
621 3687 734 3746 invenit
747 3687 762 3746 l
789 3685 847 3744 Sed
868 3685 944 3744 dnm
997 3693 1100 3746 rentur
1113 3689 1193 3747 oculi
1207 3707 1313 3750 corum
1325 3695 1496 3754 assideant
1507 3699 1602 3767 (Psal.
1618 3701 1717 3771 uxvrri,
1742 3704 1799 3772 24).
1812 3724 1827 3753 r,

108 3784 418 3838 arcanasecretorum
432 3783 461 3834 et
471 3778 634 3852 prophetas
647 3774 780 3848 contulit,
792 3773 943 3849 quideam
999 3780 1032 3834 Et
1048 3795 1055 3834 :
1072 3801 1086 3830 s
1100 3781 1223 3838 Dxcaeoa
1236 3797 1289 3837 cor
1299 3782 1405 3856 populi
1418 3785 1520 3859 buius,
1536 3791 1565 3844 et
1578 3787 1666 3845 aures
1682 3790 1748 3862 ejus
1777 3807 1828 3862 ag-

109 3868 301 3940 aliudquam
317 3866 609 3939 servandimysterii
635 3866 826 3938 signaculum
852 3863 943 3922 iecit?
998 3881 1090 3938 grava
1118 3867 1189 3940 (isa.
1218 3885 1258 3941 vr,
1290 3871 1376 3944 10).»
1401 3873 1513 3930 Aliter:
1541 3878 1642 3949 Neque
1668 3879 1749 3936 enim
1775 3897 1827 3938 eos

108 3962 184 4024 Dnae
195 3955 269 4012 dum
282 3955 313 4012 in
328 3955 557 4028 Redemptorem
573 3953 867 4028 suumpostmodum
882 3969 944 4010 cre·
997 3971 1080 4012 nunc
1094 3956 1146 4014 Dei
1159 3955 1263 4014 lumen
1275 3959 1414 4032 illustrat,
1427 3963 1480 4034 qui
1490 3963 1653 4036 iniquitatis
1664 3983 1726 4024 snae
1740 3969 1826 4025 mall-

107 4045 185 4102 derc
200 4041 305 4106 nolmt,
321 4047 431 4100 terram
450 4047 549 4114 potrus
574 4057 668 4116 quam
699 4041 854 4098 veritatem
876 4041 942 4098 dili-
998 4045 1072 4104 dam
1084 4045 1155 4104 fidoi
1167 4047 1289 4104 nomine
1304 4048 1440 4121 palliant.
1457 4054 1531 4108 Sunt
1539 4067 1611 4109 vero
1625 4055 1762 4112 nonnulli
1774 4058 1827 4130 qui

106 4147 199 4206 gens,
215 4131 290 4188 dixit
297 4147 351 4206 per
366 4131 535 4188 sacerdotes
550 4145 621 4188 suos
644 4149 682 4187 :r
709 4129 739 4188 Si
763 4129 941 4188 dimittimus
998 4135 1485 4208 reumaqueaudiuntverseiter
1507 4141 1642 4210 eredunt,
1671 4145 1700 4200 et
1722 4145 1826 4202 lamen

107 4221 248 4290 eumsio,
265 4219 638 4286 omnescredcntincum,
656 4241 670 4270 s
697 4223 743 4276 etc
769 4219 869 4292 (ioan.
897 4235 938 4289 ιι,
998 4223 1096 4284 eidem
1111 4240 1205 4298 quam
1216 4227 1400 4284 tenenrfldei
1418 4228 1497 4287 malo
1522 4230 1650 4289 vivendo
1678 4233 1827 4291 contradi.

106 4311 168 4386 48.)
182 4311 301 4386 Accepti
311 4311 395 4368 verbi
405 4309 546 4384 mysterio
558 4308 697 4384 perdidit,
710 4311 739 4364 et
765 4307 830 4366 sola
851 4313 940 4366 terre·
999 4317 1079 4372 cunt.
1095 4313 1160 4382 Oui,
1176 4314 1250 4372 dum
1261 4331 1403 4390 perversa
1417 4321 1512 4390 agunt
1524 4323 1554 4376 et
1571 4323 1674 4378 tamen
1700 4321 1739 4380 de
1764 4325 1824 4381 Deo

107 4419 150 4460 na
165 4417 280 4477 sapere,
296 4417 365 4476 quse
378 4399 549 4474 inquinant,
563 4398 658 4470 elegit.
688 4398 801 4456 Aliter:
832 4398 866 4456 ili
889 4399 942 4474 qui
996 4407 1077 4460 recta
1091 4403 1231 4472 sentiunt,
1243 4419 1281 4460 ne
1294 4405 1502 4465 tenebrescant
1523 4408 1670 4479 funditus,
1696 4427 1733 4470 ex
1751 4429 1826 4486 qua·

107 4507 194 4548 nunc
206 4491 346 4548 videntur
358 4491 390 4547 in
402 4489 536 4546 Ecclesiae
560 4488 628 4544 sinu
640 4489 843 4562 signaculum,
870 4493 942 4546 tunc
995 4491 1068 4550 dam
1081 4496 1166 4565 parte
1178 4491 1294 4564 fulgore
1303 4494 1427 4552 luminis
1450 4497 1644 4557 iDustrantur.
1675 4501 1730 4568 Qui
1755 4501 1823 4576 plus

109 4587 180 4639 ante
205 4580 308 4638 oculos
332 4579 471 4636 omnium
487 4577 684 4634 restituuntur
698 4582 732 4633 ut
757 4577 866 4634 lutum.
887 4578 940 4636 So·
995 4583 1112 4638 terrena
1126 4597 1220 4654 quam
1235 4581 1367 4640 scelestis
1381 4584 1518 4657 diligunt,
1534 4587 1673 4661 pulsante
1685 4603 1823 4662 persecu-

109 4669 151 4728 let
165 4683 253 4728 sacra
263 4669 413 4745 Scriptura
427 4683 483 4742 pro
496 4666 557 4724 srde
572 4665 724 4740 appellare
738 4664 939 4736 signaculum,
994 4668 1083 4730 tionis
1109 4669 1245 4741 articulo,
1270 4671 1355 4744 quod
1377 4679 1492 4730 rectum
1506 4675 1627 4732 credere
1641 4675 1823 4734 videbantur

110 4775 167 4832 pro
181 4757 453 4832 iniquitatelutum.
471 4754 645 4814 Undectab
668 4769 781 4828 sponso
810 4769 866 4812 suo
888 4757 940 4812 Dc·
995 4757 1144 4816 amittunt.
1160 4758 1248 4825 Quod
1262 4759 1395 4816 maxime
1410 4761 1603 4836 multiplicius
1629 4764 1662 4820 iu
1685 4779 1824 4840 persecu·

111 4847 210 4906 clesire
224 4848 332 4906 dicitur
347 4865 354 4903 r
367 4869 381 4898 u
397 4847 478 4904 Pone
500 4861 549 4904 mc
577 4849 610 4902 ut
633 4843 823 4916 signaculum
850 4860 941 4920 super
995 4846 1075 4902 tione
1085 4845 1257 4904 Antichristi
1271 4851 1386 4916 agetur.
1398 4851 1578 4923 Quanquam
1590 4855 1619 4909 et
1633 4852 1664 4910 in
1678 4853 1740 4912 suis
1751 4871 1822 4932 ope·

111 4953 165 4994 cor
178 4943 263 4995 tuum
275 4938 375 5010 (Cant.
390 4951 450 5007 vru,
466 4937 504 5005 6).
520 4957 535 4984 »
548 4935 601 4990 Per
614 4931 712 4990 lutum
726 4949 798 4992 vero
824 4937 941 4992 terrena
994 4933 1324 5007 ratoribusipseauotor
1337 4935 1510 5010 iniquorruu
1517 4939 1583 5012 ism
1595 4949 1748 5018 appareat,
1757 4947 1821 5022 qut,

112 5027 253 5098 contagia
262 5027 516 5095 demonstrantur,
532 5025 689 5080 attestante
703 5021 867 5094 esaimista,
888 5023 942 5098 qui
996 5023 1071 5080 dum
1095 5023 1186 5095 verrit,
1211 5024 1282 5082 bino
1303 5027 1484 5086 loannesuit
1498 5046 1506 5086 r
1519 5053 1533 5080 «ι
1547 5033 1630 5091 Nunc
1653 5033 1823 5094 Antichristi

112 5117 154 5172 ait
170 5133 177 5172 :
192 5138 206 5167 r<
223 5115 356 5174 Eduxisti
370 5131 419 5172 me
434 5114 472 5172 dc
486 5113 555 5172 lacu
565 5111 691 5168 miserim
702 5115 730 5168 et
741 5111 779 5170 de
792 5111 855 5172 luto
868 5112 941 5170 iecis
995 5113 1082 5172 multi
1093 5112 1163 5172 iacti
1179 5114 1384 5186 anniti-loon.
1397 5133 1427 5188 n,
1445 5119 1528 5194 185.»
1542 5123 1720 5181 Dorsum.
1746 5127 1822 5182 Mors

113 5207 209 5274 (Psoi.
222 5222 324 5274 xxxix,
340 5205 378 5280 3).
396 5227 410 5256 ι
427 5203 505 5262 liulli
520 5202 600 5260 euim
614 5218 632 5258 ο
648 5199 771 5258 terrenis
795 5202 941 5274 contagiis
996 5205 1077 5262 enirn
1091 5203 1201 5274 caruis,
1213 5221 1282 5279 quse
1293 5205 1402 5266 electos
1412 5208 1472 5268 luci
1486 5228 1549 5269 susa
1567 5213 1702 5282 resiluit,
1722 5211 1822 5268 lucem

112 5295 217 5372 erepti,
238 5295 364 5354 coeleslis
384 5293 455 5350 finer
482 5295 670 5350 sacramento
698 5290 865 5362 signantur,
888 5291 941 5350 sed
996 5309 1084 5352 suam
1093 5293 1229 5368 reprobis
1244 5295 1328 5354 tollit.
1340 5299 1401 5354 Lux
1422 5313 1558 5373 namque
1578 5295 1822 5372 superbientibus

112 5389 261 5460 apparent
270 5400 333 5442 non
343 5382 445 5440 tenmti
457 5383 657 5452 signaculum,
673 5381 726 5456 qui
735 5382 823 5438 erunt
835 5383 942 5455 procul
995 5387 1040 5442 est
1053 5383 1149 5456 gloria
1162 5384 1230 5442 rita
1243 5390 1406 5459 praeacutis.
1423 5391 1494 5455 Ques
1503 5387 1592 5444 eilux
1612 5391 1684 5443 tunc
1706 5385 1823 5444 subtra-

112 5473 207 5530 dubio
223 5472 324 5531 tentati
341 5473 447 5528 lutum.
463 5469 516 5526 Ubi
532 5474 560 5525 ct
573 5474 651 5526 recte
674 5469 782 5526 dieitur
804 5472 941 5531 restitue·
994 5473 1084 5546 bitur,
1098 5490 1171 5532 cum
1185 5491 1240 5548 per
1252 5478 1352 5534 carnis
1360 5477 1513 5535 interitum
1523 5475 1562 5532 ad
1579 5475 1731 5532 rationum
1754 5493 1823 5536 sua-

113 5569 175 5620 tur.
190 5565 300 5632 Quales
326 5559 407 5618 enim
422 5557 592 5618 antefidem
603 5575 668 5616 esse
695 5563 843 5634 poterant,
868 5561 941 5620 tales
994 5579 1063 5624 rum
1078 5563 1216 5622 tenebras
1228 5570 1363 5624 vocatur.
1377 5565 1515 5636 Seqrritnr
1528 5579 1537 5620 c
1552 5563 1591 5620 lit
1604 5563 1758 5623 bruelium
1773 5581 1822 5622 ea·-

112 5656 184 5728 post
209 5651 330 5728 reprobi
351 5649 548 5712 invenientur.
577 5651 750 5710 Donamus.
780 5650 940 5714 nemmem
996 5654 1106 5712 celsum
1125 5651 1502 5714 menardum-Examen
1524 5653 1639 5729 quippe
1662 5653 1821 5713 brachium

1000 1283 1109 1340 teriora
1123 1285 1269 1344 mandata
1283 1285 1393 1343 servire
1407 1303 1439 1344 se
1451 1287 1579 1344 Domino
1606 1289 1746 1360 ostendit,
1776 1289 1829 1346 sed
1933 1283 1938 1296 ’
