4106 6148
121 137 173 196 ses
356 91 358 96 ’
681 135 797 195 saeuo
817 137 851 194 ru
870 133 1008 194 vicinus
1029 135 1058 193 s.
1081 133 1273 194 sereniori.
1778 137 1833 196 scs

121 275 225 320 corum
246 261 533 333 insectantesque
554 259 587 316 in
609 259 718 316 Latinis
736 275 799 318 non
822 263 902 331 sunt,
918 261 987 318 tnt
1037 257 1092 316 Sec
1110 263 1139 316 et
1162 259 1227 317 bec
1251 273 1305 333 per
1328 261 1424 318 multa
1443 264 1580 334 tempore
1603 273 1674 318 cum
1694 260 1727 318 in
1741 257 1832 318 corde

121 351 258 408 Latinum
278 352 482 406 converterem
505 347 650 418 linguam.
675 348 733 404 Sed
757 363 814 420 ego
840 347 949 421 sceptus
1003 363 1072 406 meo
1097 363 1257 416 versarem,
1286 351 1315 405 et
1343 350 1488 407 nescirem
1517 353 1618 407 ubum
1645 349 1700 407 tibi
1727 349 1832 408 obedi·

120 437 249 515 opposui
272 439 323 496 tibi
344 437 536 495 rusticitatem
558 436 618 492 mei
637 438 794 505 sermonis,
811 435 949 494 conside·
1002 455 1077 506 rem,
1108 444 1160 496 eut
1186 437 1387 510 ignorantiam
1418 453 1518 496 meam
1547 439 1663 497 silentio
1688 443 1831 512 tegerem,

119 545 191 588 rans
214 533 304 586 tentas
327 527 492 584 latitudinis
517 525 627 599 pelago
645 541 694 582 me
707 526 748 582 ad
760 529 949 584 transmeen-
1004 528 1190 602 quandoque
1203 527 1263 583 tuis
1277 526 1413 583 devictus
1424 526 1757 596 adhortationibus,nec
1769 541 1833 585 non

120 619 194 675 dum
209 633 270 674 non
293 631 383 690 porse
397 613 533 671 sufficere
547 629 618 670 cum
634 618 695 671 tem
710 631 806 689 parva
820 613 949 670 scientie
1003 621 1032 673 et
1054 615 1185 672 confisus
1199 615 1230 672 in
1255 613 1472 672 benevolentia.
1487 617 1609 672 Petrum
1632 613 1830 690 fratrumque,

119 705 269 775 navicula,
285 719 355 761 cum
377 705 437 760 sint
461 701 536 760 tanti
551 717 705 762 sermones
723 704 857 778 manue
871 703 948 771 libri,
1003 703 1034 760 in
1057 719 1189 778 quorum
1212 703 1354 760 menibus
1379 707 1505 760 ventura
1529 706 1600 760 sunt
1621 704 1686 761 hec
1700 705 1832 778 cepibrle

119 801 151 853 ut
174 793 360 851 confidenter
371 793 482 860 dicam,
499 791 526 849 si
550 793 748 850 surrexissent
761 791 948 860 Ambrosius,
1003 807 1057 850 sen
1084 793 1287 861 narrationes,
1313 792 1367 866 qui
1391 791 1522 862 bemgue
1550 805 1601 848 ees
1629 792 1776 864 corrigere
1803 797 1833 850 et

118 884 320 956 Augustinus,
350 883 550 955 Hieronymus
576 887 667 956 etque
694 881 866 954 Gregorius,
896 880 950 955 qui
1003 881 1164 940 emendare
1185 880 1358 950 studebunt,
1374 879 1532 952 aggrediar
1545 879 1603 938 hcc
1628 893 1705 954 opus
1717 880 1833 952 injunc-

119 975 239 1032 fuerunt
253 971 418 1030 doctissimi
438 971 469 1028 in
488 976 616 1044 ubsque
631 971 764 1040 scientie,
781 971 883 1028 divina
895 968 950 1026 sci·-
1004 975 1082 1040 tum,
1107 970 1279 1028 invocando
1307 969 1476 1042 adjutorem
1506 969 1648 1043 Spiritum
1676 973 1831 1042 sanctum,

117 1065 185 1121 licet
208 1067 238 1120 et
261 1063 406 1129 humana,
423 1065 452 1118 ct
475 1061 585 1118 tuerint
605 1061 636 1116 in
664 1060 835 1134 eloquentia
858 1058 949 1116 veluti
1002 1060 1055 1134 qui
1080 1059 1174 1133 aperit
1211 1075 1264 1116 ora
1292 1063 1446 1116 mutorum
1472 1063 1502 1116 et
1524 1058 1644 1130 linguas
1671 1058 1831 1116 infantium

118 1155 249 1229 quatuor
262 1151 393 1226 peradisi
416 1151 553 1217 flumina,
565 1150 624 1223 ipsi
647 1150 771 1224 quidem
785 1165 839 1224 per
854 1149 949 1206 mrdte
1002 1149 1073 1206 iacit
1096 1149 1233 1206 disertas.
1251 1149 1334 1206 Unde
1356 1163 1463 1222 precor
1487 1163 1543 1205 vos
1568 1163 1674 1206 omnes
1701 1148 1753 1220 qui
1771 1148 1831 1205 lec-

117 1249 254 1317 tempora
278 1241 425 1299 haberent
452 1255 521 1314 quae
548 1239 645 1296 lacere
669 1243 803 1312 possent.
828 1241 947 1306 Quanto
1002 1239 1059 1296 turi
1073 1239 1142 1296 estis
1154 1257 1161 1308 ;
1175 1239 1258 1312 quod
1273 1237 1485 1307 corrigendum
1499 1242 1553 1308 est,
1570 1237 1726 1308 corrigite;
1747 1236 1831 1310 quod

117 1333 215 1406 magis
230 1345 297 1403 ego,
313 1345 383 1388 eum
396 1330 452 1386 sim
468 1329 612 1386 minimus
625 1329 772 1398 omnium,
782 1332 811 1386 et
822 1329 853 1385 in
868 1332 947 1385 utra·
1001 1327 1238 1395 emendandum,
1253 1327 1423 1401 emendate,
1437 1331 1466 1385 et
1479 1326 1565 1398 mihi,
1581 1340 1697 1400 quaeso,
1709 1325 1830 1384 veniam

117 1439 177 1499 que
193 1421 317 1480 scientie
338 1421 438 1477 minus
461 1419 604 1487 eruditus,
620 1423 649 1476 et
662 1434 771 1476 sensus
784 1434 847 1492 prm
860 1421 945 1476 etate
1000 1417 1081 1475 date.

115 1515 180 1586 jem
195 1511 233 1568 sit
245 1509 421 1578 diminutus,
434 1513 463 1566 et
475 1507 553 1566 oculi
565 1506 758 1578 caligaverint
770 1506 864 1563 mibi?

126 1689 502 1720 mvl
520 1677 1827 1716 'mm

816 1850 889 1892 ANNO
908 1849 1006 1892 nomm
1026 1847 1137 1890 DCCCCL.

675 2019 1274 2170 inueneritis

346 2263 569 2324 CASSINENSIS
587 2249 720 2322 Paruum
738 2259 940 2330 MONACHUS,
960 2259 1094 2318 Posiae
1112 2259 1270 2318 INCERTAE
1291 2261 1389 2318 subis
1409 2259 1597 2320 EPISCOPUS

746 2495 932 2606 uo'run
954 2533 1196 2606 ursmarus
1258 2639 1267 2662 ι

648 2677 758 2752 (Apud
773 2677 838 2748 liei,
853 2676 1001 2750 spicilegii
1015 2677 1141 2734 Romani
1159 2675 1291 2749 temti.)

154 2944 255 3021 Perus
267 2937 416 2996 ciaconus
430 2936 462 2993 in
473 2935 574 3019 libello
589 2937 629 2992 De
643 2935 717 2991 viris‘
728 2933 892 2991 illustribus
906 2933 1208 3016 casinensibuacap.
1220 2937 1247 3003 t,
1264 2935 1329 2990 haee
1342 2933 1447 3016 habete
1463 2933 1639 3016 Laurentius
1651 2929 1825 3016 casinensis

119 3012 249 3070 coenobir
262 3010 442 3072 monachus,
455 3011 579 3066 scientia
590 3011 821 3088 antecessorum·
830 3020 957 3090 suorum
970 3009 1040 3079 post
1049 3009 1273 3064 sanetrssrmum
1286 3005 1489 3088 benedictum,
1501 3005 1575 3062 nullr
1585 3004 1716 3088 inierim,
1729 3005 1826 3062 iectus

119 3084 288 3164 titii·
303 3085 369 3164 ⁰‘·⁰··
382 3095 554 3139 ΝΟΜ
569 3077 607 3134 ‘¹⁰
621 3077 701 3205 b⁰i¹¹
715 3075 1686 3206 tuititritureturuuttutuittututett
1699 3091 1827 3206 tilii}

119 3155 815 3306 {gaggffirffloffimggttr}goffiiaeozglum·
836 3163 1019 3302 {elucentem
1038 3231 1109 3301 ergo
1133 3231 1304 3275 sermonem
1324 3235 1360 3276 ex
1380 3217 1482 3277 codice
1496 3219 1639 3276 Vaticano
1661 3219 1739 3290 ¹202,
1755 3215 1828 3276 olim

120 3297 284 3364 Casinensr,
299 3293 533 3364 longobardicus
549 3293 652 3350 btterrs
668 3295 778 3366 scripto
793 3293 822 3348 et
834 3306 909 3348 mure
924 3295 1014 3364 preto,
1030 3290 1157 3347 bbentcr
1170 3289 1300 3379 protero.

760 3647 1189 3748 LAUREN'I'II

361 3853 526 3943 saeuo
555 3851 607 3944 IN
637 3851 844 3944 victuris
874 3799 1291 3942 stitueretur
1321 3849 1588 3969 Butuntum

155 4153 284 4214 Almifici
295 4152 389 4212 Patris
404 4150 497 4209 nostri
518 4147 677 4216 Benedicti,
693 4167 711 4208 ο
724 4149 951 4208 venerabillima
965 4154 985 4208 Β
1002 4154 1119 4208 mutum
1131 4151 1249 4213 Patrem
1263 4149 1486 4225 excipiendum.
1503 4149 1657 4224 Siquidem
1670 4149 1749 4208 illius
1760 4165 1831 4210 oum

120 4245 236 4313 concio,
262 4241 437 4302 celebraturi
455 4239 611 4314 solemnia,
637 4239 866 4314 cunctipotentis
888 4241 948 4312 Dei,
1002 4240 1106 4314 cepitis
1130 4244 1247 4298 constet
1273 4255 1338 4298 esse
1362 4239 1555 4313 potissimum
1579 4240 1831 4314 membrumque·

121 4335 173 4410 qui
183 4333 371 4410 perfeetionis
382 4331 501 4392 culmen
512 4329 539 4390 ei
549 4329 692 4387 scandere
707 4329 864 4400 concessit,
877 4347 949 4404 sup·
1002 4329 1174 4402 evangelica
1203 4329 1344 4388 intonans
1375 4343 1450 4388 voce
1475 4328 1574 4388 dicare
1601 4331 1646 4388 eat
1667 4330 1828 4403 dignatus:

120 4426 213 4500 plicas
227 4423 396 4496 flagitemus
412 4419 771 4494 clementiam,quatenus
786 4437 950 4478 mensnos-
1002 4419 1056 4480 Ubi
1084 4419 1146 4477 duo
1170 4419 1215 4478 vel
1236 4424 1295 4477 tres
1313 4419 1488 4492 congregati
1513 4419 1623 4478 tuerint
1646 4421 1679 4478 in
1708 4420 1830 4478 nomine

120 4519 178 4588 tre,
191 4514 331 4572 uberum
353 4510 517 4572 emundata
540 4509 691 4584 rubigine,
706 4509 749 4568 sic
771 4509 819 4568 sui
830 4510 950 4586 patroni
1001 4527 1082 4584 mec,
1091 4510 1150 4568 illio
1164 4515 1194 4568 et
1204 4525 1261 4583 ego
1275 4509 1306 4568 in
1320 4509 1422 4568 medlo
1436 4523 1541 4568 eorum
1552 4525 1603 4568 ero
1613 4509 1733 4583 (Mettis.
1744 4523 1828 4579 mu,

121 4604 229 4664 deuote
255 4601 441 4678 praestoletur
467 4599 640 4670 adventum,
670 4603 702 4656 ut
727 4601 792 4674 eius
820 4615 949 4674 praesen·
1001 4602 1058 4676 20).
1074 4600 1103 4659 Si
1116 4615 1187 4672 ergo
1202 4604 1303 4674 ceput,
1320 4600 1462 4668 cbristus,
1476 4599 1613 4657 uidelicet
1625 4599 1715 4657 nobis
1727 4599 1760 4656 tn
1774 4611 1830 4656 suc

122 4694 196 4754 tiam
209 4690 383 4760 letabunda
395 4694 544 4748 mereatur
558 4687 708 4763 amplecti.
725 4689 898 4748 Nullatenus
913 4688 950 4747 si·
1001 4690 1124 4748 nomine
1157 4689 1347 4762 congregatis
1378 4688 1484 4748 adesse
1510 4687 1663 4759 dignatur,
1689 4689 1756 4761 eJ’us
1776 4688 1832 4746 uti·

121 4782 246 4858 quidem
256 4779 458 4844 dubitandum
480 4781 534 4850 est,
550 4776 631 4835 hunc
646 4777 885 4836 sacratissimum
898 4795 951 4852 pa·
1001 4795 1061 4854 que
1098 4779 1238 4836 membra
1264 4778 1435 4836 nuflatenus
1463 4777 1583 4836 absunt.
1614 4777 1644 4836 Si
1681 4781 1782 4836 autem
1802 4777 1830 4836 ei

123 4876 244 4930 bonum
265 4869 370 4926 adesse
391 4862 479 4924 nobis
504 4871 694 4940 presentem,
710 4883 780 4924 cum
799 4865 865 4940 ejus
888 4865 950 4938 glo·
1002 4868 1151 4936 membra,
1177 4867 1260 4926 electi
1287 4867 1399 4924 scilicet
1426 4881 1549 4937 omnes,
1573 4867 1752 4939 generaliter
1779 4882 1829 4927 es·

121 4962 235 5018 riosam
259 4957 446 5016 testivitatem
472 4955 639 5012 devotionis
670 4956 766 5014 colere
793 4955 950 5015 studemus
1002 4962 1081 5023 sunt,
1097 4963 1211 5032 quanto
1232 4956 1330 5028 magis
1342 4952 1590 5028 gloriossissimus
1607 4960 1754 5030 paeones
1764 4971 1832 5016 nos·

122 5048 241 5106 affectu.
260 5051 292 5104 tlt
319 5045 453 5121 quidem,
480 5059 550 5100 cum
579 5043 662 5100 omui
688 5047 820 5118 tempore
845 5045 949 5102 obser·
1002 5052 1045 5106 ter
1072 5047 1258 5114 Benedictus,
1275 5047 1341 5119 eius
1363 5046 1519 5104 adherens
1545 5062 1616 5104 snos
1641 5047 1721 5106 toret
1742 5045 1830 5103 clien-

120 5141 225 5196 vantes
251 5132 382 5194 almifica
410 5150 464 5190 sua
492 5129 637 5189 mandata
662 5131 770 5206 pietate
794 5131 879 5192 solita
907 5133 950 5192 di·
1002 5143 1055 5208 tes,
1069 5151 1234 5210 eorumque
1248 5135 1422 5210 precamina
1435 5141 1566 5210 votaque
1584 5136 1716 5194 salubris
1730 5133 1830 5190 studet

122 5231 231 5300 gnatur
250 5223 389 5290 invisere,
408 5219 586 5296 munireque
610 5237 672 5278 non
697 5215 825 5292 desinet,
838 5219 870 5278 in
892 5219 950 5280 hac
1002 5225 1087 5302 apud
1101 5224 1243 5283 eumdem
1257 5225 1456 5284 altithronum
1476 5221 1713 5284 commendare?
1734 5221 1829 5287 Quem

122 5321 224 5376 tamen
248 5327 304 5372 sua
327 5308 514 5370 sanctissime
539 5309 726 5368 solemnitate
742 5307 863 5384 speciali
877 5328 950 5386 qua·
1002 5318 1104 5392 utique
1141 5319 1224 5374 tanto
1259 5313 1374 5374 facilius
1398 5319 1534 5374 nostram
1564 5313 1724 5386 impetrare
1746 5309 1829 5368 selu·

121 5407 195 5465 dam
209 5404 395 5464 humanitate
410 5403 471 5460 suis
480 5401 621 5460 interesse
632 5397 806 5472 dignabitur
816 5395 949 5474 famulis,
1003 5412 1063 5466 tem
1087 5405 1126 5464 ab
1150 5404 1257 5463 eodem
1277 5409 1337 5462 lieo
1362 5408 1391 5460 et
1414 5401 1542 5460 Domino
1560 5402 1663 5458 nostm
1676 5399 1761 5458 band
1774 5399 1830 5459 dn·

122 5495 284 5572 quietique
297 5491 455 5568 specialius
470 5491 616 5565 solitoque
627 5505 711 5548 more
722 5489 858 5549 devotius
867 5493 950 5550 omni
1002 5498 1051 5557 bie
1064 5495 1226 5562 credimus,
1237 5498 1350 5569 quanto
1364 5494 1433 5567 poet
1445 5491 1552 5548 bertot
1571 5493 1602 5549 ct
1620 5493 1742 5548 unctos
1756 5502 1829 5566 epo-

122 5583 272 5644 industria
294 5599 350 5642 sua
364 5581 484 5642 student
502 5580 669 5658 precordia
687 5595 806 5641 comere
830 5581 897 5658 [sic]
911 5581 985 5646 adc
1004 5585 1095 5646 stolas
1115 5601 1178 5660 pre
1192 5584 1307 5644 cuneus
1329 5597 1407 5662 pene
1428 5580 1829 5654 remuneratorium
