4104 6162
99 213 144 268 set
608 208 856 266 coemuouuu
886 209 978 264 Lllllll
1005 209 1103 266 TRES.
1121 241 1155 252 -
1171 213 1235 269 ΜΒ.
1256 211 1290 268 ll.
1752 219 1804 274 aaa

93 335 294 406 minantur,et
308 339 406 410 erecto
421 335 497 392 collo
513 333 740 408 compositoque
755 333 852 404 gradu
874 332 954 390 iub
975 331 1023 390 ille
1047 339 1200 392 auctorem
1224 335 1427 410 superbiendo
1451 338 1624 408 contemnit,
1644 340 1711 411 iure
1736 345 1764 399 et
1786 357 1805 399 a

92 515 186 582 betur,
200 513 320 586 fragiles
335 531 450 578 sumus,
467 514 518 587 qui
531 518 561 570 ct
574 529 766 588 paganorum
780 511 919 585 irruptio·
975 511 1137 583 deradice,
1162 519 1189 570 et
1210 514 1248 569 de
1275 514 1381 569 merito
1405 515 1538 570 nascitur
1556 515 1702 573 elationis.
1719 518 1805 583 Quod

91 603 190 674 uibus,
206 607 235 659 et
256 601 357 659 multis
376 601 441 658 aliis
459 601 609 673 augustali
630 601 789 675 pressuris,
803 616 919 673 nequa·
975 616 1045 657 cum
1065 601 1105 658 ita
1118 603 1165 670 sit,
1180 607 1251 659 tuuc
1266 603 1369 659 anima
1382 617 1435 676 per
1446 603 1595 674 originem
1610 605 1705 678 culpae
1720 621 1804 663 more

91 689 330 766 quamvalemus
343 707 461 749 servare
473 691 679 765 propositum:
690 691 742 747 sed
759 689 783 745 si
796 688 919 761 fragiles
971 692 1179 763 jumentorum
1200 693 1231 748 in
1246 692 1395 749 luxuriam
1412 693 1501 764 eadit,
1516 710 1586 750 cum
1601 694 1803 768 superbiendo

91 797 206 850 sumus,
220 779 348 836 humiles
362 795 416 853 per
428 780 486 836 hoc
501 795 565 836 esse
580 779 674 836 decet.
689 775 852 850 Numquid
870 793 919 832 su·
974 795 1058 836 more
1073 780 1228 837 volucrum
1245 781 1323 838 ultra
1334 781 1418 854 quod
1434 781 1538 838 debuit
1552 782 1657 840 elevat.
1674 783 1747 840 Hinc
1760 789 1805 841 est

90 868 186 944 perbit
197 873 275 926 terra
299 872 328 926 et
351 868 449 925 cinisl
465 869 493 926 Si
514 868 660 942 oppressi,
683 865 919 924 comessationes
975 868 1210 942 enimquodvel
1226 871 1317 944 isqui
1340 874 1418 927 stare
1430 870 1590 927 videbatur
1603 871 1692 940 eadit,
1717 873 1764 928 vel
1779 873 1804 930 is

91 963 119 1016 et
130 955 309 1016 indumenta
322 957 453 1030 pretiosa
465 957 536 1014 inde
556 955 742 1030 suppetunt?
755 958 800 1010 An
815 953 918 1020 vestis,
975 958 1027 1031 qui
1041 957 1144 1032 lapsus
1159 963 1212 1030 cst,
1228 975 1383 1030 resurgere
1397 960 1510 1034 nequit,
1539 960 1611 1017 ilinc
1635 965 1680 1017 cst
1702 961 1803 1035 itaque

90 1047 138 1104 cui
150 1049 229 1103 Deus
248 1045 384 1103 nativum
399 1045 482 1102 dedit
496 1047 637 1113 colorem,
653 1059 716 1100 non
734 1042 814 1100 valet
826 1041 920 1114 frigus
974 1048 1058 1122 quod
1084 1047 1176 1119 longa
1191 1049 1374 1106 continentia
1394 1053 1515 1123 repente
1537 1049 1669 1122 solvitur,
1686 1056 1714 1107 et
1739 1050 1803 1124 ple-

89 1151 189 1194 arcere
204 1133 262 1192 nisi
275 1134 429 1206 tingatur?
443 1137 501 1190 Aut
520 1135 583 1190 sine
604 1132 767 1190 concubitu
788 1146 850 1188 uon
867 1145 920 1203 po
975 1152 1104 1210 rumque
1119 1137 1273 1208 virginitas
1286 1137 1317 1194 in
1332 1137 1415 1195 senili
1432 1138 1661 1195 aetateritiatur.
1679 1139 1726 1197 Sic
1742 1139 1803 1196 ela-

87 1229 144 1284 test
157 1224 256 1282 rivere
264 1225 380 1282 homo?
394 1223 448 1281 sed
456 1223 531 1281 forte
545 1222 763 1280 intolerabilem
772 1221 840 1295 quis
852 1236 920 1276 cau·
975 1225 1016 1282 tio
1041 1227 1185 1284 nimirum
1207 1227 1297 1284 debet
1320 1226 1398 1284 fieri:
1420 1232 1452 1284 ut
1473 1227 1525 1301 qui
1546 1243 1577 1284 se
1601 1229 1803 1302 superbiendo

88 1319 171 1372 satur
184 1313 335 1371 ardorem.
350 1315 384 1372 El
398 1312 450 1370 ubi
464 1315 509 1369 est
522 1311 618 1368 illud?
637 1311 705 1368 Non
717 1311 855 1380 patietur
869 1323 920 1365 uos
975 1320 1044 1373 ante
1057 1317 1161 1372 oeulos
1184 1316 1234 1372 Dei
1255 1316 1411 1384 extollunt,
1427 1333 1524 1390 usque
1545 1317 1585 1374 ad
1597 1318 1804 1390 jumentorum

88 1403 344 1473 rentamaperid
359 1401 761 1475 quodpotestis?(100r.x‚
778 1402 833 1466 ¹3).
851 1400 920 1454 Res·
976 1404 1201 1460 similitudinem
1225 1404 1296 1461 loris
1316 1404 1521 1462 devolvantur.
1546 1407 1601 1473 Qui
1627 1421 1698 1478 ergo
1726 1407 1804 1464 vitiis

87 1493 221 1568 pondeat
244 1497 369 1550 sanctus
397 1492 596 1564 Hieronymus
624 1487 869 1546 excusationibus
888 1487 920 1543 iu
975 1493 1111 1550 resistere
1130 1495 1222 1566 cupit,
1239 1493 1297 1549 sub
1310 1495 1423 1567 potenti
1441 1510 1535 1551 manu
1555 1495 1605 1552 Dei
1621 1495 1803 1552 humilietur.

88 1582 230 1658 peccatis.
248 1581 321 1639 Dicit
334 1581 415 1638 enim
437 1581 467 1638 in
484 1579 610 1654 epistola
625 1579 663 1635 ed
680 1576 918 1634 Demetriadem:
1011 1583 1069 1640 XV.
1085 1586 1193 1638 Annon
1203 1583 1235 1638 in
1249 1582 1411 1640 luxuriosis
1419 1584 1626 1655 jumentorum
1642 1585 1805 1642 similitudo

87 1677 189 1746 Neque
204 1672 285 1728 enim
299 1671 358 1728 alia
373 1685 466 1727 causa
478 1669 549 1727 lacit
565 1667 771 1724 difficultatem
784 1665 862 1721 bene
877 1664 956 1740 rip
976 1671 1043 1727 est?
1071 1673 1180 1727 Annon
1206 1671 1248 1726 sic
1272 1687 1369 1744 equus
1393 1676 1423 1728 et
1449 1671 1551 1727 mulus
1578 1672 1727 1729 inthectu
1755 1690 1805 1731 ca-

85 1760 189 1829 dendi,
200 1775 295 1834 quam
309 1759 400 1830 longa
415 1757 602 1816 cousuetudo
621 1754 848 1830 peccandique
863 1769 920 1810 uos
974 1763 1051 1831 rent,
1067 1759 1119 1832 qui
1141 1764 1272 1832 sperant,
1287 1759 1334 1817 vel
1352 1760 1453 1833 potius
1477 1775 1597 1834 sperare
1619 1777 1650 1817 se
1675 1760 1803 1830 fingunt,

85 1852 127 1908 ita
142 1855 221 1908 teum
235 1849 380 1918 addictos,
398 1848 607 1921 utquamdam
622 1846 681 1902 vim
695 1842 920 1902 naturaevidea·
975 1849 1059 1922 quod
1082 1848 1179 1904 earnis
1205 1848 1384 1906 concubitus
1412 1849 1451 1906 ad
1481 1849 1641 1906 sanitatem
1669 1849 1807 1923 proficiat

84 1945 135 1996 tur
157 1939 281 1996 habere.
300 1937 441 1996 Miramur
461 1953 529 1993 cum
549 1951 611 1992 nou
635 1935 723 1991 nobis
748 1931 919 2000 desidiosis,
976 1937 1132 2011 corporis?
1153 1939 1605 2012 cump120phetadioat23sma
1626 1954 1681 2006 me,
1704 1940 1805 1994 Domi.

84 2027 151 2084 Siur
164 2026 280 2094 labore,
291 2025 378 2098 quasi
392 2025 431 2082 ab
444 2024 503 2081 ²¹10
517 2023 659 2080 Sanctitas
676 2019 921 2093 conteratur,qui
975 2043 1023 2090 ne,
1048 2032 1074 2083 ct
1101 2027 1233 2082 sanabor
1257 2029 1329 2095 (Jer.
1353 2043 1422 2098 xvu,
1448 2029 1501 2098 ti).
1527 2029 1653 2084 Domino
1681 2043 1806 2098 sperans

82 2115 204 2172 nullam
212 2114 285 2170 boni
300 2113 550 2170 cousuetudinem
564 2109 824 2180 lecimus,blalum
835 2125 921 2164 nam·
976 2131 1036 2172 non
1052 2115 1229 2184 infirmabor
1246 2117 1341 2184 (Ρεαι,
1358 2132 1425 2186 xxv,
1443 2117 1478 2188 r),
1504 2116 1590 2182 Quod
1614 2117 1656 2173 ita
1677 2117 1808 2173 desani.

82 2220 148 2276 que
162 2207 248 2260 Vetus
263 2202 423 2276 impugnet
436 2201 619 2259 voluntatem
631 2215 743 2256 norem
755 2217 762 2268 ;
772 2197 921 2272 quidquid
977 2208 1036 2261 tate
1048 2204 1156 2260 mentis
1179 2204 1361 2276 intelligitur,
1376 2210 1409 2262 ut
1423 2210 1524 2262 tamen
1539 2205 1577 2262 de
1603 2206 1729 2263 sanitate
1744 2223 1808 2263 car-

82 2293 221 2366 primum
237 2291 268 2347 in
293 2297 321 2348 le
336 2290 507 2360 institueris,
523 2291 581 2346 1¹00
598 2288 744 2345 merebit·
766 2289 921 2360 Oueprup·
976 2293 1023 2350 nis
1044 2309 1106 2351 uon
1130 2299 1264 2366 negetur.
1281 2295 1315 2351 Et
1337 2295 1418 2350 enim
1442 2299 1565 2351 econtm
1587 2294 1661 2350 nibil
1680 2295 1720 2351 ita
1744 2311 1807 2352 car·

84 2385 131 2438 ter
148 2396 221 2436 usus
245 2379 366 2436 inolevit
391 2388 423 2436 ut
435 2379 520 2453 pueri
537 2377 581 2433 vel
603 2376 709 2452 puellm
736 2375 920 2449 spiritalibus
975 2397 1045 2438 uem
1061 2381 1195 2438 debilitat
1215 2386 1248 2440 ut
1270 2382 1399 2448 luxuria,
1417 2383 1497 2438 unde
1520 2383 1720 2455 Hieronymus
1742 2383 1803 2440 ait:
1885 2437 1889 2443 .

84 2468 195 2526 studiis
225 2467 479 2540 manciparentur,
512 2467 691 2538 priusquam
724 2463 920 2522 saecularibus
976 2471 1038 2528 Cito
1054 2476 1213 2528 senescunt
1231 2487 1299 2544 quae
1323 2472 1404 2544 justa
1428 2471 1509 2527 viros
1533 2475 1612 2528 sunt,
1636 2471 1691 2538 Qui
1715 2471 1805 2529 desti.

82 2557 239 2616 hlanditiis
263 2557 453 2614 illicerentur.
471 2557 528 2614 Sed
552 2553 746 2628 prohdolor!
763 2553 920 2628 iniquitate
974 2559 1037 2616 nati
1051 2559 1134 2631 apud
1148 2559 1272 2630 gentiles
1296 2564 1381 2617 erant
1397 2559 1444 2617 vel
1459 2559 1499 2616 ad
1524 2559 1664 2618 brasium
1688 2575 1805 2616 camere

80 2649 150 2720 jam
160 2645 437 2720 superabundante»
452 2661 499 2702 ¹⁸³8
513 2645 544 2701 iu
563 2644 746 2701 musterium
762 2645 917 2699 verreret:
974 2650 1022 2705 vel
1037 2649 1068 2705 in
1080 2650 1196 2706 theatro
1209 2649 1335 2707 luctari:
1351 2667 1388 2707 ne
1400 2651 1505 2724 polluti
1521 2665 1574 2724 per
1593 2651 1746 2707 somnium
1761 2651 1803 2706 vi·

83 2736 191 2794 schola
210 2737 353 2792 virtutum
379 2735 459 2792 facta
485 2739 531 2791 est
556 2733 812 2806 amphitheatrum
836 2731 921 2788 vitio·
974 2739 1058 2795 ribus
1079 2743 1303 2807 enervarentur,
1327 2738 1488 2812 plumbeas
1510 2739 1640 2796 laminas
1665 2739 1743 2796 eirca
1757 2739 1803 2796 in-

81 2842 165 2882 rum.
181 2824 309 2882 ibivitie
327 2823 484 2880 discuntur
503 2822 612 2892 magis,
628 2821 681 2878 ubi
704 2820 848 2876 dissuesci
869 2821 920 2876 de·
975 2828 1081 2898 guines
1104 2827 1299 2884 adhibebant.
1330 2829 1386 2884 Sed
1410 2828 1485 2898 istis,
1512 2833 1544 2884 ut
1575 2829 1723 2901 propheta
1751 2829 1801 2896 ait,

80 2916 222 2972 buerrnl·
240 2913 426 2986 Quid‚qt1⁰<l
443 2912 685 2982 tergiversamur,
698 2913 726 2966 el
737 2913 852 2964 naturae
864 2907 920 2964 fre·
974 2915 1178 2972 fornicationis
1203 2931 1290 2974 amor
1305 2915 1427 2972 abstulit
1449 2931 1519 2984 cor;
1543 2917 1656 2989 quippe
1680 2917 1732 2989 qui
1746 2931 1801 2973 nec

81 3004 230 3076 gilitatem
243 3001 427 3076 opponimus
453 3003 522 3068 ⁰202
539 2997 629 3072 quasi
648 2997 761 3054 neseiat
778 2996 827 3052 ille
842 3012 918 3070 que·
934 3035 955 3091 C
974 3006 1031 3061 boc
1060 3004 1160 3078 ipsum
1193 3003 1361 3073 intelligunt
1387 3019 1440 3076 per
1468 3020 1586 3060 sueram
1618 3004 1801 3078 scripturam

80 3095 123 3150 les
155 3107 218 3148 non
241 3091 319 3160 lecit,
342 3095 370 3147 el
394 3089 504 3148 oblitus
529 3093 639 3144 noslroe
664 3089 807 3144 humanu}
827 3085 918 3158 fragi-
973 3095 1057 3168 quod
1071 3093 1183 3166 pagani
1198 3097 1343 3149 noverant
1358 3109 1412 3166 per
1438 3092 1685 3165 experimentum,
1704 3093 1801 3149 Chris..

80 3182 174 3240 litatis
187 3180 365 3255 imposuerit
385 3178 501 3236 homini
516 3175 660 3234 mandata
673 3191 741 3250 quar
757 3176 832 3232 ferre
855 3190 918 3232 non
973 3187 1020 3239 tus
1035 3197 1168 3253 namque
1180 3180 1267 3252 jubet
1289 3184 1322 3236 ut
1335 3195 1392 3253 pro
1415 3179 1510 3236 saluta
1532 3180 1642 3236 animae
1665 3179 1801 3236 tradatur

80 3269 199 3346 possiti
213 3271 234 3327 0
250 3284 362 3325 eaeeam
376 3266 527 3324 insaniem
542 3270 570 3323 el
593 3264 752 3338 proferrem
773 3263 919 3321 temerite·
973 3287 1093 3344 corpus,
1114 3274 1236 3327 econtra
1250 3285 1305 3344 pro
1332 3269 1426 3326 salute
1441 3269 1574 3344 corporis
1593 3268 1714 3326 tradunt
1734 3269 1799 3326 ani-

81 3361 166 3418 teml
186 3357 345 3432 Dupliciter
358 3356 471 3430 quippe
492 3357 587 3412 Deum
609 3354 746 3412 videmur
768 3355 916 3410 ineusere-
973 3378 1066 3418 mam.
1090 3363 1164 3418 Cum
1185 3360 1308 3434 quidem
1334 3361 1392 3416 hoc
1419 3361 1517 3431 inagis
1533 3360 1743 3417 detrimentum
1763 3361 1800 3418 sit

81 3455 190 3523 Neque
211 3448 291 3505 enim
312 3448 413 3520 justus
434 3446 487 3519 qui
508 3461 599 3520 posse
614 3445 706 3513 dedit,
732 3439 918 3518 impossibile
972 3450 1067 3524 ipsius
1081 3448 1227 3523 corporis.
1250 3452 1307 3506 Nec
1329 3449 1440 3505 mirum
1460 3449 1484 3505 si
1505 3449 1540 3520 is,
1562 3449 1614 3523 qui
1631 3448 1725 3521 diligit
1747 3450 1799 3505 ini-

81 3538 201 3614 aliquid
227 3538 376 3611 imperare
401 3541 521 3610 potest,
550 3551 649 3609 neque
675 3536 728 3609 qui
760 3533 830 3608 pius
863 3538 917 3606 est,
972 3539 1128 3613 quitatem,
1155 3537 1217 3594 odit
1241 3538 1376 3594 animam
1397 3554 1504 3608 suam3
1530 3543 1582 3596 aut
1603 3538 1628 3594 si
1651 3538 1686 3609 is,
1712 3539 1798 3610 cujus

81 3627 241 3686 hominem
264 3625 480 3683 condemnaret
506 3640 560 3697 pro
582 3625 629 3680 his
654 3624 833 3698 quaeritare
855 3638 918 3680 non
972 3628 1047 3685 deus
1067 3633 1171 3684 venter
1189 3631 1243 3698 est,
1265 3631 1294 3684 et
1316 3627 1369 3701 qui
1390 3629 1525 3701 sequitur
1542 3627 1709 3696 avaritiam,
1729 3644 1798 3700 quar

81 3719 193 3790 potest.
216 3717 250 3771 Et
271 3713 427 3788 quomodo
449 3716 540 3769 staret
561 3711 645 3785 quod
668 3712 731 3786 ipse
755 3711 916 3786 perhibet:
972 3717 1179 3774 estidolorum
1195 3717 1655 3788 servitus,satutemcarniscum
1668 3718 1717 3774 Dei
1730 3733 1799 3774 con·

81 3809 197 3878 Juqum
225 3818 322 3860 mcum
347 3817 437 3859 succe
455 3805 522 3858 est?
551 3801 672 3868 (Malta.
688 3817 729 3872 xr,
752 3801 807 3870 ³0).
836 3803 918 3857 Hanc
972 3811 1087 3880 templu
1100 3811 1246 3879 tanquam
1260 3805 1418 3862 idololatra
1430 3807 1563 3878 requirit.
1586 3807 1642 3872 Qui
1656 3821 1798 3880 perverso

83 3895 190 3968 itaque
200 3893 284 3964 l¹¹⁵20
304 3889 504 3963 iniquitatem,
518 3905 573 3946 1¹²0
585 3889 636 3964 Pio
649 3888 855 3946 erudelitatem
868 3905 918 3944 as·
972 3895 1076 3952 ordine
1089 3894 1191 3950 colunt
1205 3909 1337 3961 carnem,
1352 3908 1420 3966 quoe
1439 3910 1501 3950 non
1517 3894 1647 3966 prodest,
1671 3895 1798 3966 quicun-

82 3981 253 4038 cribamus.
972 3999 1031 4058 que
1047 3987 1076 4040 et
1088 3981 1244 4052 negligunt
1258 3983 1406 4055 spiritum,
1422 3984 1475 4055 qui
1499 3981 1673 4048 vivificatur,
1695 3998 1799 4039 revera

116 4072 191 4129 XIV·
219 4067 297 4137 Quid
321 4073 422 4126 eutem
447 4067 494 4138 Sil,
509 4067 592 4140 quud
608 4065 742 4139 Plerique
764 4081 820 4123 nee
834 4063 920 4121 resir-
972 4071 1043 4128 vani
1053 4075 1081 4127 et
1095 4069 1258 4126 mendaces
1281 4069 1333 4126 iiiii
1348 4070 1517 4140 hominum,
1533 4069 1663 4143 populus
1679 4073 1800 4127 Gomor-

83 4159 177 4218 teudo
192 4159 270 4216 vitiis
287 4157 434 4214 contraire
456 4161 596 4230 possunt.
617 4154 775 4211 Psalmista
795 4153 919 4228 requisi·
972 4161 1045 4228 rhea,
1061 4163 1094 4214 ut
1117 4159 1158 4215 ait
1175 4157 1277 4225 lsaias,
1303 4157 1431 4214 cultores
1456 4159 1603 4226 vestium,
1627 4173 1697 4214 cum
1722 4161 1799 4214 Deus

84 4257 130 4306 tus
149 4249 291 4318 insinuat,
307 4264 378 4304 uam
403 4245 491 4320 quasi
506 4243 544 4300 de
568 4243 634 4301 sole
659 4249 753 4300 melre
777 4243 918 4300 vitiorum
972 4265 1027 4324 per
1041 4246 1220 4304 Ezechielem
1235 4250 1388 4320 queratur,
1404 4247 1488 4321 quod
1510 4247 1540 4304 in
1554 4233 1697 4320 superbia
1711 4261 1800 4304 orna-

84 4339 232 4396 sollicitus
258 4337 320 4394 ait:
345 4337 448 4392 Veniat
473 4335 549 4392 initi
573 4349 626 4404 pes
650 4333 796 4404 superbia
820 4333 916 4402 (Paul.
973 4336 1082 4394 mentis
1101 4335 1194 4409 ipsius
1208 4339 1340 4392 utantur.
1362 4336 1417 4403 Qui
1432 4335 1532 4404 etiam,
1549 4336 1625 4393 siout
1648 4337 1799 4409 losephus

84 4445 173 4498 xxxv,
192 4429 244 4498 ¹2).
263 4429 295 4482 Et
309 4425 393 4498 quod
416 4425 483 4497 ipsa
496 4424 586 4480 totius
608 4422 702 4478 ruinae
714 4437 806 4479 causa
825 4427 855 4479 et
867 4437 918 4480 oo·
973 4425 1095 4500 ludaeos
1109 4428 1178 4482 ante
1197 4423 1347 4482 excidium
1367 4426 1472 4482 iecisse
1488 4429 1717 4493 commemorat,
1738 4441 1801 4481 ves·

85 4517 170 4575 casio
190 4517 227 4572 sit
251 4513 411 4570 subdendo
435 4513 617 4578 manifestat,
632 4511 736 4568 diceus
757 4510 799 4567 ibi
816 4511 917 4569 idem:
974 4515 1103 4573 timentis
1117 4513 1240 4572 exoticis
1262 4514 1437 4572 induuntur.
1460 4519 1536 4572 Nam
1550 4515 1587 4572 de
1602 4515 1648 4572 his
1663 4515 1802 4588 Hegesip

86 4609 122 4664 la
146 4604 490 4676 superaccesserat,
514 4603 567 4674 qui
590 4596 755 4672 abactor
776 4602 919 4672 iniquita-
974 4621 1032 4680 pus
1044 4605 1141 4674 refert,
1155 4603 1207 4678 qui
1221 4609 1293 4661 tunc
1307 4603 1444 4661 femineis
1468 4605 1639 4673 utebantur,
1665 4607 1695 4660 et
1716 4603 1803 4659 muti-

88 4702 144 4752 lem
159 4693 254 4766 (Psal.
271 4695 429 4759 xrrr,¹t3).
442 4690 497 4756 Oui
515 4689 605 4760 igitur
622 4692 763 4762 operatur
779 4688 920 4762 iniquita·
974 4693 1079 4752 labant
1093 4693 1147 4750 sibl
1162 4693 1285 4763 barbas,
1299 4699 1389 4766 atque
1403 4709 1475 4750 suas
1497 4693 1587 4750 iacies
1602 4708 1686 4749 more
1709 4707 1803 4749 mere-

87 4791 148 4841 iem
180 4781 263 4852 ioris,
287 4781 373 4855 prius
397 4795 451 4852 per
483 4778 656 4852 superbiam
689 4778 801 4835 comuit
827 4779 919 4835 iulus·
974 4785 1082 4842 trieum
1096 4783 1289 4840 dealbabant.
1302 4783 1336 4837 ili
1346 4797 1417 4838 vero
1430 4783 1565 4855 priscum
1575 4783 1724 4840 imitantes
1738 4797 1803 4838 mo-

88 4871 154 4936 Duo
174 4874 280 4927 contra
294 4868 379 4926 electi
400 4868 438 4924 de
463 4871 521 4925 Deo
546 4869 671 4925 dicunt:
690 4869 748 4938 Qui
760 4869 845 4926 docet
868 4885 921 4926 nos
975 4887 1050 4941 rem,
1065 4875 1093 4928 et
1104 4871 1239 4927 novellas
1256 4869 1407 4942 quasdam
1420 4870 1535 4943 species
1552 4871 1583 4928 in
1603 4871 1710 4928 habitu
1722 4887 1805 4928 assu·

87 4962 337 5030 saperjamenta
352 4963 380 5015 et
399 4973 490 5028 saper
507 4959 641 5016 volucres
668 4959 736 5015 coeli
749 4959 849 5015 erudit
869 4975 922 5016 nos
976 4965 1103 5030 mentes,
1122 4960 1229 5016 eodem
1257 4975 1288 5014 se
1311 4959 1417 5032 spiritu
1439 4960 1572 5017 libidinis
1598 4960 1716 5019 afflatos
1738 4976 1803 5018 csse

88 5049 156 5118 [lob
175 5065 259 5116 xxxv,
285 5049 340 5119 Η),
362 5045 435 5120 quia
458 5045 595 5102 videlicet
610 5045 734 5102 dumea
758 5044 923 5118 inspirante
976 5049 1102 5113 docent;
1120 5063 1190 5104 cum
1207 5050 1283 5104 Deus
1299 5048 1499 5106 comminetur
1519 5050 1592 5123 quia
1606 5050 1737 5108 visitabit
1752 5065 1802 5105 su-

87 5137 222 5208 cogitaut
245 5136 320 5211 quid
342 5141 422 5206 suut,
447 5151 502 5192 nec
517 5150 569 5190 eos
591 5133 733 5204 fragilitas
751 5134 850 5192 carnis
875 5149 924 5190 va-
976 5151 1167 5210 peromnem
1182 5135 1367 5210 quiindutus
1382 5140 1523 5194 estveste
1538 5139 1704 5212 peregrina.

88 5224 134 5282 lut
144 5225 283 5297 jumenta
301 5223 413 5297 dejicit,
429 5239 483 5280 nec
497 5222 528 5279 in
543 5222 686 5296 superbia
699 5222 821 5296 spiritus
836 5222 923 5296 quasi
1013 5223 1144 5281 ivisse
1157 5223 1372 5281 erubescamus
1382 5224 1547 5299 aliquando
1558 5225 1614 5281 vile
1626 5222 1805 5279 subsellium

87 5313 227 5371 volucres
242 5313 347 5370 elevat.
363 5313 420 5379 Qui
440 5312 521 5368 enim
544 5327 634 5368 carne
653 5311 765 5368 labitur
786 5311 819 5367 in
834 5310 923 5366 luxu·
977 5312 1110 5370 libidinis
1125 5328 1206 5369 esse:
1223 5327 1371 5369 novemus
1396 5314 1483 5370 nobis
1505 5312 1622 5380 novale,
1638 5315 1671 5365 ut
1685 5310 1725 5365 ait
1741 5323 1807 5382 pro·

89 5403 179 5474 nam,
199 5419 281 5459 more
294 5401 422 5474 jumenti
446 5401 657 5475 prosternitur:
681 5400 733 5472 qui
753 5401 852 5455 mente
872 5415 923 5455 ex·
976 5402 1677 5475 pheta,quietempusquaercndiDominumest,
1689 5397 1807 5455 resista-

91 5491 213 5560 tollitur,
229 5489 318 5564 quasi
340 5490 400 5548 alta
421 5491 494 5564 petit
517 5495 550 5546 ut
564 5489 637 5545 avis.
659 5490 688 5546 Si
704 5489 784 5545 enim
799 5487 848 5560 pie
863 5488 924 5561 spi·
977 5491 1188 5561 musdiabolo,
1200 5497 1229 5547 et
1242 5491 1363 5561 lugieta
1391 5490 1489 5545 nobis.
1505 5487 1670 5542 audiamus
1684 5487 1807 5546 beatum

89 5579 167 5636 ritus
181 5579 239 5636 sub
260 5579 388 5638 Domino
411 5579 565 5652 premitur,
583 5583 617 5634 ut
637 5593 731 5652 supra
753 5577 878 5647 dictum,
892 5577 926 5633 il-
974 5579 1269 5652 ·Hieronymum,qui
1289 5579 1464 5634 brevitatem
1478 5573 1567 5644 huius
1588 5575 1656 5631 vitas
1677 5592 1808 5646 arguens

91 5667 170 5726 licite
185 5685 254 5728 care
273 5684 364 5744 super
384 5668 522 5742 spiritum
545 5681 606 5723 uon
628 5665 771 5725 elevatur.
795 5666 926 5734 Quodsi
979 5667 1070 5728 dicit:
1092 5670 1169 5736 Esto,
1195 5667 1256 5724 vita
1277 5667 1378 5722 nostra
1399 5659 1479 5720 mille
1504 5661 1591 5720 annis
1605 5663 1753 5735 tendatur,
1769 5661 1809 5721 ad
