4120 6154
124 133 169 188 42⁵
464 154 466 158 ·
506 128 658 184 Eridane
678 125 860 184 nonenim
881 125 909 181 S.
930 122 1031 178 GREG.
1053 126 1087 180 ΙΝ
1106 128 1177 184 101³.
1190 159 1224 170 --
1244 134 1309 190 Llll.
1332 137 1433 191 llllVll.

1772 147 1824 201 426

122 250 265 326 quosdam
289 267 423 308 resecare
446 267 550 326 aspere
575 255 730 325 appetunt,
760 249 813 307 sed
841 231 942 306 tamen
959 248 982 302 Α
999 248 1165 310 mittuntur.
1180 256 1272 312 Nemo
1287 257 1377 328 igitur
1391 257 1444 314 scit
1458 259 1582 332 quando
1601 260 1700 320 lucem
1719 265 1825 339 pluviae

121 355 221 397 eorum
236 340 324 410 vigor
337 357 390 414 per
404 339 643 398 mansuetudinis
661 339 798 413 spiritum
813 337 944 395 refrena-

121 433 174 486 tur.
195 429 275 486 Siout
288 445 359 500 ergo
379 446 441 486 non
466 435 594 503 possunt
618 429 660 486 ire
683 445 745 502 quo
767 428 881 495 volunt,
904 425 946 482 ita

121 519 207 576 etiam
222 523 373 592 nequeunt
389 535 476 590 agere
492 519 567 576 sicut
581 519 694 577 volunt.
712 518 850 592 Sequitur
866 534 873 572 :

156 610 237 664 Vens.
257 608 297 664 ta.
313 607 381 665 Sive
394 609 425 663 r'n
441 623 503 665 una
519 609 609 678 trihu,
634 609 696 666 sive
718 608 749 664 in
773 613 856 665 terro
879 621 944 673 suo,

120 713 169 754 seu
181 699 211 754 tn
225 713 400 769 quocunque
415 699 478 754 toro
492 699 703 756 misericordiae
714 712 776 754 suar
791 712 839 754 eos
847 700 945 768 jusse-

121 789 159 844 rtt
172 787 310 843 bruentrr'.
328 787 474 842 -Nubes
491 787 614 860 quidem
630 802 700 843 suas
724 785 869 843 Dominus
892 784 947 840 du-

121 874 278 943 attriverit
290 889 351 930 uno
366 875 457 944 trabae,
472 877 533 932 siue
546 877 669 932 interra
683 891 749 943 sua,
764 891 815 932 seu
831 875 861 930 in
877 889 947 946 quo·

121 977 233 1034 cunque
247 963 310 1019 loco
325 963 536 1020 misericordiae
548 979 609 1020 susc
617 978 666 1020 eos
678 965 795 1020 assa-n
807 962 946 1027 inveniri,

120 1051 187 1126 quia
199 1050 413 1124 praedicatores
424 1052 534 1110 Veteris
549 1052 682 1125 Novique
694 1050 882 1120 Testamenti,
898 1051 948 1108 ali-

119 1141 240 1216 quando
254 1141 309 1198 soli
324 1141 413 1198 tribui
438 1141 524 1198 tudae
546 1141 680 1209 contulit,
706 1146 735 1198 et
756 1141 846 1198 lsrael
872 1155 948 1214 pene

119 1235 211 1288 totum
231 1246 269 1287 ex
283 1245 377 1303 prava
396 1246 503 1301 regum
525 1230 742 1301 gubernatione
767 1228 948 1304 reprobavit.

118 1318 287 1393 Aliquando
298 1323 328 1375 et
339 1320 371 1375 in
387 1324 469 1376 terro
481 1334 536 1376 auo
551 1319 607 1376 has
621 1319 724 1394 pluere
749 1318 847 1375 nubes
868 1317 948 1384 lacit,

118 1409 186 1482 quia
197 1407 342 1466 cumdem
356 1408 446 1464 lsrael
460 1408 587 1466 elecmm
598 1407 638 1465 ad
650 1408 808 1482 antiquam
822 1406 949 1478 gratiam

118 1503 184 1572 post
195 1496 420 1570 corruptionem
436 1497 699 1571 captivitatemque
721 1495 877 1554 revocavit.
892 1494 950 1550 Ali-

118 1587 242 1662 quando
258 1589 321 1644 toro
336 1603 397 1644 suar
410 1587 622 1645 misericordia
637 1603 688 1644 eas
711 1586 872 1644 clarescere
895 1601 949 1642 vo·
964 1597 985 1654 Β

118 1676 179 1745 luit,
194 1676 268 1750 quia
280 1692 334 1750 per
345 1675 556 1750 praedicatores
571 1681 692 1734 sanctos
706 1676 797 1733 etiam
810 1674 950 1748 gentibus
1038 1729 1044 1742 ,

117 1765 258 1823 virtutum
273 1764 419 1823 miracula
434 1765 572 1834 ostendit,
594 1769 626 1823 ut
652 1765 717 1823 sola
743 1763 951 1822 misericordia
1038 1819 1044 1831 ,

117 1855 156 1912 ab
166 1855 241 1928 jugo
253 1854 361 1912 erroris
385 1854 554 1912 absolveret
578 1870 656 1928 quos
679 1854 791 1924 ingenti
816 1852 950 1927 perfidia

118 1943 162 2000 ira
176 1943 377 2018 deprimebat.
394 1945 459 2000 Una
469 1942 582 2017 quippe
596 1942 692 1999 tribus
714 1942 846 2016 prolecto
867 1941 952 1998 tudae

116 2031 300 2103 intelligitur.
323 2035 412 2088 Terra
437 2037 538 2088 autern
554 2031 605 2087 llei
627 2030 716 2086 simul
737 2029 836 2086 omnis
850 2029 953 2086 tudeea

116 2119 305 2188 nominatur,
317 2119 402 2175 locus
415 2135 484 2176 vero
500 2118 711 2176 misericordia
726 2118 776 2174 liei
796 2121 840 2174 est
862 2117 954 2188 genti-

115 2207 195 2277 litas,
213 2207 251 2264 de
265 2223 328 2281 qua
342 2207 414 2264 dicit
427 2206 589 2281 Apostolus
605 2224 612 2262 :
635 2227 649 2261 ι
666 2209 772 2264 Gentes
787 2211 888 2263 autem
904 2223 953 2262 su-

999 338 1171 408 ostendunt,
1187 358 1257 399 cum
1267 360 1358 400 nemo
1373 347 1601 420 comprehendit
1612 353 1737 424 quando
1749 357 1827 413 Deus

999 425 1137 486 virtutem
1152 431 1372 502 praedicationis
1387 434 1527 506 praebeat,
1545 441 1578 494 ut
1600 441 1828 512 predicantium

1000 515 1095 586 gloria
1106 517 1257 578 clarescat.
1265 525 1306 578 hc
1314 521 1338 578 si
1353 537 1424 593 ergo
1437 529 1538 597 aperte
1549 525 1642 584 dieat:
1657 532 1797 605 Nunquid
1805 532 1830 590 si

999 611 1140 664 venturos
1154 609 1185 664 in
1199 611 1348 667 mundum
1361 611 1573 685 praedicatores
1584 615 1649 686 jam
1669 621 1828 695 conspicis,

999 695 1124 768 quando
1138 714 1189 756 eos
1203 699 1243 756 ad
1257 701 1485 774 praedicandum
1507 705 1652 763 Dominus
1666 709 1830 782 repletione

1001 784 1126 857 Spiritus
1133 787 1277 861 impellat,
1294 789 1441 863 quibusve
1455 791 1553 848 modis
1570 808 1674 851 eorum
1694 798 1761 855 vitre
1774 799 1832 858 cla·

1000 874 1119 930 ritatem
1129 876 1428 948 mundoinnotcscat,
1441 880 1664 953 apprehendit?
1676 885 1830 958 Sequitur:

1037 1017 1121 1075 Vens.
1139 1018 1180 1074 ltt.
1191 1020 1336 1092 Nunqnid
1346 1023 1549 1082 nostisemitos
1563 1027 1684 1083 nubtum
1697 1044 1832 1101 muqrros,

1002 1110 1030 1162 et
1040 1109 1190 1178 perfectos
1205 1109 1345 1168 scierrttos
1356 1113 1420 1181 ejus
1433 1115 1447 1167 ?
1461 1143 1496 1153 —
1516 1112 1630 1170 Habent
1647 1115 1712 1172 istae
1736 1119 1834 1177 nubes

1003 1195 1133 1266 semitas,
1146 1197 1367 1270 subtilissimas,
1389 1201 1498 1258 seilicet
1520 1207 1629 1260 sanotae
1651 1205 1835 1278 pradicatio·

1002 1284 1049 1340 nis
1063 1285 1137 1343 vias.
1154 1309 1167 1336 «
1179 1291 1341 1358 Angusta»
1357 1290 1469 1364 quippe
1487 1314 1501 1341 ιι
1513 1297 1600 1364 porta
1614 1297 1668 1362 cst,
1690 1312 1759 1368 quae
1780 1296 1834 1354 du·

1003 1373 1094 1430 cited
1108 1374 1200 1432 vitam
1216 1377 1338 1448 (Matth.
1349 1395 1400 1449 vn,
1412 1381 1465 1452 lt).
1481 1403 1496 1430 n
1508 1381 1578 1447 Quae
1592 1383 1703 1438 semitae
1716 1400 1836 1454 magnae

1003 1468 1083 1536 sunt,
1099 1464 1171 1537 quia
1184 1471 1298 1538 quanto
1313 1467 1495 1541 inpraesenti
1506 1471 1704 1545 vitaproipsa
1716 1472 1837 1531 vivendi

1004 1550 1139 1608 custodia
1148 1558 1284 1623 angusta
1295 1559 1376 1626 sunt,
1388 1559 1471 1614 tanto
1484 1557 1615 1630 amplius
1629 1559 1660 1616 in
1670 1563 1780 1620 aeterna
1790 1577 1836 1618 re-

1003 1641 1162 1699 tributione
1177 1642 1349 1702 dilatantur.
1374 1645 1505 1702 Perfecta
1528 1647 1641 1721 quippe
1655 1649 1779 1707 scicntia
1793 1655 1839 1708 est

1004 1745 1078 1786 serre
1101 1733 1215 1800 omnia,
1240 1735 1269 1789 et
1293 1737 1394 1790 tamen
1414 1734 1501 1806 juxta
1523 1736 1689 1808 quemdam
1709 1739 1837 1796 modum

1004 1823 1147 1876 scientem
1163 1837 1194 1877 se
1205 1837 1269 1878 esse
1289 1823 1414 1894 nescire,
1429 1823 1512 1881 bona
1532 1823 1654 1882 sollicite
1668 1842 1767 1898 agere,
1783 1828 1837 1885 sed

1005 1908 1041 1965 de
1053 1908 1115 1965 suis
1126 1909 1200 1966 scire
1209 1909 1253 1966 nil
1263 1925 1337 1968 csse.
1355 1913 1405 1968 llic
1414 1913 1526 1969 Veritas
1539 1913 1598 1971 ait:
1616 1937 1630 1966 ι
1642 1917 1719 1972 llum
1733 1915 1836 1974 ieceri-

1005 1997 1041 2053 tis
1051 1998 1153 2055 omnia
1167 2013 1236 2070 quae
1254 2005 1404 2074 praecepta
1419 2006 1488 2058 sunt
1499 2001 1597 2071 vobis,
1620 2003 1729 2062 dicite:
1755 2006 1838 2064 Servi

1005 2084 1123 2141 inutiles
1133 2102 1239 2142 sumus
1259 2085 1343 2158 (Luc.
1363 2103 1432 2152 xvn,
1447 2089 1499 2162 10).
1516 2113 1531 2140 »
1546 2094 1579 2148 Et
1594 2093 1702 2150 Pardus
1715 2095 1813 2168 inquit
1828 2114 1835 2152 z

1007 2195 1021 2223 o
1035 2173 1091 2241 Qui
1101 2191 1132 2231 se
1142 2175 1292 2233 existimat
1306 2176 1420 2250 aliquid
1440 2178 1525 2248 seire,
1539 2181 1677 2238 nondum
1699 2184 1838 2255 cognovit

902 2299 921 2370 >¹
937 2317 951 2344 η
1005 2262 1613 2340 quemadmodumoporteateumsciretl
1629 2270 1833 2344 Camenam.»

115 2311 171 2370 per
185 2296 390 2354 misericordia
402 2296 552 2354 honorare
574 2296 670 2353 Derim
696 2297 790 2370 (Rom.
815 2312 862 2364 xv,
883 2300 899 2352 9
1077 2351 1083 2362 ,
1216 2351 1221 2362 ,
1761 2360 1766 2370 Ι

116 2384 274 2458 sequitur:
1004 2355 1046 2408 Ac
1061 2367 1086 2407 ει
1099 2367 1171 2424 ergo
1192 2351 1325 2409 diceret:
1353 2355 1420 2410 lam
1446 2369 1566 2412 summa
1584 2361 1650 2414 acta
1673 2359 1838 2431 predicari.

152 2475 240 2529 vans.
259 2474 303 2528 tt.
326 2472 475 2530 Ausculto
495 2473 569 2541 hae,
590 2473 657 2538 Job,
679 2478 726 2529 sta
749 2477 778 2530 et
796 2471 952 2529 considero
1005 2440 1081 2498 hum
1096 2441 1259 2514 ⁰⁰⁰⁸Pi⁰ist
1283 2441 1335 2516 qui
1358 2447 1521 2518 p⁰stq¹¹³m
1545 2461 1600 2518 per
1619 2445 1774 2506 ⁵⁰i⁰¹¹fi³m
1797 2449 1838 2508 ad

117 2561 269 2618 miracula
284 2561 348 2616 Dei·
372 2591 404 2600 ψ
432 2559 524 2626 Quasi
549 2559 579 2616 in
603 2558 827 2634 comparatione
842 2559 888 2614 sui
908 2559 952 2631 ja,
1005 2528 1065 2586 alta
1079 2545 1110 2586 se
1123 2528 1250 2598 elevant,
1263 2529 1405 2587 deorsum
1418 2547 1449 2588 sc
1463 2531 1615 2590 humiliter
1629 2551 1683 2608 per
1696 2537 1838 2608 cognitio-

117 2653 233 2706 centem
249 2647 333 2719 vidit,
349 2647 493 2722 quemad
514 2647 606 2704 verba
620 2651 709 2704 tante
732 2646 952 2721 praedicationis
1004 2632 1075 2674 Μ
1087 2635 1149 2674 ⁵¹¹ae
1164 2618 1341 2689 issmnfiae
1356 2619 1547 2679 inclinamur·
1566 2624 1705 2697 seqnitur
1721 2643 1728 2682 ²

117 2743 149 2794 nt
163 2741 265 2806 staret,
281 2737 450 2804 admonuit,
465 2737 519 2794 sed
532 2736 600 2794 licet
614 2735 677 2793 Eliu
691 2735 774 2794 bona
787 2752 855 2810 quse
882 2735 953 2794 dicit
1040 2744 1129 2800 Vens.
1154 2748 1196 2801 ll.
1223 2745 1329 2802 Nonne
1354 2748 1528 2806 vestimento
1552 2756 1604 2807 tua
1630 2752 1732 2809 calido
1754 2759 1835 2822 sont,

116 2829 231 2886 nesciat
259 2843 387 2902 pensare
413 2827 461 2883 oui
488 2825 568 2895 dicit,
598 2842 654 2882 nos
681 2829 782 2883 tamen
807 2825 952 2898 indagare
1006 2847 1073 2888 rum
1087 2833 1217 2902 per-stota
1229 2833 1325 2900 suerit
1340 2839 1423 2891 terra
1435 2841 1606 2892 austro?-
1621 2841 1703 2911 Saepe
1713 2838 1844 2898 loentum¹

113 2918 207 2976 verba
240 2915 383 2974 doctrinae
412 2916 478 2988 ejus
509 2915 655 2972 subtiliter
682 2913 838 2972 debemus.
870 2917 952 2972 Stare
970 2919 1203 3003 Globfiguram
1219 2928 1330 2980 sanctae
1346 2924 1483 2980 Ecclesia
1496 2929 1595 2982 tenere
1607 2928 1672 2999 jam
1694 2929 1835 2988 diximus.

111 3009 231 3083 quippe
246 3012 291 3064 cst
305 3009 386 3064 reeta
399 3021 498 3078 agere.
514 3005 600 3063 Unde
615 3021 669 3080 per
680 3004 805 3062 Paulum
820 3004 929 3062 dicitur
944 3022 951 3061 :
1006 3009 1186 3066 Vestimenta
1200 3027 1270 3068 vero
1286 3011 1422 3068 Ecclesiae
1437 3017 1508 3070 sunt
1521 3030 1627 3070 omnes
1646 3017 1698 3090 qui
1719 3017 1746 3073 ei
1766 3019 1838 3076 fidei

114 3097 170 3165 Qui
181 3113 214 3155 se
229 3095 381 3154 existimat
396 3099 473 3152 stare
484 3094 586 3152 videat
606 3109 644 3151 ue
659 3093 747 3152 cadat
774 3095 804 3164 (Ι
828 3097 897 3152 Cor.
921 3111 952 3164 x,
1006 3096 1190 3155 adunatione
1202 3099 1380 3170 junguntur.
1398 3102 1438 3156 lle
1451 3099 1563 3173 quibus
1573 3101 1688 3158 eisdem
1700 3104 1837 3162 Ecclesia

120 3187 170 3260 12),
188 3209 204 3238 »
216 3189 355 3242 tacentes
368 3199 441 3256 ergo
453 3183 504 3240 Dei
513 3181 660 3240 miracula
674 3181 874 3252 considerant,
901 3183 953 3257 qui
1005 3201 1060 3262 per
1071 3186 1250 3260 Prophetam
1259 3187 1404 3244 [lominus
1418 3187 1507 3246 dicit:
1535 3210 1550 3239 ι
1562 3189 1634 3246 Vivo
1653 3206 1720 3262 ego,
1742 3192 1839 3249 omoi-

116 3278 181 3350 eJ'us
196 3276 366 3350 potentiam
382 3273 504 3332 sciendo
519 3277 657 3347 pensant,
679 3273 732 3330 sed
746 3273 876 3330 vivendo
891 3289 952 3332 non
1005 3275 1064 3333 bus
1076 3275 1122 3332 his
1136 3275 1218 3334 velut
1232 3282 1411 3334 ornamento
1425 3277 1560 3334 vestieris
1573 3278 1644 3350 (Iso.
1661 3296 1737 3350 xm,
1757 3281 1809 3355 lS).
1821 3305 1837 3334 n

116 3370 232 3423 amant.
248 3365 305 3420 Per
316 3361 600 3435 contemplationem
613 3361 737 3436 quidem
758 3361 790 3418 in
816 3361 954 3419 conside·
1006 3367 1060 3420 Per
1073 3368 1212 3422 austrum
1222 3380 1304 3438 vero,
1318 3365 1371 3440 qui
1385 3366 1529 3424 nimirum
1540 3367 1655 3424 calidus
1667 3374 1773 3428 ventus
1783 3375 1837 3442 est,

116 3455 235 3512 ratione
250 3451 355 3510 oculos
378 3450 515 3520 tendunt,
539 3449 594 3506 sed
616 3453 718 3506 tamen
744 3464 798 3522 per
818 3447 954 3505 intentio·
1006 3469 1069 3510 nen
1095 3453 1245 3510 immerito
1268 3458 1390 3512 sanetus
1412 3455 1539 3528 Spiritus
1565 3456 1750 3528 designatur,
1775 3475 1838 3532 quo

115 3557 188 3601 nem
205 3557 275 3600 sese
291 3545 399 3599 eterra
411 3555 472 3596 non
485 3539 612 3612 erigtmt.
629 3537 712 3596 Unde
726 3537 804 3596 bene
818 3537 849 3594 in
864 3536 953 3594 Balac
1006 3541 1144 3615 quisque,
1161 3541 1236 3598 dum
1250 3542 1392 3614 tangitur,
1408 3545 1447 3600 ab
1462 3543 1625 3618 iniquitatis
1640 3561 1702 3602 sum
1719 3549 1838 3620 torpore

116 3632 227 3689 dicitur
241 3648 249 3686 ι
266 3650 276 3682 ι
295 3629 350 3698 Qui
364 3627 476 3688 cadens
492 3631 611 3703 apertos
625 3625 731 3684 oculos
744 3626 836 3684 habet
849 3627 952 3696 (Num.
1006 3629 1158 3688 liberatur.
1179 3631 1262 3687 Unde
1276 3631 1355 3689 bene
1368 3631 1398 3688 iu
1412 3632 1535 3690 canticis
1556 3633 1748 3692 canticorum
1771 3635 1839 3693 dici·

114 3737 195 3785 xxiv,
214 3723 271 3788 ld).
302 3717 391 3776 ‹Eliu
416 3719 516 3792 itaque
535 3717 593 3774 ista
615 3715 728 3786 dicens,
758 3729 954 3790 nequaquam
1006 3721 1076 3776 tur:
1094 3719 1225 3789 «Surge,
1242 3717 1355 3792 aquilo,
1372 3720 1501 3789 etvcni;
1528 3725 1637 3790 auster,
1654 3722 1750 3795 perfla
1770 3723 1839 3780 hor-

116 3809 248 3868 oredidit
258 3807 383 3866 beatum
395 3805 453 3865 tob
467 3806 598 3864 vivendo
619 3805 747 3863 tenuisse
762 3803 846 3879 quod
869 3803 951 3860 dixit.
1008 3809 1072 3863 tum
1086 3823 1201 3878 meum,
1216 3811 1245 3862 et
1254 3807 1350 3863 fluant
1360 3813 1497 3864 aromata
1507 3807 1585 3866 illins
1599 3811 1697 3882 (Cant.
1715 3813 1839 3883 rv,16).»

115 3899 262 3974 Sequitur
277 3915 284 3953 ε
1007 3895 1188 3952 Vestimenta
1202 3910 1274 3966 ergo
1289 3899 1400 3952 sanctae
1416 3895 1552 3952 Ecclesioe
1567 3897 1665 3955 calida
1676 3903 1756 3966 sunt,
1765 3900 1840 3956 dum

151 3992 247 4046 Vens.
268 3992 311 4044 15.
325 3986 472 4058 Nunquiu
489 3987 546 4042 sris
566 3985 686 4058 quondo
711 3985 855 4054 pracepit
876 3985 955 4040 Deus
1009 3989 1092 4040 terro
1105 3989 1209 4040 austro
1223 3983 1378 4056 perdatur,
1404 3983 1477 4056 quia
1491 3983 1522 4040 hi
1545 3985 1598 4057 qui
1620 3986 1647 4042 ei
1670 4003 1725 4059 per
1747 3987 1840 4044 fidem

110 4078 247 4152 pluviis,
263 4081 297 4132 ut
311 4075 499 4131 ostenderent
520 4074 613 4130 lucem
629 4073 755 4130 nubtum
769 4075 831 4144 ejus
842 4077 856 4129 t’
869 4103 905 4113 -
927 4071 955 4129 Si
1008 4071 1155 4127 inhaerent
1166 4069 1349 4126 tervenhbus
1359 4070 1511 4127 charitatis
1519 4072 1624 4128 studiis
1636 4073 1839 4143 inardescunt,

113 4167 223 4226 nubes
240 4164 335 4224 sancti
357 4163 568 4238 praedicatores
590 4166 669 4232 sunt,
693 4161 802 4236 pluvia
827 4161 956 4218 nubium
1009 4157 1084 4215 dum
1099 4173 1205 4215 eorum
1219 4173 1307 4214 mens
1323 4157 1418 4214 sancti
1432 4157 1556 4232 Spiritus
1572 4158 1676 4217 afflatu
1688 4160 1842 4233 pertundi·

114 4260 191 4315 sunt
216 4254 312 4312 verba
330 4251 589 4328 praedicationum.
613 4251 671 4310 Scd
689 4267 760 4308 cum
786 4249 883 4307 nubes
901 4265 956 4324 per
1009 4251 1065 4304 tur.
1080 4249 1254 4306 Mensurae.
1269 4247 1481 4320 Unusquisque
1497 4247 1578 4304 enim
1593 4248 1645 4322 qui
1668 4253 1746 4306 reete
1760 4249 1840 4322 vivit,

115 4363 192 4406 aera
205 4342 402 4414 transvolant,
416 4341 588 4418 nisipluvia
606 4340 750 4398 deorsum
769 4339 877 4408 veniat,
902 4354 955 4396 ne·
1009 4341 1099 4411 atque
1122 4337 1179 4393 hoc
1203 4339 1232 4393 et
1257 4334 1331 4393 alios
1354 4336 1462 4393 docere
1496 4337 1664 4412 consuevit,
1689 4339 1777 4412 quasi
1800 4343 1842 4397 tot

115 4439 214 4495 scitur
227 4437 376 4509 quantam
399 4447 548 4506 aquarum
569 4429 802 4488 immensitatem
823 4432 953 4503 portant.
1008 4427 1186 4484 vestimenta
1211 4425 1303 4483 habet
1327 4430 1402 4500 quot
1428 4427 1580 4484 auditores
1608 4428 1634 4484 ei
1655 4429 1842 4486 concorditer

116 4526 178 4584 Nisi
195 4539 342 4582 coruscus
356 4522 432 4580 inter
446 4521 562 4596 pluvias
576 4523 726 4595 erumpat,
749 4518 871 4592 intelligi
893 4534 955 4576 non
1008 4515 1175 4573 inhaerent:
1195 4513 1248 4588 qui
1269 4513 1392 4589 quidem
1418 4531 1501 4572 more
1524 4515 1661 4586 vestium,
1677 4517 1767 4591 quasi
1789 4534 1842 4592 per

115 4617 199 4676 valet
211 4614 297 4690 quod
311 4613 342 4670 in
356 4612 399 4670 eis
413 4612 504 4669 etiam
523 4610 664 4668 claritatis
678 4609 760 4667 latet.
775 4610 849 4676 Quia
869 4609 956 4665 nimi-
1010 4621 1101 4679 poros
1116 4604 1251 4678 corporis
1268 4603 1399 4661 calorem
1419 4604 1536 4678 accipit,
1550 4605 1623 4678 quia
1644 4605 1685 4662 ad
1706 4621 1843 4663 amorem

115 4723 188 4764 rum
213 4703 428 4779 predicatores
462 4699 558 4758 sancti
583 4699 608 4756 si
636 4703 763 4768 taceant,
795 4702 825 4755 et
845 4713 957 4772 nequa·
1010 4695 1061 4752 Dei
1076 4695 1215 4768 exemplo
1235 4693 1361 4751 actionis
1375 4693 1509 4766 impulsu
1530 4694 1744 4751 exhortationis
1759 4694 1844 4766 igno-

117 4813 217 4870 quam
233 4793 391 4868 loquentes
399 4789 570 4860 ostendant,
583 4793 698 4864 quanta
708 4788 745 4845 sit
756 4787 884 4846 coelestis
893 4786 957 4861 spei
1011 4785 1076 4842 scit.
1092 4785 1147 4850 Qui
1159 4784 1241 4841 velut
1255 4783 1349 4854 frigus
1361 4783 1517 4856 proprium
1531 4785 1654 4858 respuit,
1670 4783 1744 4841 dum
1758 4785 1845 4860 apri·

117 4885 243 4943 claritas
257 4898 352 4956 quam
366 4880 397 4937 in
410 4879 551 4937 cordibus
566 4882 693 4950 gestent,
710 4881 762 4936 aut
775 4875 957 4950 reliquisbo·
1011 4874 1091 4930 stina
1104 4871 1258 4946 iniquitate
1272 4870 1398 4928 discedit
1412 4870 1544 4928 calorem
1564 4888 1655 4946 quem
1671 4873 1788 4948 aricipit,
1801 4892 1845 4934 re·

115 4973 258 5031 minibus
273 4968 394 5042 similes,
409 4967 561 5038 antlouge
573 4966 620 5024 his
634 4965 835 5040 despectiores
855 4963 957 5021 viden·
1012 4961 1093 5030 tinet,
1108 4961 1191 5035 quia,
1214 4960 1245 5016 in
1265 4976 1302 5017 eo
1325 4976 1418 5034 quem
1432 4977 1485 5035 per
1509 4961 1743 5036 praedicamenta
1765 4983 1846 5022 snm-

117 5067 177 5120 tur.
206 5063 287 5118 Cum
311 5062 412 5117 autem
427 5057 542 5132 aperire
563 5071 618 5130 per
637 5053 882 5129 praedicationem
897 5069 956 5110 coe·
1011 5053 1115 5126 pscrit,
1130 5049 1245 5108 fervore
1260 5049 1451 5107 convalescit.
1469 5053 1545 5109 llum
1558 5068 1629 5124 ergo
1639 5053 1733 5112 verbo
1745 5054 1845 5111 docto·

117 5151 232 5226 perint,
246 5164 315 5224 qum
330 5147 367 5205 sit
381 5161 519 5222 supernae
532 5143 637 5220 patria
649 5141 853 5201 remuneratio
862 5156 954 5215 quam
1012 5155 1082 5196 rum
1110 5138 1317 5197 accenduntur
1353 5137 1515 5214 auditores,
1541 5143 1629 5215 quasi
1665 5159 1702 5200 ex
1734 5139 1847 5198 viventi

117 5239 306 5298 intrinsecus
332 5239 444 5306 tenent,
468 5251 538 5293 cum
571 5231 778 5308 persecutione
802 5229 900 5304 pressi
927 5229 956 5286 in
1013 5243 1139 5301 corpore
1153 5226 1332 5286 vestimenta
1346 5227 1498 5301 calefiunt,
1514 5229 1647 5286 seddum
1661 5245 1698 5285 ex
1712 5225 1845 5298 proiectu
1915 5245 1918 5252 ·

118 5345 183 5402 qua
197 5326 318 5384 virtutis
334 5341 403 5383 arce
416 5322 597 5398 profecerint
609 5321 811 5379 innotescunt.
827 5317 885 5374 Sed
897 5317 957 5390 ple·
1015 5315 1187 5374 auditorum
1213 5315 1303 5374 etiam
1323 5317 1385 5376 vita
1409 5317 1582 5376 docentium
1607 5313 1734 5388 proficit,
1759 5311 1847 5388 quasi

119 5431 256 5492 rumque
270 5413 481 5490 predicatores
495 5411 589 5468 sancti
603 5409 761 5468 ostendere
782 5405 959 5479 semetipsos
1014 5421 1052 5463 ex
1078 5403 1227 5463 calefactis
1250 5405 1435 5464 vestimentis
1455 5405 1537 5462 calor
1560 5403 1601 5460 ad
1626 5418 1737 5476 corpus
1759 5403 1844 5460 redit.

119 5512 154 5563 ut
165 5505 298 5580 prosint,
313 5501 449 5576 cupiunt,
465 5516 521 5556 neo
536 5503 637 5556 tamen
658 5501 804 5572 possunt;
827 5493 957 5568 plerum·
1017 5493 1075 5552 Sed
1090 5511 1284 5570 nequaquam
1306 5495 1363 5552 sibi
1377 5495 1514 5550 doctores
1531 5491 1671 5562 tribuant,
1687 5493 1771 5566 quod
1793 5509 1847 5566 per

119 5613 183 5672 que
197 5596 293 5654 latere
308 5597 340 5651 ut
352 5587 446 5666 quieti
459 5588 517 5646 sint
529 5591 684 5662 appetunt,
707 5603 762 5644 nec
777 5589 878 5644 tamen
893 5599 958 5657 per·
1017 5586 1255 5644 exhortationem
1265 5601 1353 5642 suam
1364 5583 1534 5640 adsumme
1540 5581 1686 5655 prolicere
1696 5583 1848 5642 auditores

325 5683 446 5738 Parnon.
467 5679 589 5736 cxxxiii
1616 5676 1649 5728 tl
