4160 6162
146 101 195 157 111
434 107 436 112 ·
550 74 705 151 arbona
724 93 907 150 1101111111
926 90 954 147 s.
975 89 1076 146 oasa.
1098 91 1132 146 nt
1150 91 1439 152 sos.-ue.xv1.
1796 99 1851 158 290

180 221 266 277 Vsus.
279 223 306 276 3.
319 219 398 288 Quid
409 219 529 290 prodest
541 219 601 274 Deo
616 219 644 274 si
651 219 754 288 justus
775 218 885 288 fueris,
915 217 1006 272 auth
1022 211 1092 269 inde
1105 211 1219 287 aliquid
1233 231 1272 273 se*
1284 231 1372 288 agera
1388 218 1529 276 vivaciter
1552 223 1660 294 putent
1696 224 1752 279 Eos
1777 237 1849 279 vcro

145 309 216 384 quta
230 310 258 366 ei
270 310 399 380 causas,
412 309 439 364 si
450 308 644 364 immaculata
656 307 751 377 suerit
767 305 968 364 01111101-
1021 301 1117 360 lassos
1131 303 1268 374 dicimus,
1284 307 1337 380 qui
1352 307 1408 364 sub
1423 309 1514 381 hujus
1526 311 1627 368 seculi
1651 327 1740 369 onera
1766 312 1849 370 labo

146 401 176 456 ln
191 397 274 456 omni
283 397 395 472 quippe
409 396 492 470 quod
507 395 585 453 bene
610 395 741 466 agimus,
757 393 966 467 nosmetipsos
1021 390 1102 448 rioso
1115 391 1287 465 fatigantur.
1305 395 1387 452 Unde
1402 397 1507 470 etipsa
1522 399 1637 458 Veritas
1650 400 1722 458 dicit
1737 419 1744 457 :
1764 423 1778 452 «
1794 402 1849 458 Ve-

145 504 205 546 non
217 491 318 544 autem
330 486 490 544 bominum
503 486 657 557 juvamus.
674 483 756 541 Unde
778 500 830 557 per
845 481 968 539 Psalmi·
1023 479 1083 537 nile
1098 482 1208 551 adme,
1224 485 1393 560 omnesqui
1406 485 1560 560 laboratis,
1574 494 1603 546 et
1625 491 1756 548 oneratis
1768 490 1848 561 estis,

147 575 358 634 statndieitur:
375 595 388 624 a
403 573 478 630 Dixit
502 573 628 630 Domino
644 592 650 630 :
678 575 755 628 Deus
770 588 856 629 meus
870 587 901 628 as
926 575 968 640 ta,
1024 573 1053 626 et
1067 587 1122 643 ego
1137 571 1269 630 reficiam
1281 590 1335 632 vos
1348 575 1469 647 (111111.
1485 593 1524 648 ιι,
1547 577 1620 649 itit.»
1643 579 1775 638 heretici
1798 579 1851 652 igi·

145 664 288 738 quoniam
301 663 453 720 bonorum
466 678 604 720 meorum
626 677 688 719 non
716 677 785 734 ages
805 662 901 730 (Psoi.
920 676 968 728 ιιι,
1023 663 1072 718 tur
1086 661 1139 735 qui
1151 679 1207 720 sua
1218 663 1362 734 dogmata
1374 665 1537 738 predicare
1552 683 1614 724 uon
1626 673 1754 740 cassam,
1767 685 1852 728 sano·

144 753 179 824 1.)
193 773 206 801 »
223 751 381 826 Sequitur:
1024 753 1087 807 tam
1109 751 1272 810 Ecclesiam
1299 753 1388 827 quasi
1415 754 1453 811 de
1473 755 1621 830 imperitia
1648 756 1781 829 irrident,
1807 757 1851 816 di·

156 887 160 894 .
178 842 260 896 vms.
276 843 304 909 4,
317 845 343 896 5.
357 839 503 912 Nunquid
518 840 623 896 timeus
643 845 671 896 ta
684 843 791 910 arguet
805 844 842 907 te,
869 841 898 894 et
925 850 970 892 ve·
1025 843 1125 896 centes
1141 859 1147 896 :
1163 841 1281 914 dquam
1297 843 1374 900 tasso
1388 860 1449 900 airu
1461 845 1578 916 dedisti,
1591 847 1770 904 ctesurreuti
1784 848 1852 904 sub·

144 933 201 986 uisi
217 934 314 986 tarum
329 929 530 1000 adjudicium
544 927 684 994 ‘l-Quis
695 928 753 984 hoo
764 926 811 983 vel
821 924 971 1000 desipiens
1026 929 1150 985 traxisti
1159 945 1280 1000 panem.
1294 932 1329 986 Se
1345 931 1425 988 enim
1444 932 1516 989 dare
1527 949 1640 1007 aquam
1652 933 1733 991 lasso
1754 933 1852 991 existi-

143 1017 258 1090 ssntiat,
274 1018 359 1092 quod
379 1017 525 1074 Dominus
548 1034 585 1074 ex
611 1016 716 1074 timore
732 1019 850 1087 arguat,
878 1018 907 1071 et
934 1029 971 1070 cx
1025 1021 1119 1086 mant,
1136 1035 1205 1076 oum
1216 1019 1401 1093 quibusdam
1416 1021 1472 1078 snb
1486 1027 1602 1082 terreno
1616 1023 1698 1081 fasce
1712 1023 1852 1082 laboran-

142 1111 221 1164 metu
235 1106 386 1178 judicium
413 1122 503 1162 suum
519 1108 624 1162 contra
649 1121 706 1161 nos
717 1103 890 1178 proponat?
915 1101 970 1160 Sed
1026 1107 1115 1177 ibus,
1128 1108 1174 1164 sui
1189 1109 1333 1182 poculum
1343 1110 1451 1168 erroris
1463 1111 1613 1185 prebent:
1625 1118 1776 1187 etpanem
1786 1129 1852 1171 ssu-

141 1196 211 1270 quia
226 1195 321 1252 verba
339 1211 395 1252 sua
409 1195 506 1252 metiri
519 1194 668 1264 nesciunt,
685 1192 790 1268 procul
813 1191 906 1248 dublo
931 1189 971 1247 sd
1024 1197 1109 1254 rienti
1127 1214 1159 1254 se
1172 1214 1233 1256 non
1242 1199 1426 1257 subtraxisse
1442 1201 1642 1274 suspicantur,
1664 1203 1737 1275 quia
1760 1202 1852 1260 etiam

141 1283 330 1343 otiosadiota
344 1283 528 1352 dilabuntur,
556 1282 714 1356 inquibus
743 1281 768 1338 si
792 1298 824 1338 se
848 1280 971 1337 minime
1025 1285 1062 1343 ds
1077 1285 1281 1344 invisibilibus
1291 1291 1382 1362 atque
1394 1289 1747 1364 incomprehensibilibus
1757 1292 1853 1365 inqui-

139 1373 374 1449 reprehendunt,
400 1373 499 1431 statim
526 1372 566 1429 ad
593 1372 684 1429 noxia
700 1376 728 1429 et
755 1370 972 1429 contumeliosa
1024 1375 1080 1444 siti,
1096 1392 1166 1433 cum
1182 1377 1313 1449 superba
1338 1377 1467 1435 audacia
1491 1379 1675 1452 respondent
1697 1383 1807 1436 eituno
1821 1394 1853 1436 se

140 1465 311 1540 prosiliunt.
329 1463 412 1520 Unde
440 1463 572 1531 Eliohar,
588 1462 642 1535 qui
667 1461 773 1519 odiosa
797 1460 906 1529 intulit,
931 1459 971 1517 ad
1024 1463 1202 1538 doctospre
1215 1465 1855 1540 omnibuscredunt,eumloquideincogni-

140 1553 358 1613 contumeliosa
372 1553 510 1626 protinus
523 1551 615 1609 verba
629 1552 766 1626 prorupit
780 1551 883 1608 dicens
899 1567 906 1606 :
930 1550 969 1606 Et
988 1566 1008 1620 Β
1024 1553 1061 1610 tis
1072 1553 1218 1610 infelicius
1229 1559 1427 1628 presumunt.
1443 1558 1628 1614 Sanetavero
1641 1556 1770 1614 Ecclesia
1779 1555 1854 1614 dum

140 1661 200 1702 tttm
213 1649 340 1716 propter
351 1643 499 1700 malitiam
511 1647 594 1699 11111111
604 1641 783 1712 plurimam,
796 1645 823 1696 et
837 1639 971 1708 infinitas
1024 1643 1198 1718 quempiam
1213 1644 1293 1701 videt
1305 1645 1416 1704 esurire
1431 1644 1516 1718 quod
1531 1644 1558 1702 gi
1574 1661 1635 1702 non
1662 1646 1758 1719 prosit
1778 1643 1854 1702 acci-

142 1735 314 1806 iniquitates
327 1739 394 1790 tuas
407 1732 421 1788 ‘l
436 1765 471 1773 —
484 1733 643 1808 Sequitur:
1025 1749 1106 1807 pere,
1121 1737 1174 1788 aut
1184 1731 1207 1789 si
1221 1734 1283 1805 iam
1296 1739 1365 1790 sunt
1378 1733 1434 1790 sibi
1448 1733 1568 1805 cognita
1583 1733 1717 1791 modeste
1737 1731 1855 1806 suppri-

177 1827 264 1880 Vans.
286 1827 312 1879 a.
328 1823 488 1880 distulisti
501 1823 579 1879 euim
603 1823 712 1893 0101111
744 1821 880 1891 fratrum
906 1825 972 1874 tuo·
1026 1823 1090 1895 mit,
1106 1826 1167 1890 aut,
1180 1822 1204 1878 si
1215 1823 1315 1880 adbuc
1324 1823 1464 1880 videntur
1474 1823 1636 1896 incognita,
1647 1823 1798 1880 humiliter
1808 1823 1854 1880 fa·

143 1929 212 1969 rum
225 1913 289 1970 sine
302 1927 404 1970 causa.
420 1943 454 1952 -
470 1915 503 1968 ln
519 1910 670 1984 Scriptura
685 1925 771 1965 sacra
800 1906 974 1980 appellatio
1026 1915 1233 1986 tetur,cosque
1244 1911 1283 1968 ad
1294 1911 1439 1968 ordinate
1449 1911 1624 1970 humilitatis
1637 1927 1854 1970 sensumrevo-

143 2018 183 2057 ne
196 1999 331 2072 pignoris
344 1998 507 2072 aliquando
535 1998 652 2056 donum
666 1996 790 2070 Spiritus
815 1995 910 2054 sancti
939 1993 975 2050 si·
1028 2007 1085 2069 cat,
1099 2016 1169 2056 cum
1180 1999 1641 2073 persuumillispredicatorcm
1655 2002 1744 2060 dicit:
1761 2023 1776 2052 a
1790 2005 1856 2060 Non

146 2093 268 2160 gnatur,
285 2086 403 2144 utillud
417 2086 500 2149 Pauli
516 2106 522 2142 :
540 2109 555 2136 s
572 2086 628 2153 Qui
642 2085 725 2143 dedit
750 2083 838 2142 nobis
866 2083 976 2158 pignus
1028 2089 1098 2162 plus
1112 2104 1325 2162 superaquam
1338 2093 1455 2162 oportet
1468 2105 1584 2164 sapere,
1605 2090 1658 2148 sed
1682 2106 1787 2164 sapere
1812 2077 1856 2148 ¹ad

146 2177 275 2250 Spiritus
287 2177 333 2244 (11
348 2177 413 2234 cor.
426 2193 452 2244 v,
469 2176 506 2248 5.)
522 2199 536 2226 »
551 2173 721 2248 Aliquando
737 2173 884 2230 confessio
906 2187 976 2246 pec·
1031 2177 1220 2234 sobrietatem
1235 2179 1330 2245 (Rom.
1344 2194 1380 2247 ιι,
1396 2178 1452 2250 11)),
1471 2201 1484 2228 »
1499 2181 1533 2235 Et
1551 2195 1682 2236 rursum.
1694 2201 1708 2229 a
1725 2179 1789 2236 Noli
1815 2178 1856 2236 ul-

144 2271 292 2332 oatorum,
309 2264 385 2322 sicut
397 2264 429 2321 in
442 2264 507 2336 lege
523 2264 666 2338 scriptum
682 2267 727 2321 est
742 2281 749 2319 z
767 2286 781 2313 «
798 2261 827 2318 Si
840 2261 976 2320 debitum
1030 2270 1094 2324 tum
1109 2281 1225 2340 sapere,
1242 2265 1295 2322 sed
1308 2267 1378 2322 time
1393 2267 1488 2334 (Rom.
1505 2282 1553 2334 ιιι,
1568 2271 1606 2335 3).
1621 2289 1635 2318 a
1652 2265 1810 2340 Sequitur:

143 2355 236 2412 debet
248 2353 300 2411 tibi
312 2353 465 2427 quispiam
478 2353 661 2421 iratertuus,
690 2357 719 2409 et
744 2350 902 2409 abstrderis
931 2350 975 2424 pi·
1067 2353 1156 2410 Vens.
1173 2355 1198 2408 8.
1222 2355 1260 2409 Iu
1288 2353 1471 2423 fortitudine
1488 2355 1606 2411 11101111
1622 2355 1667 2410 tui
1687 2353 1858 2425 masidebas

143 2460 225 2516 gnus
239 2443 279 2500 ab
294 2459 341 2514 eo,
361 2446 429 2499 ante
452 2441 522 2498 solis
554 2457 698 2498 occasum
724 2439 835 2514 pignus
857 2439 975 2496 restitue
1030 2447 1152 2514 terram,
1165 2442 1427 2512 etpoteutissimus
1442 2442 1594 2500 obtinebas
1608 2458 1683 2500 eam.
1714 2475 1749 2484 -
1771 2441 1858 2498 desi

142 2536 337 2602 (1111111111,
355 2531 464 2604 tara).
482 2531 584 2598 »Quia
611 2547 683 2602 ergo
711 2535 816 2589 sancta
845 2529 976 2586 Ecclesia
1029 2533 1164 2605 patenter
1179 2529 1281 2588 dieat:
1298 2531 1354 2597 Qui
1376 2531 1407 2588 in
1436 2531 1649 2605 predicatione
1675 2537 1727 2590 tua
1748 2536 1858 2590 terram

142 2621 272 2696 quilibet
285 2621 325 2678 ab
338 2620 484 2678 hereticis
496 2620 536 2678 ad
544 2621 699 2678 veritatem
714 2619 784 2677 fidei
796 2623 976 2677 revertentes
1030 2618 1234 2676 universaliter
1247 2620 1411 2694 occupasti,
1426 2621 1560 2694 potentia
1582 2619 1772 2690 fortitudinis,
1795 2635 1859 2678 nan

142 2711 283 2786 precipit
294 2711 377 2780 prius
392 2714 426 2767 ui
440 2709 576 2768 confiteri
590 2710 698 2768 erroris
712 2709 758 2766 sui
773 2709 894 2782 ctdpam
921 2710 975 2766 ha·
1029 2707 1244 2764 ratioveritatis
1256 2707 1320 2764 luit.
1335 2709 1411 2774 Quia
1421 2709 1501 2766 enim
1511 2709 1693 2767 Christianos
1707 2709 1858 2784 principes

143 2801 247 2872 beant,
259 2799 432 2874 persuadet,
447 2803 477 2856 et
490 2799 578 2873 quasi
599 2815 653 2872 per
678 2798 887 2856 haereticorum
913 2812 978 2871 spa·
1031 2795 1276 2870 predicationem
1291 2797 1357 2868 ejus
1369 2801 1470 2864 tenera
1484 2799 1683 2872 conspiciunt,
1698 2799 1756 2856 hoe
1775 2797 1860 2872 quod

143 2890 232 2956 ciem,
248 2903 304 2962 par
318 2887 439 2961 Eliphaz
463 2887 581 2944 dieitur.
607 2887 769 2944 distulisti
790 2887 980 2958 0101111110-
997 2913 1018 2969 C
1033 2885 1060 2942 ei
1073 2902 1092 2944 a
1105 2885 1226 2959 populis
1240 2885 1379 2953 creditur,
1392 2901 1454 2942 non
1463 2885 1860 2957 virtutamrectitudinis,sed

144 2984 226 3036 trum
243 2984 368 3035 tuorum
382 2977 446 3034 siae
460 2991 563 3043 eausa,
575 2975 606 3032 id
621 2979 674 3045 est,
691 2975 730 3032 ab
743 2974 790 3032 bis
798 2973 850 3048 qui
860 2990 879 3031 a
891 2973 979 3031 nobis
1034 2990 1159 3034 causam
1173 2972 1324 3030 seotdaris
1337 2973 1477 3047 potentie
1487 2989 1553 3030 esse
1568 2975 1861 3048 supicautur.Sequi·

143 3067 184 3126 ad
200 3072 228 3126 te
244 3064 526 3124 veniuntinutiliter
545 3063 765 3122 contessionem
784 3079 892 3122 amoris
914 3078 979 3120 exe
1034 3067 1100 3122 tur:
1580 3119 1589 3134 ,

143 3157 223 3228 gisti
240 3157 273 3215 Si
286 3171 368 3228 vero,
385 3160 418 3213 ut
431 3154 638 3230 prediximus,
651 3154 772 3228 pignus,
788 3154 870 3211 dona
884 3151 981 3210 sancti
1070 3153 1160 3210 Vsus.
1175 3158 1203 3210 9.
1224 3152 1334 3210 Viduas
1344 3151 1484 3210 dimisisti
1495 3167 1617 3222 uacuas,
1633 3158 1662 3211 et
1673 3153 1862 3224 1111110111-

144 3241 277 3316 Spiritus
293 3239 448 3308 sentimus,
464 3229 594 3296 heretici
604 3243 739 3296 sanctam
752 3237 913 3295 Ecclesiam
923 3237 980 3293 lra-
1031 3244 1180 3314 pictorum
1202 3241 1412 3299 comminuisti.
1438 3274 1471 3284 -
1494 3241 1600 3300 Plebes
1627 3258 1696 3316 qrre
1718 3241 1862 3300 hereticis

144 3334 227 3387 trum
241 3345 370 3387 suorum
380 3327 484 3385 dicunt
495 3327 607 3402 pignus
621 3327 789 3396 abstulisse,
819 3327 891 3400 quia
914 3325 980 3383 illos
1034 3331 1269 3408 predicantibus
1282 3335 1353 3388 sunt
1367 3331 1519 3404 subjecte,
1532 3348 1570 3390 ex
1577 3332 1690 3391 carnali
1701 3332 1864 3405 intelligen-

144 3420 198 3494 qni
210 3419 253 3478 ad
266 3417 350 3476 illam
365 3418 497 3486 leniunt,
512 3417 594 3476 dona
614 3415 779 3491 spiritualia
791 3415 981 3490 suspicantur
1035 3421 1076 3478 tia
1094 3437 1230 3478 arrarum
1244 3435 1350 3478 eorum
1379 3420 1496 3478 semina
1515 3437 1658 3495 perversa
1687 3421 1862 3496 suscipiunt,

144 3509 297 3566 amittere.
314 3505 398 3564 Unde
409 3505 559 3580 sequitur:
572 3505 614 3562 Et
629 3505 724 3562 nudos
734 3505 911 3576 exspoliasti
921 3519 981 3562 ves·
1035 3510 1138 3585 eisque
1157 3509 1188 3568 in
1212 3527 1269 3568 sua
1296 3508 1491 3568 damnatione
1518 3511 1679 3568 sociantur.
1707 3510 1765 3568 Sed
1793 3525 1863 3568 cum

145 3599 238 3653 tibus.
252 3627 288 3636 -
299 3597 356 3652 Eos
368 3609 446 3668 quos
459 3593 589 3650 heretici
604 3593 751 3666 perversis
762 3591 980 3667 praedictioni·
1036 3605 1141 3658 saneta
1154 3598 1284 3657 Ecclesia
1303 3598 1386 3673 ipsos
1409 3615 1545 3658 errorum
1571 3600 1790 3674 praedicatores,
1817 3597 1865 3657 vel

143 3685 206 3744 bus
219 3681 982 3757 trahunt'rraeceptadoctrinaesuoequasiouoedam
1036 3690 1151 3748 radone
1165 3689 1311 3748 victorae
1326 3705 1356 3746 se
1370 3689 1503 3764 suscipit,
1516 3689 1565 3746 vet
1579 3689 1677 3748 studio
1691 3689 1866 3763 poneretu-

144 3771 334 3831 v'estimenta
347 3771 459 3830 habere
474 3771 654 3842 existimant,
669 3775 698 3828 et
711 3770 816 3828 tandiu
834 3770 900 3828 illos
918 3786 983 3828 vas·
1037 3778 1073 3836 tis
1083 3777 1249 3836 obduratos
1263 3775 1320 3833 sub
1330 3775 1564 3850 disciplinaesuae
1577 3777 1695 3834 vinculo
1705 3778 1864 3850 restringit,

144 3863 218 3922 11108
235 3864 357 3936 Piliam,
372 3859 508 3932 quandiu
517 3859 583 3916 haei
592 3859 722 3932 queipsi
733 3857 982 3932 Pioedissilfflffli
1037 3865 1170 3924 destituti
1180 3865 1310 3924 heretici
1324 3881 1394 3921 cum
1404 3879 1560 3922 remanere
1575 3863 1658 3938 apud
1668 3881 1699 3921 se
1712 3865 1816 3939 plebes
1829 3866 1866 3922 si-

144 3953 188 4010 ab
210 3950 274 4008 illis
289 3948 401 4006 servari
416 3947 615 4005 considerant·
631 3950 672 4004 Ex
686 3945 797 4021 1111111111
823 3963 892 4004 cum
919 3947 984 4020 11111·
1038 3971 1076 4012 ne
1091 3953 1339 4028 predicatoribus
1350 3953 1462 4024 vident,
1474 3951 1549 4025 qnid
1564 3952 1646 4008 abad
1662 3959 1797 4010 asancta
1817 3957 1868 4010 Ea

143 4042 227 4098 dam
243 4037 435 4094 adstructam
451 4035 614 4092 Ecclesiam
636 4035 834 4103 1111111111,θοῦ
849 4034 985 4106 protinus
1040 4041 1130 4100 alesia
1142 4035 1236 4114 quam
1245 4040 1355 4097 viduas
1362 4055 1477 4096 vacuas
1488 4038 1606 4096 elicias
1616 4037 1717 4096 dolant
1728 4039 1786 4095 rat
1796 4037 1867 4112 quia

143 4126 300 4187 (1001111111
327 4125 505 4182 vestimenta
518 4123 685 4198 perdidisse
705 4121 904 4197 suspicantur.
929 4121 986 4180 Sed
1041 4129 1202 4188 subtractis
1216 4127 1425 4186 hereticorum
1439 4126 1591 4198 magistris
1610 4143 1715 4184 eorum
1740 4125 1870 4200 discipu-

144 4233 222 4276 cum
238 4213 343 4271 nudus
354 4211 516 4286 exspoliari
527 4215 669 4286 11111111θᾶ1,
685 4209 884 4284 quarendum
898 4209 986 4268 1101118
1040 4219 1085 4278 los
1097 4219 1129 4276 in
1144 4235 1200 4276 suo
1214 4233 1304 4294 opere
1313 4217 1458 4275 infirmari
1470 4217 1670 4291 suspicantur,
1681 4215 1869 4292 quasilacsr-

144 4311 202 4371 est,
212 4303 375 4381 quomodo
388 4303 471 4378 prius
484 4299 817 4377 1111111,111Ρο8111101111111
830 4298 986 4374 exspoliati
1040 4313 1087 4368 tos
1101 4307 1286 4384 pupillorum
1299 4307 1500 4365 comminutos
1514 4305 1554 4365 ab
1567 4304 1698 4364 Ecclesia
1713 4322 1778 4364 essa
1798 4320 1868 4362 con·

145 4399 373 4455 memorantur.
390 4391 446 4451 Sed
460 4391 617 4450 sciendum
629 4389 811 4465 quiaomnis
825 4389 986 4464 quicordis
1041 4403 1216 4474 quamnim,
1231 4395 1281 4455 vel
1304 4400 1381 4454 certe
1403 4396 1476 4470 quja
1502 4399 1606 4454 sancta
1626 4393 1768 4466 Ecclesia,
1793 4394 1869 4452 dum

147 4483 288 4560 puritate
302 4481 475 4556 perfrtfilub
490 4496 527 4537 00
539 4479 608 4553 ipso
622 4494 685 4553 quo
699 4478 880 4552 (1111110111ῐί1
904 4481 987 4550 iesu·
1041 4487 1191 4563 qnosdam
1206 4487 1245 4545 ab
1258 4485 1404 4544 hereticis
1432 4486 1586 4544 vanientes
1614 4483 1747 4558 suscipit,
1776 4483 1870 4556 liquet

146 4578 296 4632 menium
312 4586 374 4628 ¹10ss
389 4569 490 4638 1111161,
503 4569 605 4626 nudus
626 4571 678 4624 0⁵¹·
696 4570 731 4624 El
755 4572 825 4624 iuni
850 4567 987 4624 nonnulli
1041 4576 1184 4633 nimirum
1197 4575 1282 4649 quod
1296 4574 1423 4648 pristino
1442 4573 1535 4630 errori
1555 4589 1660 4630 eorum
1682 4569 1867 4629 contradicit.

148 4663 238 4738 apud
251 4660 422 4732 hereticos,
437 4659 490 4733 qui
504 4657 603 4716 cordis
617 4656 742 4732 quidem
753 4655 915 4731 puritatem
936 4659 988 4715 ba·
1042 4664 1117 4731 Quia
1131 4679 1203 4736 ergo
1218 4679 1270 4720 eos
1285 4677 1304 4719 a
1318 4661 1432 4719 carnali
1451 4661 1615 4719 intentione
1644 4675 1707 4715 sue
1730 4657 1870 4732 supersti-

147 4754 236 4822 bem,
254 4749 312 4808 sed
324 4754 426 4808 umen
440 4747 583 4806 doctrine
596 4761 701 4804 aarum
715 4746 861 4817 dogmata
872 4761 989 4820 perver-
1041 4751 1130 4808 tionis
1142 4755 1274 4818 revocat,
1286 4749 1417 4806 heretici
1427 4765 1497 4806 cum
1510 4750 1568 4806 bos
1579 4747 1662 4805 aliter
1671 4747 1771 4804 vivere
1792 4746 1870 4821 aspi-

149 4860 184 4901 sa
196 4839 382 4915 suscipiunt.
398 4838 434 4895 lii
448 4839 592 4896 nimirum
605 4841 635 4894 et
646 4852 683 4894 cr
697 4851 753 4893 sua
766 4835 894 4910 puritate
913 4835 988 4894 nudi
1043 4839 1126 4896 ciunt
1139 4855 1233 4913 quam
1248 4837 1425 4909 docuerunt,
1441 4837 1567 4895 lacedos
1581 4853 1685 4894 corum
1707 4836 1747 4896 ab
1766 4852 1871 4912 opera·

149 4937 235 5004 sunt‚
252 4935 284 4989 et
299 4928 389 5004 quasi
402 4944 439 4986 ex
452 4943 556 4986 eorum
572 4925 784 5000 predicatione
811 4925 987 4984 vestiuntur.
1043 4927 1133 4998 done,
1149 4943 1242 5002 quam
1257 4927 1341 5001 prius
1353 4931 1520 4996 tenuerant,
1536 4927 1738 4986 comminutos
1752 4943 1817 4986 csse
1830 4924 1870 5008 ab

151 5023 319 5096 Sequitur:
1043 5017 1176 5076 Ecclesia
1189 5016 1384 5074 detestantur.
1402 5018 1560 5091 Sequitur:

187 5115 279 5168 Vasa.
296 5115 324 5165 7.
339 5109 457 5182 Aquam
473 5110 552 5166 lasso
571 5106 765 5178 condedisti,
792 5112 819 5163 et
847 5106 991 5164 esurienti
1079 5110 1162 5164 vaae.
1182 5106 1224 5163 lor
1240 5108 1404 5178 Propterea
1429 5109 1633 5189 circumdatus
1656 5123 1685 5166 es
1714 5106 1828 5177 laqueis
1843 5108 1870 5158 et

149 5199 342 5258 subtraxisti
352 5213 472 5269 paren.
489 5229 523 5239 -
536 5195 668 5254 lleretioi
682 5211 744 5270 quo
765 5194 897 5252 veritatis
923 5193 989 5252 soli-
1045 5196 1205 5255 conturbat
1220 5202 1248 5254 te
1257 5197 1389 5268 formido
1401 5197 1510 5256 subita.
1525 5231 1560 5241 -
1575 5197 1660 5254 tllum
1671 5191 1801 5250 termido
1823 5205 1872 5246 su-

151 5289 285 5348 ditatem
299 5291 485 5358 nantonent,
511 5303 547 5344 eo
571 5301 794 5360 nonnunquam
824 5283 944 5341 student
958 5290 992 5342 ut
1045 5286 1108 5344 bita
1122 5285 1291 5355 conturbat,
1313 5287 1366 5361 qui
1387 5288 1578 5346 considerare
1598 5279 1720 5353 negligit
1740 5276 1814 5352 quid
1835 5295 1872 5337 ex

151 5377 351 5453 loquaciores
361 5379 537 5452 appareant,
551 5379 581 5431 at
592 5379 697 5432 contra
719 5371 935 5431 catholicorum
960 5373 992 5428 li·
1046 5374 1227 5433 dishicbone
1239 5375 1349 5448 judicis
1362 5376 1509 5435 venientis
1524 5371 1688 5430 immineat.
1712 5367 1786 5434 Quia
1800 5385 1872 5441 ergo

152 5467 228 5525 dem
242 5467 334 5541 qnasi
349 5464 491 5522 doctrine
516 5461 639 5519 scientia
662 5463 835 5533 gloriantur.
865 5463 993 5519 Cunctos
1047 5463 1167 5520 fidelem
1182 5463 1328 5538 populum
1345 5462 1474 5521 heretici
1488 5457 1584 5530 culpis
1599 5455 1732 5528 perfidie
1747 5473 1872 5532 oppres-

153 5573 238 5630 quos
256 5554 407 5628 aspiciunt
425 5551 526 5626 pravis
543 5551 582 5608 ad
599 5567 630 5607 se
656 5552 773 5610 trabere
787 5615 790 5620 Δ
802 5549 992 5608 sermonibus
1048 5569 1117 5610 sum
1132 5552 1268 5622 eradunt,
1283 5549 1503 5609 circumdatum
1525 5545 1641 5619 laqueis
1663 5549 1815 5612 accusant,
1844 5546 1875 5600 et

154 5641 448 5719 queruntstunde
468 5640 526 5700 sibi
550 5639 625 5697 alios
640 5639 842 5700 adinteritum
867 5640 991 5710 sociant,
1046 5639 1301 5715 quiaexistimant
1314 5635 1512 5711 quodtutura
1524 5631 1874 5708 naupreddeatinpcr·
