4160 6162
232 57 286 120 235
770 57 798 114 S.
815 55 945 115 000le
959 53 1105 113 naualis
1118 53 1371 114 cenulaearvSls
1388 53 1411 112 il
1892 67 1950 122 m

229 185 316 258 justis
342 185 448 256 agitur,
473 177 607 238 secunda
629 179 776 255 plantatio
797 185 853 248 est,
880 175 1105 254 quiaprimalt
1123 177 1180 235 Sed
1202 195 1274 236 eum
1296 180 1388 236 bomo
1411 181 1654 255 maritumaque
1678 184 1769 239 maris
1793 184 1951 254 recedunt,

231 273 367 332 videlieet
380 270 534 345 plantatio,
555 283 617 327 non
632 269 662 326 in
677 280 767 343 opere
786 269 950 341 justorum,
967 265 1017 324 sed
1034 267 1067 324 in
1117 267 1191 340 quia
1204 269 1289 340 juxta
1303 269 1462 326 Psalmistae
1480 275 1595 341 vocem,
1612 295 1625 320 ι
1639 275 1671 328 ιιι
1681 271 1732 328 illa
1745 271 1794 329 die
1807 273 1954 345 peribunt

143 361 147 369 '
228 361 417 442 praescientia
429 353 596 417 conditoris
611 359 663 417 est.
677 358 776 416 Potest
790 361 880 416 etiam
895 358 981 414 radix
994 344 1068 428 justi
1120 369 1225 412 omnes
1239 357 1434 427 cogitationes
1450 373 1554 414 eorum
1569 359 1754 428 (Paetum,
1766 363 1824 432 4)»
1841 363 1873 418 lit
1885 377 1952 418 rur-

231 454 297 526 ipsa
311 455 420 508 natura
433 445 628 508 humanitatis
643 445 765 520 intelligi
782 458 818 505 ex
842 460 905 522 qua
919 445 1064 503 subsistit.
1119 459 1186 501 sum
1199 445 1238 501 de
1252 446 1396 502 moriente
1412 448 1554 519 seriptum
1570 453 1615 503 est
1629 464 1635 502 ε
1652 469 1666 496 «
1678 454 1769 504 amor
1780 461 1907 524 quoqne
1919 456 1952 508 et

232 541 303 608 Quae
326 539 462 598 videlicet
476 539 562 598 radix
577 539 702 596 senescit
716 539 746 595 in
769 543 855 606 terra,
874 553 943 596 eum
957 541 1065 593 natura
1117 534 1222 590 odium
1242 535 1333 591 simul
1351 536 1663 608 pe1·ibunt(Eeele.rs‚
1677 541 1733 610 tlt.»
1750 541 1862 597 areseit
1875 555 1950 611 ergo

231 629 329 688 earnis
342 627 452 698 delicit,
464 627 494 686 in
504 629 660 704 pulverem
670 625 802 686 redacta.
813 627 905 699 Cujus
919 625 949 682 in
962 625 1064 699 pulve
1115 621 1226 679 ilarius
1247 624 1451 693 vacuefactus,
1476 625 1559 697 quia,
1585 625 1734 684 subducte
1758 628 1870 697 anime,
1895 639 1949 686 va-

231 737 263 777 re
278 725 401 777 truncus
418 719 570 787 emoritur,
591 717 663 793 quia
681 718 843 774 extinctum
856 729 965 789 eorpus
979 729 996 772 a
1008 731 1063 772 sua
1115 727 1206 768 ouum
1216 727 1326 786 eorpus
1336 719 1480 772 remanet.
1496 716 1588 781 Quasi
1602 716 1682 772 enim
1698 716 1802 774 alveus
1813 718 1948 776 fluminis

232 808 332 884 speeie
344 807 517 883 dissipatur.
535 809 592 866 Sed
608 807 648 865 ad
664 807 787 864 odorem
801 821 888 880 aquae
903 807 1061 876 germinat,
1115 817 1239 870 vacuus,
1255 819 1365 878 eorpus
1379 805 1528 862 exanime.
1546 805 1603 862 sei
1624 806 1654 862 in
1670 806 1716 863 bis
1732 807 1819 864 valde
1834 808 1947 866 durum

232 899 304 973 quia
327 915 381 974 per
407 899 570 957 adventum
595 898 689 956 saneti
715 897 838 971 Spiritus
863 893 999 966 resurgit.
1022 892 1062 950 Et
1114 891 1317 950 videturesse
1344 894 1483 968 quodsir
1503 897 1589 952 bomo
1608 911 1677 953 rum
1702 899 1858 955 dormierat
1884 917 1947 956 noa

231 991 324 1061 societ
339 1005 451 1047 romam
466 989 554 1064 quasi
574 1005 641 1046 eam
658 989 792 1058 patmum
810 987 987 1056 plantatam
1008 990 1061 1056 eat,
1113 989 1258 1054 resurget.
1301 986 1360 1038 Cur
1399 983 1500 1056 itaque
1534 983 1731 1056 laboramus,
1762 986 1787 1041 si
1825 985 1857 1043 in
1898 1003 1945 1045 re·

232 1077 304 1150 quia
319 1077 359 1134 ad
380 1077 462 1134 illam
478 1077 607 1152 speeiem
622 1073 707 1144 redit,
729 1073 875 1148 adquam
898 1072 1063 1146 percipien-
1113 1071 1304 1127 surrectionis
1328 1072 1521 1129 retributione
1536 1088 1598 1129 nou
1615 1073 1789 1130 tendimus?
1814 1077 1947 1142 eromo·

232 1167 304 1225 dam
319 1171 435 1224 oreatus
450 1166 554 1233 iuerat,
572 1165 595 1222 si
610 1165 640 1222 in
655 1165 797 1240 paradiso
810 1163 926 1236 positus
936 1176 1061 1235 peceare
1111 1156 1153 1214 do
1182 1163 1282 1215 autem
1313 1160 1435 1230 dieitur,
1478 1177 1539 1216 aon
1576 1167 1731 1235 resurget,
1761 1179 1830 1219 eum
1869 1167 1945 1222 seri-

231 1256 384 1312 noluisset.
405 1255 491 1322 Quod
509 1254 618 1312 iortase
634 1254 671 1311 de
691 1254 815 1311 domino
831 1252 909 1309 valet
927 1251 1059 1323 intelligi,
1113 1251 1199 1320 ptum
1235 1249 1289 1306 sit:
1321 1251 1460 1306 «Omnes
1497 1250 1621 1323 quidem
1649 1267 1860 1326 resurgemus,
1891 1255 1946 1311 sed

231 1345 377 1419 quoniam
403 1349 432 1402 et
457 1343 481 1401 si
510 1345 606 1403 occidi
631 1344 870 1418 perpessionem
886 1341 1062 1414 potuitper
1114 1352 1175 1392 nen
1197 1352 1304 1393 omnes
1329 1337 1536 1394 immutabitur
1559 1339 1588 1408 (l
1605 1340 1674 1396 Cor.
1695 1357 1744 1406 xv,
1772 1341 1828 1407 51).
1843 1365 1857 1392 υ
1888 1344 1946 1400 Sed

230 1434 452 1490 resurrectionis
474 1434 598 1505 gloriam
616 1450 721 1490 rursus
735 1432 774 1489 ad
791 1431 967 1487 viriditatem
993 1430 1060 1486 vitae
1113 1424 1248 1496 subjecta
1269 1426 1413 1482 sententie
1432 1426 1629 1500 indicitque
1655 1427 1793 1485 diseretio
1818 1431 1848 1487 in
1870 1447 1946 1504 prae-

230 1523 320 1580 venit.
338 1524 434 1594 Hujus
453 1522 701 1596 ramipullulant,
724 1521 827 1595 quiex
843 1512 1207 1584 resurrectionesmissa
1229 1513 1329 1571 lateat·
1368 1519 1442 1572 Nam
1469 1514 1632 1572 subditur:
1662 1519 1760 1575 Donec
1793 1525 1946 1577 alteruter

190 1663 194 1668 .
229 1611 307 1668 illius
321 1611 517 1685 multiplicati,
533 1611 622 1681 longe
638 1611 756 1683 lateque
770 1609 874 1666 fideles
888 1613 1056 1665 eraverunt.
1113 1604 1231 1672 roelem,
1241 1619 1302 1660 nou
1311 1605 1466 1675 evigilabit
1479 1621 1531 1662 aer
1543 1613 1700 1677 consurget
1710 1608 1747 1664 de
1761 1624 1942 1666 remansero.

231 1701 323 1772 liujus
337 1700 423 1756 radix
437 1701 468 1756 ln
480 1703 558 1756 terra
570 1699 657 1773 quasi
670 1698 776 1766 senuit,
790 1697 861 1771 quia
874 1697 939 1768 ejus
952 1696 1059 1776 praedi·
1112 1691 1261 1764 —Liquet
1274 1692 1354 1748 enim
1378 1693 1451 1766 quia
1474 1709 1535 1750 non
1560 1701 1705 1766 resurget,
1722 1697 1775 1754 sed
1789 1697 1887 1756 donee
1902 1705 1946 1757 at·

230 1790 307 1847 natio
322 1788 494 1844 ludaeorum
508 1787 640 1862 perfidiae
654 1788 796 1860 despecta
811 1786 873 1842 init.
894 1787 933 1841 ut
947 1787 978 1841 ia
992 1787 1059 1855 pel·
1112 1785 1223 1858 teratur
1244 1781 1364 1850 coelum,
1389 1782 1461 1855 quia
1483 1783 1539 1840 nisi
1565 1784 1656 1856 hujus
1680 1785 1749 1842 linis
1778 1787 1943 1858 advenerit,

229 1874 1059 1948 veretr·uurusemortuusest.0uiaineordepersequen-
1110 1867 1279 1926 humanum
1303 1883 1399 1940 geum
1423 1885 1441 1926 a
1461 1885 1570 1928 somno
1593 1874 1699 1930 mortis
1720 1873 1863 1932 advitam
1876 1891 1942 1933 non

218 1965 303 2039 ¹tium
317 1962 399 2040 quod
414 1961 546 2040 perfidiae
559 1981 621 2021 suae
630 1963 719 2021 vento
729 1955 893 2035 levabatur,
904 1961 1058 2037 despecta·
1109 1957 1271 2030 evigilabit.
1285 1963 1349 2016 Non
1362 1975 1433 2030 ergo
1446 1961 1519 2034 quia
1528 1961 1779 2021 oninimodonon
1790 1971 1941 2039 mergat,

227 2055 295 2112 bilis
314 2059 341 2112 et
358 2057 547 2130 contemptus
564 2058 608 2111 est
628 2049 760 2125 babitus,
776 2053 849 2126 quia
863 2051 945 2110 earni
961 2051 1058 2124 potuit
1111 2047 1175 2115 aed,
1187 2049 1260 2121 quia
1273 2053 1341 2106 ante
1354 2050 1565 2107 contritionem
1576 2051 1646 2108 oceli
1659 2053 1829 2110 numanum
1844 2067 1941 2126 genus

227 2143 332 2201 oeeidi.
348 2145 405 2202 Sed
422 2137 463 2202 ad
476 2143 595 2201 odorem
610 2149 695 2217 operae
708 2143 898 2215 germinavit.
915 2141 991 2208 Quia
1002 2149 1058 2213 per
1109 2138 1233 2194 minima
1247 2144 1394 2209 resurget,
1407 2140 1549 2198 insinuet.
1565 2143 1724 2215 sequium:

226 2235 365 2292 virtutem
387 2234 437 2292 llei
455 2234 597 2291 instincta
614 2249 684 2290 earo
698 2227 776 2288 iliius
796 2231 941 2288 advitam
959 2227 1055 2299 rediit,
1146 2227 1231 2284 Vens.
1250 2228 1291 2285 lt.
1307 2230 1378 2297 eris
1399 2230 1475 2286 mibi
1494 2231 1550 2288 boe
1563 2233 1691 2302 summ,
1709 2239 1746 2290 et
1766 2235 1798 2290 rb
1818 2237 1940 2306 varmo

223 2325 309 2396 iuxta
323 2321 407 2398 quod
419 2326 535 2396 iustum
549 2329 617 2380 est:
639 2345 652 2372 «
669 2323 762 2388 onem
776 2323 855 2377 bens
871 2317 1056 2375 suseitavita
1107 2321 1248 2386 proteges
1270 2321 1340 2374 me?
1353 2349 1387 2358 -
1400 2319 1475 2384 unta
1499 2324 1567 2376 ante
1588 2321 1754 2380 adrentum
1772 2325 1940 2381 nediatoris

202 2405 204 2410 ’
225 2414 352 2470 mortuis
366 2415 392 2485 (l
408 2412 492 2470 Thes.
506 2430 525 2481 ι,
544 2413 623 2483 10).»
638 2405 1056 2482 Etseeitcomemquosieum
1107 2403 1250 2468 bominis,
1266 2408 1365 2462 omnis
1380 2407 1483 2477 bomo,
1497 2409 1637 2480 quamvis
1650 2409 1773 2468 mundo
1791 2412 1942 2486 probate·

218 2503 356 2570 primum
364 2501 539 2570 plantatum
550 2505 603 2556 est.
615 2499 689 2566 Quia
696 2491 749 2554 illa
759 2497 963 2572 apostolorum
975 2495 1056 2552 debi·
1106 2503 1168 2565 que
1181 2493 1250 2549 vitre
1264 2493 1362 2566 luerit,
1377 2495 1417 2552 ad
1430 2495 1538 2553 inferni
1550 2497 1683 2555 mustra
1703 2499 1868 2570 deseendit,
1884 2501 1940 2558 du-

225 2583 305 2658 litas,
325 2604 393 2662 quae
413 2588 444 2645 in
467 2593 561 2646 morte
584 2587 662 2644 illius
686 2587 803 2661 expavit
826 2591 854 2644 et
875 2586 1002 2658 negavit,
1028 2591 1055 2642 et
1108 2579 1193 2637 bium
1209 2587 1342 2639 nonest.
1360 2587 1528 2642 Nectamea
1547 2587 1883 2660 itajestonrmanimas
1897 2592 1939 2648 ad

225 2677 366 2748 negando
393 2677 480 2746 aruit,
504 2688 558 2751 per
584 2675 807 2733 resurrectionis
832 2675 898 2748 ejus
926 2671 1055 2746 gloriam
1106 2668 1258 2726 infernum
1269 2669 1400 2728 dicimus
1414 2671 1616 2743 deseendivse,
1632 2675 1707 2732 utin
1727 2677 1800 2734 loeis
1813 2679 1940 2752 poenali-

224 2783 328 2824 rursus
343 2766 382 2826 ad
397 2765 488 2824 fidem
502 2766 599 2824 viruit.
618 2759 700 2822 Unde
715 2768 743 2822 et
757 2763 914 2822 subditur:
1107 2757 1165 2815 bus
1187 2763 1372 2818 tenerentur:
1399 2761 1452 2818 sed
1478 2776 1543 2820 esee
1564 2764 1719 2838 superiora
1740 2766 1850 2825 luterni
1869 2767 1939 2826 lesa

178 2891 187 2905 .
260 2858 342 2913 vers.
372 2855 414 2912 10.
444 2853 540 2912 Homo
563 2870 633 2912 vero
659 2870 724 2911 eam
750 2859 885 2910 mortuus
906 2855 1000 2925 viverit
1025 2860 1052 2910 et
1068 2881 1089 2936 0
1103 2849 1258 2906 eredenda
1281 2855 1360 2923 sent,
1381 2855 1413 2906 ut
1436 2851 1465 2907 in
1490 2853 1694 2926 superioribus
1718 2855 1939 2930 requieseat-ent

224 2945 356 3002 nudatus
385 2951 476 3017 atque
503 2947 704 3014 consumptus,
721 2941 780 3011 ubi,
804 2955 912 3015 quareo,
936 2949 977 3000 est
991 2945 1005 3001 ‘3
1018 2975 1052 2984 —
1105 2937 1186 3009 justi,
1203 2943 1230 2996 el
1251 2939 1282 2996 in
1296 2939 1487 2997 inierioflbus
1507 2943 1710 3001 cruentabit
1724 2945 1836 3018 iniusti.
1853 2947 1938 3005 Unde

223 3031 325 3092 Nullus
340 3033 433 3091 homo
449 3031 512 3091 sine
527 3035 651 3108 peceato
666 3033 719 3100 est,
733 3031 789 3090 nisi
803 3027 1052 3106 illequiinhuun
1103 3031 1135 3084 et
1153 3028 1309 3085 Psalmista
1331 3031 1565 3102 prevenientem
1585 3046 1617 3090 ae
1638 3030 1689 3090 usi
1702 3035 1830 3106 gratiam
1845 3037 1936 3094 dieii:

224 3121 449 3180 mundumnon
466 3123 546 3180 venit
562 3127 745 3197 expeeeato.
766 3121 1052 3194 Elquiaomnesin
1105 3115 1273 3188 ‹Emptisti
1303 3117 1436 3174 animam
1463 3133 1564 3176 meam
1587 3137 1626 3177 ex
1658 3121 1775 3180 inies-no
1803 3124 1938 3183 interiori

221 3209 312 3284 eulpa
326 3211 468 3280 ligamur,
488 3211 553 3284 ipsa
574 3211 737 3266 amissione
754 3209 875 3282 justitiae
894 3212 1050 3268 morimur.
1105 3203 1200 3276 (Psel.
1214 3219 1306 3270 ιιιιιιιι,
1322 3207 1394 3278 til.»
1410 3207 1518 3265 Beatus
1530 3209 1621 3280 igitur
1635 3211 1699 3278 tob,
1712 3217 1782 3270 ante
1796 3214 1937 3272 ltediato-

221 3297 369 3355 Goneassa
383 3298 468 3371 ptius
479 3297 661 3371 inparadiso
677 3301 756 3354 veste
767 3297 1052 3355 innoeentlaenuda-
1105 3293 1146 3348 n's
1162 3291 1324 3350 adventum
1341 3293 1380 3350 ad
1403 3295 1552 3353 internum
1575 3315 1607 3355 se
1630 3298 1812 3358 descendere
1824 3303 1936 3376 sciens,

221 3403 299 3455 mur,
323 3386 442 3444 interitu
464 3385 554 3443 eliam
582 3387 680 3443 earnis
711 3386 912 3460 subsequente
940 3403 1050 3444 consu·
1103 3379 1331 3440 'Conditonssui
1351 3381 1640 3458 illieprnteetionem
1655 3390 1797 3463 posbrlat,
1814 3393 1938 3452 utalo-

222 3476 342 3532 mimur.
379 3477 474 3532 Homo
497 3475 599 3548 ltaque
623 3479 761 3548 peccator
791 3476 916 3532 moritur
950 3475 1048 3549 eulpa,
1105 3471 1147 3526 cis
1171 3469 1342 3544 pennalibus
1366 3473 1482 3531 alienus
1504 3476 1620 3535 existat.
1638 3479 1793 3551 Sequitur:
1819 3481 1860 3538 lit
1884 3483 1937 3540 ab·

221 3559 353 3620 nudatur
377 3563 537 3636 ajustitia,
566 3563 753 3619 eonsumitur
777 3563 808 3620 in
836 3577 936 3636 poena.
966 3565 1050 3621 Hane
1103 3559 1230 3617 scandas
1240 3561 1937 3633 medoaecpereuaseotrarortuas.÷-tnror

220 3651 385 3708 nuditatem
401 3651 566 3725 peccatoris
578 3651 629 3708 lilii
639 3655 740 3723 tegere
750 3651 891 3724 dignatus
901 3657 945 3710 est
953 3657 1048 3728 pater,
1099 3649 1213 3704 etenim
1223 3649 1442 3723 omnipotentis
1456 3653 1517 3722 Dei,
1531 3654 1561 3710 in
1572 3655 1632 3713 boe
1647 3658 1780 3732 quotidie
1795 3660 1856 3717 vim
1869 3674 1935 3717 sem

220 3739 273 3813 qui
301 3755 336 3796 eo
362 3740 504 3797 redeunte
533 3739 628 3797 dixit·
658 3763 672 3790 «
691 3739 757 3798 trito
785 3739 914 3815 prolerre
940 3737 1049 3800 stolam
1099 3733 1293 3795 districtionis
1316 3741 1441 3813 peragit,
1458 3743 1542 3816 quod
1565 3745 1699 3804 viventes
1721 3748 1845 3820 indigne
1861 3765 1936 3824 sup

220 3829 350 3902 primam
366 3831 447 3901 (Luc.
466 3845 534 3898 xxv,
552 3831 607 3902 22).
625 3851 639 3880 ιι
660 3829 756 3886 Primo
775 3830 887 3904 quippe
903 3829 978 3887 stola
1006 3835 1050 3888 est
1101 3823 1198 3900 pliciis
1211 3825 1366 3900 demergit.
1381 3831 1439 3897 unt
1451 3831 1536 3890 turm
1553 3848 1635 3893 nune
1656 3837 1799 3910 equidem
1814 3840 1933 3912 nansia,

219 3919 396 3977 innocentia.
412 3921 510 3993 vestis,
522 3936 615 3994 quam
626 3919 718 3976 bomo
731 3919 808 3977 bene
820 3915 957 3976 conditus
968 3937 1050 3978 aoee
1102 3916 1176 3990 quia
1189 3917 1281 3975 modo
1296 3919 1403 3990 egitur,
1420 3921 1514 3980 sedin
1529 3926 1636 3984 mundi
1651 3927 1779 3985 termino
1791 3940 1937 3988 msam-

219 4009 271 4082 pit,
281 4010 528 4084 maleaserpente
536 4007 788 4083 persuasusperdi
798 4007 845 4066 lit.
855 4007 1049 4068 contrahens
1103 4011 1211 4064 matur.
1228 4007 1399 4076 outremer
1421 4011 1475 4068 iste
1501 4012 1593 4084 furor,
1608 4021 1761 4090 quantum
1773 4018 1935 4078 adelecia

219 4116 340 4155 rursum
355 4099 520 4156 nuditatem
534 4099 661 4155 dieitur:
677 4122 691 4148 «
709 4091 876 4172 beatusqui
893 4099 1004 4170 vigilat,
1020 4104 1049 4158 et
1100 4106 1169 4152 illm
1191 4096 1308 4154 animas
1330 4097 1361 4154 in
1382 4098 1589 4175 Redemptum
1603 4106 1697 4162 nostri
1711 4105 1841 4163 adventu
1864 4121 1934 4181 per-

219 4187 347 4243 eustodit
361 4187 536 4244 vestimenta
548 4203 611 4250 sua,
628 4203 665 4244 ne
680 4187 780 4244 nudus
795 4187 929 4244 ambulet
942 4189 1046 4260 (Aper.
1101 4185 1227 4254 transiit,
1242 4186 1314 4260 quia
1328 4201 1380 4244 aas
1396 4187 1436 4244 ab
1451 4187 1558 4248 interni
1583 4191 1719 4251 claustris
1738 4195 1777 4253 ad
1798 4196 1934 4270 peradisi

218 4291 276 4344 ιιιι,
296 4274 348 4346 15).
370 4299 384 4324 »
412 4275 590 4332 Vestimenta
610 4275 734 4348 quidem
757 4275 953 4342 custodimus,
977 4293 1047 4335 eum
1099 4269 1213 4344 'media
1233 4270 1375 4332 Mediator
1388 4275 1439 4333 bei
1459 4281 1487 4334 et
1503 4279 1672 4356 hominum,
1688 4283 1763 4340 dnm
1783 4284 1847 4358 ipse
1858 4285 1933 4342 illue

217 4365 367 4435 praeopta
382 4363 559 4418 innocentiae
578 4377 732 4420 servamus
755 4363 785 4419 in
801 4369 910 4434 mente,
930 4369 963 4421 ut
977 4383 1046 4423 eum
1093 4361 1149 4436 ‘pie
1163 4361 1367 4433 descenderet,
1382 4365 1509 4425 renum.
1531 4370 1688 4445 Sequitur:
1710 4371 1933 4432 &erumnas

218 4466 274 4508 nos
293 4449 386 4523 jurliei
410 4449 499 4522 eulpa
523 4450 628 4519 nudat,
652 4451 692 4507 ad
716 4451 861 4508 amissam
889 4453 1046 4511 redeuntes
1100 4453 1174 4510 nrilu
1198 4458 1311 4524 tenpus
1335 4455 1366 4512 ιἰι
1390 4471 1449 4528 quo
1469 4461 1633 4520 recorderis
1652 4465 1732 4521 mei?
1746 4493 1780 4505 -
1796 4465 1859 4521 «At
1877 4464 1933 4522 ubi

216 4539 419 4597 innocentiam
447 4538 618 4612 penitentia
646 4539 769 4613 operiat.
805 4541 880 4603 Quia
907 4546 1047 4616 peccator
1099 4541 1181 4599 venit
1191 4531 1347 4616 plenitudo
1357 4549 1510 4621 temporis,
1520 4551 1604 4609 misit
1616 4553 1693 4608 Deus
1706 4549 1813 4611 Filium
1826 4569 1929 4624 snum,

217 4630 309 4687 homo
322 4629 379 4687 illie
393 4632 470 4686 stare
483 4627 587 4698 noluit,
603 4627 655 4686 ubi
670 4626 809 4687 conditus
822 4629 878 4688 tuit
890 4649 897 4687 ε
910 4629 959 4688 hie
975 4647 1045 4689 vero
1097 4630 1264 4690 laetamen
1274 4633 1411 4708 muliere,
1420 4635 1532 4695 laetum
1542 4637 1686 4711 sublege,
1701 4645 1797 4700 nteos
1808 4645 1860 4718 qui
1870 4643 1929 4701 sub

218 4719 270 4776 ubi
303 4718 431 4788 cecidit,
466 4717 583 4776 diversa
609 4717 635 4776 ei
662 4719 859 4792 prohibentur
872 4761 881 4794 ,
916 4721 1045 4794 patriam
1098 4719 1528 4799 legeerantredimeretfflnl.
1543 4738 1584 4798 rr,
1600 4729 1654 4802 ll.»
1669 4729 1753 4789 ilaue
1768 4733 1931 4809 itaquel-e-

217 4803 320 4862 volens
333 4807 511 4880 perdiditd
534 4808 772 4882 peregrinatione
786 4824 858 4866 vero
880 4825 936 4866 sua
950 4813 1045 4884 quam
1098 4807 1303 4884 demptionem
1323 4813 1369 4869 vir
1392 4813 1508 4871 bomini
1531 4817 1751 4890 praescieram
1765 4837 1829 4896 qua
1842 4829 1930 4883 erant

217 4893 321 4967 diligit,
352 4896 462 4955 invitus
489 4897 654 4972 expellitur.
684 4897 736 4955 Ubi
766 4913 838 4970 ergo
865 4903 918 4968 est,
947 4901 1044 4976 quiin
1098 4899 1184 4954 multi
1198 4913 1235 4955 ex
1249 4899 1410 4970 gentilitate
1433 4900 1592 4980 liberandi,
1610 4905 1838 4984 sicutipseait:
1858 4913 1929 4970 «ti-

217 4985 281 5057 eJus
294 5001 397 5042 amore
410 5003 471 5044 non
484 4991 537 5056 est,
552 4987 605 5044 ubi
615 5003 720 5044 verum
732 4989 865 5046 esseest?
881 4989 1019 5063 Sequitur
1035 5008 1041 5046 :
1098 4989 1144 5042 oet
1165 4985 1230 5044 hee
1254 4989 1377 5046 celeste
1401 4991 1566 5066 cordetuo,
1581 4999 1683 5054 tamen
1698 4999 1849 5074 soloquia
1862 5001 1930 5059 tmi-

252 5091 325 5132 vsns
337 5080 380 5139 li,
397 5080 438 5132 l2.
455 5075 604 5145 Quomodo
616 5078 643 5133 ιι·
654 5077 794 5134 recedant
805 5093 890 5151 eque
904 5076 941 5135 dr
953 5081 1043 5146 mort,
1096 5091 1252 5134 versorum
1274 5081 1446 5138 memineris
1461 5083 1534 5155 (voa.
1548 5095 1578 5156 x,
1594 5087 1665 5159 iti.»
1681 5089 1769 5163 Apud
1787 5092 1930 5166 omnipo.

215 5173 242 5224 et
257 5168 368 5237 (iuvius
383 5165 576 5236 vacuefactus
591 5171 707 5224 arescot
716 5181 728 5223 .·
739 5167 781 5224 sir
792 5165 878 5224 bomo
892 5183 959 5225 cum
972 5167 1042 5225 dor-
1094 5167 1208 5223 tentem
1221 5161 1318 5224 iteum
1330 5171 1452 5244 tempus
1475 5173 1531 5230 sibi
1553 5177 1694 5236 constitui
1711 5193 1775 5236 anae
1788 5181 1929 5240 reeorda-

215 5255 581 5326 mierdt,aoureaarget.-
591 5255 907 5328 llaremensbominis,
916 5256 1040 5330 etquasi
1096 5253 1184 5316 tionis
1201 5257 1283 5330 petit.
1295 5257 1369 5314 Hine
1384 5263 1429 5316 est
1442 5261 1523 5319 enim
1537 5265 1621 5338 quod
1641 5267 1672 5323 in
1692 5265 1853 5340 Evangelio
1867 5271 1928 5327 Dn-

215 5343 323 5398 tiuotus
341 5345 432 5402 maris
448 5349 517 5402 sunt
531 5343 724 5417 cogitationes
739 5345 824 5418 [ejus]
839 5345 958 5415 mentis,
973 5359 1041 5418 quta
1095 5345 1196 5406 minus
1216 5346 1306 5404 dieit:
1328 5349 1385 5405 «rt
1397 5361 1463 5421 ego,
1478 5352 1504 5408 si
1527 5355 1672 5414 exaltatus
1687 5355 1771 5415 tuero
1795 5373 1813 5415 a
1834 5363 1924 5430 terra,

215 5429 379 5504 aliquando
393 5434 537 5505 perirem
559 5437 738 5501 tumescunt,
752 5447 806 5506 per
821 5431 948 5503 gratiam
964 5437 1041 5490 tran·
1095 5435 1198 5494 omnia
1210 5435 1330 5494 trabam
1353 5436 1391 5496 ad
1409 5441 1562 5516 meipsum
1586 5445 1683 5518 (ἆσαι).
1699 5459 1751 5518 xn,
1767 5445 1841 5521 32).»
1851 5447 1926 5507 om.

214 5519 313 5594 quillae
324 5519 410 5592 flunt,
421 5538 474 5594 per
485 5523 589 5580 odium
600 5539 670 5580 eum
683 5519 882 5580 amaritudine
892 5516 1037 5578 defluunt.
1094 5523 1145 5582 nia
1159 5525 1294 5584 videlieet
1308 5526 1410 5587 eleeta.
1426 5532 1582 5606 Sequitur:
