4160 6162
9 283 11 292 Ι
108 209 155 262 us
338 163 340 167 ’
533 201 686 260 errrore
706 201 888 258 uoaeuruu
909 203 936 258 a.
958 173 1060 258 anne.
1081 207 1114 260 ιι
1132 205 1202 264 roe.
1219 239 1253 249 -
1270 161 1333 266 ua.
1351 210 1386 268 r.
1768 217 1819 271 ιιι

105 328 155 404 qui
169 333 239 402 post
253 333 408 402 acceptam
421 327 517 397 legem
532 325 562 382 in
577 326 633 382 boc
648 324 764 382 mundo
779 325 842 382 neti
854 327 932 393 sunt,
949 323 974 379 Α
994 327 1037 383 tio
1051 358 1086 368 -
1099 328 1200 386 dusios
1216 331 1295 388 enirn
1316 335 1455 406 quamvis
1481 335 1581 394 nulius
1605 335 1820 395 desideriorum

105 417 223 474 auctori
238 433 294 472 suo
308 415 443 488 ejusdem
458 414 532 484 legis
552 417 621 470 sunt
635 412 842 470 admonitione
864 428 935 469 con·
992 416 1157 474 carnalium
1168 421 1322 492 possideat
1336 423 1491 491 tumultus,
1505 424 1589 481 duris
1604 429 1705 483 tamen
1719 427 1820 484 vincu-

104 505 191 579 aepti.
210 505 268 562 Sed
284 511 384 564 tamen
398 502 638 577 conceptilucem
646 502 770 560 minime
785 501 934 571 viderunt,
991 501 1027 559 lis
1041 504 1134 561 eos-in
1145 505 1202 564 bac
1218 509 1275 564 vita
1290 509 1404 583 positos
1427 527 1490 566 suoe
1509 513 1707 586 corruptionis
1730 515 1821 573 mole-

104 594 399 669 quiaadadventum
414 591 574 651 bominicre
588 591 935 666 incarnationis,quam·
992 592 1047 649 stia
1069 593 1149 665 ligat.
1181 597 1328 670 Scriptum
1354 597 1543 672 quippeest:
1569 623 1583 649 a
1599 603 1714 676 Corpus
1737 605 1820 678 quod

103 685 149 740 vis
178 683 258 742 banc
285 682 410 740 fideliter
432 680 543 755 apertis
569 681 787 756 prophetarum
811 679 935 737 vocibus
990 684 1201 756 corrumpitur,
1217 691 1361 756 ngaravat
1376 685 1520 754 enimam,
1547 692 1575 744 et
1599 689 1740 762 deprimit
1762 697 1820 749 ter-

104 772 223 830 exaitati
236 771 398 840 crederent,
411 769 785 844 pervenirenequirerunt.
799 773 937 826 incarna-
990 785 1063 828 rcna
1075 771 1250 830 inhabitatio
1272 791 1393 832 sonsum
1419 775 1512 832 multa
1535 777 1715 846 cogitantem
1739 783 1817 852 (Sep.

103 861 276 936 tuequippe
292 859 435 918 Dominus
449 860 543 918 dicit:
568 882 582 910 ι
599 863 660 932 Ego
676 875 746 916 sum
762 859 815 916 lux
828 857 936 916 mundi
991 875 1028 924 ιι,
1048 859 1099 930 15).
1118 883 1130 910 a
1148 860 1234 918 Aliud
1249 877 1381 935 namque
1395 863 1433 919 de
1455 871 1565 936 mente,
1589 864 1671 920 aliud
1695 866 1732 921 de
1756 881 1820 922 cor·

102 951 201 1022 (deon.
212 965 274 1020 vin,
292 949 344 1022 12).
359 971 374 1000 u
388 953 484 1022 Atque
496 947 572 1023 ipse,
593 950 655 1006 lrux
668 948 736 1022 ipsa
749 947 807 1006 ait:
828 968 843 999 ι
857 945 936 1004 uuiti
989 962 1062 1020 pore
1074 947 1210 1018 tolerant,
1221 953 1250 1006 et
1261 955 1364 1007 contra
1380 951 1557 1025 semetipsos
1570 952 1703 1025 quotidie
1723 952 1754 1008 in
1774 953 1819 1008 in·

102 1039 255 1113 prophetae
270 1041 299 1094 et
310 1037 384 1110 justi
402 1037 649 1095 desideraverunt
673 1036 774 1093 videre
798 1052 867 1110 quae
890 1035 935 1092 vi·
988 1038 1074 1091 terno
1087 1037 1247 1095 certamina
1267 1039 1423 1096 exsudant.
1449 1043 1517 1098 lure
1539 1055 1611 1111 ergo
1634 1040 1725 1098 vincti
1745 1041 1817 1098 dici-

102 1128 189 1194 detis,
216 1131 245 1185 et
269 1143 332 1184 non
359 1124 499 1184 viderunt
528 1127 648 1184 (Metti.
678 1141 741 1198 ιιιι,
768 1125 822 1198 li).
844 1147 859 1176 ι»
883 1125 934 1182 Se·
988 1139 1065 1191 mur,
1095 1125 1169 1198 quia
1196 1125 1296 1183 adbuc
1322 1127 1473 1184 incassum
1496 1128 1589 1185 nostri
1616 1128 1754 1186 desiderii
1777 1129 1818 1186 ad

101 1215 222 1288 quitur:
987 1215 1085 1273 ileum
1104 1213 1234 1271 liberum
1255 1231 1315 1272 uon
1336 1215 1494 1272 babemus.
1518 1217 1592 1274 Hinc
1618 1215 1726 1275 Pardus
1752 1217 1816 1275 ait:

137 1308 222 1362 Vens.
234 1299 336 1362 'ralia'
345 1305 432 1375 impii
440 1307 661 1362 roccamaura
675 1303 934 1359 tumultu-Coa
988 1323 1003 1350 ι
1019 1302 1112 1375 Cupio
1126 1303 1259 1362 dissolvi.
1274 1311 1302 1360 et
1314 1321 1380 1360 esse
1396 1321 1465 1362 cum
1481 1307 1595 1363 Christo
1612 1306 1815 1380 (erecturus

100 1394 140 1450 da
156 1393 346 1467 peccantium
359 1409 413 1466 per
425 1393 482 1449 hoc
497 1392 580 1466 quod
603 1391 743 1464 strepitus
766 1382 931 1446 desiderio-⁴
988 1391 1060 1446 lireo
1083 1397 1183 1448 autam
1209 1393 1328 1450 vincula
1354 1393 1384 1450 in
1406 1395 1622 1451 resurrectione
1647 1397 1816 1468 rumpenda

99 1499 168 1538 rum
193 1481 336 1555 possidet,
361 1481 461 1553 gravis
480 1479 696 1550 cogitationum
725 1478 931 1549 instigantium
986 1486 1193 1554 conspexerat,
1208 1482 1259 1554 qui
1275 1481 1394 1538 dicabat
1408 1482 1565 1552 gaudeus:
1582 1505 1595 1534 «
1607 1483 1745 1556 dirupisti
1756 1484 1818 1540 vin-

99 1571 247 1628 tumultus
262 1571 379 1644 premit.
396 1571 452 1629 Sed
468 1571 498 1626 in
513 1570 570 1626 hac
585 1569 650 1626 luae
666 1568 828 1626 atumultu
846 1567 931 1642 impii
986 1569 1054 1625 cula
1067 1585 1146 1636 maa,
1161 1593 1176 1620 a
1191 1569 1346 1642 etreliqua
1360 1570 1457 1642 (Paul.
1470 1587 1532 1638 cxv,
1550 1571 1606 1634 lit.
1626 1574 1703 1628 Bene
1716 1575 1817 1628 autem

99 1667 304 1730 cessaverunt,
320 1660 391 1733 quia
414 1660 558 1716 nimirum
582 1659 747 1716 ltiediatoris
766 1658 968 1731 adventumg
986 1655 1102 1727 dicitur,
1118 1660 1269 1731 quondum
1289 1660 1404 1728 vinati;
1431 1659 1503 1732 quia
1526 1659 1601 1716 dum
1623 1659 1675 1716 illa
1698 1675 1818 1734 semper

98 1750 139 1807 ad
155 1751 220 1806 vitre
235 1765 297 1806 suae
321 1749 455 1822 requiem
479 1747 586 1824 populi
600 1745 724 1820 gentiles
740 1745 928 1812 invenerunt,
985 1762 1118 1820 presens
1129 1748 1229 1805 lentitia
1243 1747 1381 1818 cernitur,
1398 1763 1488 1805 omne
1498 1747 1582 1822 quod
1593 1748 1648 1805 erit
1661 1752 1690 1805 et
1700 1747 1814 1818 defluit,

98 1837 191 1896 Paulo
206 1842 362 1896 attestante
381 1837 433 1911 qui
446 1839 502 1896 uit:
527 1835 641 1902 «Quod
662 1835 818 1910 quaerebat
842 1835 931 1892 lsrael
984 1837 1072 1910 quasi
1082 1838 1148 1910 jam
1162 1837 1344 1911 praeteritum
1357 1837 1484 1895 videtur.
1508 1839 1586 1894 Dum
1610 1838 1689 1894 eninr
1714 1851 1816 1895 rerum

97 1926 158 1983 boa
171 1941 234 1982 non
248 1931 293 1982 est
302 1932 491 1996 consecutus,
516 1924 620 1980 electio
644 1929 746 1982 autem
769 1927 930 1980 consecuta
985 1925 1052 1981 linis
1066 1926 1236 1994 attenditur,
1252 1941 1342 1982 omne
1355 1926 1439 1999 quod
1460 1926 1591 1999 preaterii
1612 1927 1700 2000 quasi
1722 1925 1815 1983 inisse

97 2019 147 2072 est
159 2016 254 2084 (Rom.
272 2031 308 2080 ιι,
322 2015 361 2085 7).
376 2037 390 2064 »ι
405 2014 437 2070 ln
451 2014 509 2070 hac
525 2013 591 2069 luce
605 2012 690 2084 impii
705 2015 833 2077 cessant,
857 2009 932 2067 dum
985 2019 1138 2086 pensatur.
1156 2015 1312 2088 Sequitur:
1327 2016 1397 2072 Nou
1412 2017 1614 2072 conuitiorum
1631 2031 1729 2074 vocem
1742 2031 1815 2074 eao-

94 2117 314 2177 perversorum
348 2105 464 2158 mentes
489 2101 610 2157 veritate
639 2099 758 2171 cognita
781 2097 933 2156 laboriosa
987 2103 1076 2159 cteris·
1091 2107 1146 2160 sui.
1159 2137 1192 2145 -
1207 2107 1332 2161 Exactor
1346 2103 1394 2161 ille
1409 2104 1600 2178 importunus
1623 2111 1668 2162 est
1690 2121 1815 2179 persua·

95 2189 209 2248 mundi
233 2189 382 2246 desideria
403 2188 531 2260 lugiunt,
555 2195 583 2244 et
607 2185 812 2260 tranquillitati
836 2185 933 2243 intimi
987 2206 1047 2259 sor,
1061 2193 1115 2265 qui
1126 2192 1262 2249 humano
1276 2193 1376 2264 generi
1389 2193 1483 2249 semel
1496 2194 1816 2268 nummumdaceptio·

96 2278 195 2336 moris
209 2277 414 2350 acquiescunt,
435 2277 520 2345 ilinc,
536 2277 602 2350 ipsa
627 2279 688 2332 Lux
712 2276 775 2332 ait:
801 2297 815 2324 ι
832 2275 932 2332 Venite
987 2280 1032 2335 nis
1048 2279 1181 2341 contulit.
1204 2284 1233 2336 et
1255 2279 1296 2336 ob
1316 2280 1374 2336 boc
1387 2281 1529 2353 quotidie
1553 2287 1691 2355 expetere
1712 2284 1816 2338 mortis

95 2366 137 2424 ad
153 2381 202 2422 me
216 2380 324 2422 omnes
338 2364 392 2438 qui
401 2364 543 2422 laboratis
558 2370 586 2420 et
600 2363 714 2420 onerati
739 2363 819 2431 estis,
834 2369 930 2434 elego
985 2368 1120 2425 debiturn
1136 2383 1197 2424 non
1212 2368 1336 2425 desistit.
1352 2369 1392 2425 De
1416 2369 1473 2424 hoc
1498 2369 1610 2425 Veritas
1632 2369 1704 2426 dicit
1720 2388 1726 2426 :
1752 2391 1766 2421 ι
1782 2371 1817 2427 nt

95 2455 231 2512 reficiam
247 2471 311 2512 vos.
326 2454 426 2512 Tollite
442 2455 551 2527 iugum
574 2470 677 2510 meum
701 2467 790 2528 super
813 2469 876 2524 vos,
902 2457 931 2510 et
981 2456 1076 2528 judex
1089 2457 1185 2513 tradet
1201 2462 1227 2514 te
1242 2456 1373 2513 exactori
1388 2459 1470 2529 (Luc.
1486 2473 1537 2528 rur,
1553 2458 1608 2528 58).
1622 2479 1635 2508 u
1649 2457 1745 2528 Hujus
1755 2475 1815 2515 vox

96 2545 201 2602 discite
216 2561 236 2602 a
251 2560 308 2615 mc,
325 2544 398 2618 quia
411 2543 491 2602 mitis
505 2561 574 2601 sum
598 2549 627 2600 et
649 2543 772 2600 humilis
786 2542 886 2612 eorde,
902 2548 931 2600 et
984 2553 1029 2603 cst
1039 2547 1160 2604 tentatio
1177 2547 1292 2602 miserae
1307 2546 1517 2618 suggestionis.
1532 2547 1626 2619 Hujus
1640 2563 1744 2604 vocem
1759 2563 1814 2604 au·

96 2634 256 2692 invenietis
276 2634 412 2707 requiem
437 2633 597 2690 animabus
626 2633 730 2690 resins
751 2631 872 2700 (Malta.
887 2649 927 2700 ιι,
983 2633 1084 2691 dirnus
1107 2651 1176 2692 cum
1188 2635 1348 2692 bambone
1363 2635 1531 2710 pulsamur,
1548 2635 1674 2693 sednon
1689 2635 1814 2694 exaudi-

97 2727 203 2793 me).
222 2745 236 2774 a
252 2723 411 2796 Sequitur:
428 2723 697 2794 lbirequieoerunt
720 2722 793 2792 sessi
812 2722 927 2779 robore.
983 2740 1052 2780 mus
1069 2741 1138 2780 cum
1152 2724 1274 2780 tentanti
1299 2725 1475 2782 resistimus.
1500 2725 1592 2798 Gaius
1613 2741 1719 2782 vocem
1740 2727 1815 2798 justi

98 2843 134 2854 -
147 2813 258 2869 Omnes
278 2811 359 2868 enim
381 2810 431 2884 qui
453 2811 482 2866 in
508 2810 565 2868 hoc
589 2809 705 2868 mundo
733 2810 824 2866 fortes
848 2813 927 2878 sunt,
983 2828 1045 2868 nou
1060 2812 1266 2884 exaudierunt,
1282 2813 1420 2886 quinimo
1432 2814 1653 2883 suggestionem
1663 2815 1739 2886 ejus,
1752 2820 1780 2872 et
1790 2815 1814 2872 si

96 2900 306 2975 quasirobore
321 2901 413 2958 fortes
428 2904 508 2979 sunt,
534 2915 594 2956 non
612 2898 853 2958 roboredelessi.
874 2897 930 2964 Qui
984 2901 1111 2957 audiunt
1136 2915 1205 2955 cum
1234 2903 1394 2967 tentantur,
1422 2917 1484 2956 non
1511 2906 1613 2958 tamen
1638 2903 1814 2976 exaudiunt,

97 3005 171 3046 vero
183 2989 214 3046 in
228 2989 363 3048 Auctoris
376 2989 423 3045 sui
438 3003 542 3044 amore
555 2987 746 3054 roborantur,
759 3003 820 3060 quo
832 2985 929 3057 magis
944 3018 965 3075 c
984 2989 1057 3062 quia
1071 2988 1239 3044 consentire
1250 2993 1455 3044 contemnunt.
1474 2989 1612 3062 Sequitur
1628 3007 1635 3046 :

95 3078 128 3136 in
142 3078 301 3151 concupita
314 3076 544 3134 Deiiortitudiue
554 3075 779 3146 convalescunt,
790 3090 852 3133 eoa
862 3090 930 3148 pro·
1019 3080 1104 3133 Veas.
1126 3081 1165 3134 re.
1184 3078 1301 3133 Parvus
1311 3082 1339 3133 et
1350 3091 1478 3148 magnus
1492 3077 1536 3133 ibi
1556 3083 1637 3148 suut,
1663 3083 1692 3133 et
1713 3093 1816 3134 aarum

96 3168 165 3240 pria
175 3167 282 3224 virtute
297 3166 449 3224 deliciunt.
462 3164 534 3222 ilinc
546 3165 704 3222 Psalmlsta
714 3164 755 3222 ait
769 3182 775 3220 :
790 3187 804 3214 «
821 3162 930 3221 Deiecit
985 3166 1300 3222 tiberodominosuo.
1314 3197 1348 3204 —
1364 3164 1439 3232 Quia
1453 3165 1484 3220 in
1506 3165 1563 3220 bac
1582 3164 1642 3221 rita
1665 3163 1754 3221 nobis
1773 3170 1817 3223 ast

95 3256 127 3314 in
144 3255 274 3312 salutme
290 3261 373 3314 tuum
387 3254 490 3312 anima
503 3269 570 3312 mea
583 3255 678 3323 (Psoi.
695 3269 791 3325 curru,
807 3254 882 3326 8l).›»
897 3255 930 3308 Et
983 3255 1121 3312 discretio
1134 3269 1272 3326 operum,
1288 3254 1343 3310 erit
1356 3253 1387 3310 in
1400 3252 1451 3310 illa
1463 3253 1569 3327 procul
1590 3251 1684 3310 dubio
1707 3253 1817 3312 discre-

93 3360 242 3401 rursum:
259 3366 274 3395 ιι
288 3343 463 3417 concupivit
485 3343 587 3400 anima
612 3358 690 3414 mea,
716 3345 744 3400 el
766 3340 873 3400 deiecit
897 3341 929 3397 in
984 3344 1024 3401 tio
1037 3343 1217 3415 dignitatum
1234 3359 1240 3399 :
1259 3347 1290 3399 ut
1303 3357 1365 3417 quo
1379 3343 1428 3400 bic
1443 3342 1520 3399 alius
1532 3341 1626 3401 alium
1646 3345 1752 3402 merito
1768 3360 1816 3401 su·

93 3431 174 3489 atria
189 3431 305 3490 Domini
322 3432 414 3504 (Psoi.
431 3447 540 3494 ιιιιιιιι,
557 3435 596 3488 lt.
614 3453 628 3482 »
652 3435 692 3488 Aa
716 3431 740 3486 si
764 3434 863 3504 aperta
887 3429 930 3486 di·
983 3437 1077 3508 perat‚
1100 3431 1158 3488 illic
1178 3431 1254 3488 alins
1276 3431 1370 3488 alium
1394 3431 1587 3488 retributione
1612 3433 1813 3490 transcendat.

93 3525 147 3577 cat
162 3538 169 3576 :
187 3519 246 3576 illic
258 3519 376 3594 requies
386 3519 461 3576 lucis
470 3523 652 3588 remunerat,
663 3534 741 3592 quos
752 3518 799 3576 hic
806 3517 930 3576 interius
984 3522 1055 3578 ilinc
1069 3521 1180 3577 Veritas
1196 3519 1236 3576 ait
1253 3537 1259 3575 :
1274 3542 1288 3569 ι
1305 3524 1338 3576 ln
1352 3518 1445 3576 domo
1458 3519 1551 3576 Patris
1568 3519 1628 3576 mei
1641 3521 1815 3578 mansiones

94 3625 237 3666 recreans
251 3613 410 3682 provectus
427 3608 538 3680 fatigat.
548 3607 720 3664 Notandum
731 3606 803 3680 quia
815 3621 876 3664 non
889 3605 930 3663 ait
983 3610 1084 3668 multe
1097 3614 1166 3666 sunt
1188 3611 1288 3678 (doen.
1302 3625 1363 3678 xiv,
1387 3610 1425 3681 2).
1444 3633 1458 3660 »
1481 3609 1553 3666 ilinc
1577 3608 1732 3668 psalmista
1752 3610 1813 3668 ait:

93 3699 125 3754 iu
143 3697 202 3754 hac
213 3697 290 3769 luce,
306 3697 361 3755 sed
372 3697 423 3754 ibi.
440 3699 536 3764 Quam
555 3693 636 3754 enim
649 3697 799 3754 continere
820 3695 929 3752 electos
984 3723 998 3752 «ι
1015 3699 1224 3774 imperfectum
1238 3714 1340 3756 meum
1361 3698 1500 3756 viderunt
1514 3697 1592 3756 oculi
1606 3698 1658 3768 tui,
1683 3702 1711 3756 et
1733 3699 1764 3756 in
1783 3699 1817 3757 ti·

93 3787 254 3861 conspicit,
270 3788 355 3862 quesi
370 3787 471 3844 locum
486 3792 624 3846 nostrum
638 3786 718 3843 banc
733 3803 799 3842 esse
822 3785 928 3858 depre-
983 3789 1039 3845 bro
1061 3794 1112 3844 tuo
1138 3787 1309 3845 scribuntur
1334 3787 1426 3860 (Psoi.
1453 3803 1584 3854 cxxxvur,
1614 3787 1697 3859 16).»
1719 3785 1817 3849 nanta

93 3877 212 3934 bendit.
224 3878 295 3934 ilinc
306 3877 463 3934 Psalmista
473 3877 514 3932 ait
531 3895 537 3932 :
561 3879 628 3932 «Tu
647 3879 747 3932 autem
769 3875 849 3932 idem
865 3875 929 3948 ipsc
984 3877 1064 3934 enim
1077 3877 1122 3934 vis
1138 3877 1169 3932 in
1189 3876 1240 3932 illa
1261 3892 1336 3949 pace
1357 3891 1414 3933 nos
1438 3877 1542 3946 sociat,
1568 3879 1601 3932 ut
1623 3876 1707 3949 quod
1729 3877 1761 3934 in
1784 3893 1815 3935 se

92 3983 139 4032 es,
156 3966 326 4022 etannitui
341 3980 402 4020 non
412 3965 559 4020 deficient.
572 3964 634 4019 Filii
645 3980 798 4020 serrorum
810 3969 930 4020 tuorum
984 3964 1112 4038 quisque
1154 3979 1217 4020 non
1248 3963 1405 4036 acceperit,
1440 3980 1472 4019 se
1510 3963 1662 4036 accepisse
1694 3963 1725 4020 in
1757 3965 1815 4022 alio

91 4056 280 4114 habitabunt
293 4054 388 4124 (Psoi.
405 4069 440 4118 cr,
453 4057 498 4122 28,
509 4055 565 4123 ue).
585 4077 598 4101 a
615 4053 753 4124 Sequitur
769 4070 775 4106 :
986 4051 1121 4108 exsultet.

131 4147 222 4198 Vens.
233 4147 274 4199 t8.
290 4143 331 4197 Et
343 4142 492 4213 quondum
506 4141 598 4196 uincti
611 4142 812 4210 puritersiae
830 4141 933 4196 arcus-

720 4446 891 4536 LlBER
935 4445 1190 4552 QUINTUS.

136 4761 218 4814 Vsus.
234 4763 278 4815 ab.
296 4761 401 4814 Beatus
416 4759 524 4815 etenim
538 4758 593 4814 lob
608 4775 678 4814 cum
703 4773 866 4832 supernam
888 4763 967 4817 ιιι-1)
988 4761 1110 4836 cipiunt,
1124 4767 1153 4820 et
1166 4777 1236 4820 cum
1248 4759 1336 4818 valde
1356 4759 1496 4832 defleant,
1511 4761 1583 4834 quia
1597 4759 1681 4818 tarde
1702 4759 1742 4816 ad
1764 4773 1817 4832 pa·

97 4847 200 4920 quiem
223 4845 444 4920 contemplatus
458 4847 579 4912 diceret,
603 4847 722 4904 Porcus
750 4853 777 4905 et
803 4861 931 4918 ruegnus
986 4850 1074 4906 trium
1084 4850 1220 4920 redeunt,
1232 4849 1357 4906 tolerare
1369 4848 1493 4920 insuper
1501 4847 1625 4905 honoris
1635 4863 1728 4905 onere
1736 4862 1817 4906 com·

97 4935 143 4992 ibi
152 4942 232 5002 saort,
248 4941 275 4992 et
286 4949 389 4992 seruus
405 4935 481 4992 tiber
493 4951 511 4992 u
525 4937 647 4992 domiuo
657 4951 720 4991 stro.
734 4935 814 4991 illico
825 4933 932 5005 adiun-
985 4937 1145 5010 pelluntur.
1161 4937 1299 5010 Sequitur
1311 4955 1318 4995 ε
1329 4938 1443 4994 Eccita
1454 4938 1499 4994 iiie
1510 4937 1601 5009 quiin
1613 4939 1816 4998 emauadine

97 5025 159 5096 git:
177 5026 360 5093 (incredule
377 5031 420 5082 est
435 5027 541 5082 misero
565 5025 643 5082 luxi
666 5057 701 5068 -
726 5029 757 5081 ln
781 5023 931 5097 Scriptura
985 5029 1282 5084 animositati-in
1292 5025 1492 5100 amaritudine
1502 5026 1615 5101 quippe
1626 5027 1735 5085 animia
1745 5033 1816 5087 sunt

97 5129 185 5170 sacra
198 5129 420 5188 nonnunquam
433 5115 507 5172 lucis
524 5113 724 5188 appellatione
737 5113 929 5186 prosperitas,
985 5114 1193 5182 omneselecii,
1202 5114 1275 5188 quia
1284 5113 1391 5189 punire
1403 5113 1503 5171 flendo
1512 5130 1575 5171 non
1584 5115 1735 5185 desinunt,
1745 5131 1814 5190 quae

96 5202 194 5258 noetis
210 5204 445 5260 autemnomine
459 5202 624 5259 adversitas
639 5201 824 5272 designatur.
848 5201 930 5258 Unde
984 5201 1183 5276 deliquerunt,
1198 5202 1246 5260 val
1261 5201 1346 5274 gravi
1366 5217 1398 5260 se
1421 5218 1548 5261 moerore
1572 5201 1718 5268 afficiunt,
1742 5201 1815 5272 quia

97 5295 127 5348 at
140 5307 194 5364 per
210 5291 397 5349 psalmistam
414 5291 543 5348 dicitur:
570 5315 582 5341 a
596 5291 676 5347 Sicut
698 5289 828 5346 tenebrae
853 5290 928 5362 ejus,
984 5291 1073 5362 longe
1088 5292 1148 5348 huc
1172 5308 1189 5350 a
1214 5291 1288 5350 iacie
1308 5291 1475 5350 conditoris
1499 5292 1634 5368 projecti,
1660 5289 1760 5347 adhue
1782 5285 1815 5343 in

97 5382 138 5436 ita
153 5381 294 5438 etlumen
305 5383 370 5454 eius
384 5384 478 5452 (Psoi.
495 5397 630 5451 (xxxxviii,
655 5381 709 5450 ln).
728 5402 741 5430 s
767 5381 829 5436 Lux
849 5380 929 5436 cuim
984 5384 1101 5437 eternae
1114 5380 1218 5453 petrice
1234 5379 1351 5452 gaudiis
1365 5396 1428 5438 non
1440 5385 1520 5438 sunt.
1532 5383 1571 5438 be
1582 5388 1713 5450 quorum
1723 5372 1814 5432 corde

98 5471 215 5525 miseris
226 5472 323 5538 riatur,
334 5467 459 5543 qnando
471 5468 562 5541 biqui
574 5469 715 5526 sublimia
725 5467 929 5541 contemplatr-
983 5470 1059 5526 berre
1074 5484 1127 5544 per
1143 5469 1334 5528 Salomonem
1361 5471 1487 5527 dicitur:
1510 5491 1524 5518 ι
1541 5469 1597 5523 Cor
1621 5461 1706 5536 quod
1731 5463 1815 5522 norit

99 5563 142 5614 tes
156 5575 266 5615 essese
290 5560 321 5616 in
345 5560 403 5616 bac
428 5558 664 5630 peregrinatione
689 5559 816 5616 miseros
838 5573 931 5629 agno·
984 5558 1214 5616 amaritudinem
1224 5549 1732 5628 animaeaua,ingaudioilliusnon
1741 5551 1815 5609 mis-

99 5652 197 5717 scunt,
211 5647 375 5708 claritatem
391 5645 567 5705 transitoria
582 5647 785 5721 prosperitatis
805 5661 866 5707 non
879 5661 929 5705 ac·
984 5646 1097 5706 cabitur
1109 5651 1269 5706 extraneus
1283 5649 1386 5719 (Prov.
1401 5659 1457 5710 ιιι,
1473 5641 1528 5713 ιο).
1545 5662 1559 5692 u
1579 5639 1739 5715 Sequitur:
