4104 6162
240 180 290 237 ddi
766 183 793 238 S.
815 181 944 238 ODONIS
964 179 1114 238 ABBleS
1134 181 1381 241 CLUNIAGENSIS
1400 185 1422 239 ll
1897 185 1948 238 532

173 309 179 315 “
240 303 300 362 met
312 317 377 359 rum
392 303 468 371 eqo?
481 301 566 372 (Gen.
582 318 619 370 ιν,
634 303 674 376 9.)
686 301 731 361 Sic
746 304 859 377 quippe
872 304 902 358 in
913 306 1011 358 mente
1025 317 1071 356 su·
1089 305 1111 359 h
1126 305 1266 376 ott'endat,
1279 307 1301 360 si
1314 309 1442 362 loannes
1458 319 1494 361 eo
1506 304 1572 378 ipso
1587 307 1709 378 propter
1734 303 1881 362 Christum
1904 319 1950 360 oc-

239 393 356 470 perbis,
370 392 445 448 sicut
457 393 488 448 in
501 393 596 450 ocrdis
610 394 706 467 caligo
732 398 900 466 generatur.
916 397 991 451 Nam
1010 407 1071 465 quo
1126 393 1238 465 curbuil,
1253 396 1325 468 quia
1339 395 1473 452 videlicet
1488 411 1542 468 pro
1563 393 1681 452 veritate
1705 399 1832 450 mortem
1857 391 1951 450 incur·

240 479 330 540 latius
345 480 441 552 caligo
457 497 489 538 se
503 481 617 551 dilatat,
632 499 668 541 eo
682 484 888 542 vehementius
902 483 1000 539 visum
1020 481 1072 538 oh·
1123 482 1171 553 rit,
1185 483 1239 540 iste
1254 484 1358 557 procul
1370 484 1463 540 dubio
1479 483 1629 540 Christum
1646 485 1746 554 negat,
1757 481 1810 556 qui
1824 497 1862 539 ue
1885 497 1950 556 per-

241 573 402 628 scuratdta
418 571 522 626 etlusc
537 571 690 645 paulisper
706 589 852 640 crescens,
869 569 976 627 mentis
1000 585 1070 625 ocu·
1125 587 1232 628 sonam
1256 573 1388 629 offendat
1416 573 1571 628 veritatem
1596 577 1681 628 tacet.
1695 573 1767 627 Ecce
1795 575 1864 644 post
1889 571 1952 627 hac

239 657 338 716 luma
363 657 487 730 spiritali
502 658 650 716 intellectu
666 660 780 729 dividit,
792 666 824 718 ut
852 659 988 732 captivus
1009 657 1071 714 ani·
1124 663 1192 714 ante
1209 660 1312 717 oeulos
1328 661 1487 717 homiuum
1503 659 1685 718 Christianus
1700 663 1755 726 est,
1771 659 1824 716 sed
1851 658 1875 714 si
1897 657 1954 714 dis-

240 763 309 806 mus
319 747 398 804 hauc
414 751 442 803 et
453 751 515 821 pati
529 751 633 821 possit,
649 753 678 806 et
690 744 721 805 in
732 765 763 806 se
778 749 878 806 videre
888 763 950 805 ιιοιι
964 746 1067 820 possit.
1123 748 1205 808 triete
1215 749 1365 822 judicetur
1380 755 1448 806 ante
1465 753 1567 818 iteum,
1579 750 1644 822 jam
1659 765 1719 806 ιιοιι
1731 752 1784 806 est.
1797 747 1953 814 Quoride-

241 835 1069 912 Quiaveroanimasemelvoluutarielapsanunquam
1122 835 1437 894 licetlibromultade
1467 837 1608 894 ministris
1630 837 1719 894 etiarn
1749 834 1885 894 Ecclesiae
1910 835 1956 892 di-

240 925 299 985 illio
312 927 411 998 jacere
425 926 605 1000 permittitur
619 944 680 1001 quo
695 928 832 1001 primitus
851 927 940 997 cadit,
964 927 1017 982 sed
1030 925 1069 982 ad
1123 931 1241 992 cuntur,
1258 943 1392 1000 perque
1407 930 1435 983 et
1451 927 1570 984 Balaam
1597 931 1626 984 et
1647 925 1765 984 lezabel
1789 925 1900 982 imitari
1928 927 1957 981 et

242 1015 380 1088 graviora
407 1015 584 1073 detrimenta
620 1021 702 1073 tanto
738 1017 918 1090 profundius
944 1015 1068 1090 proruit,
1124 1015 1293 1072 antichristi
1309 1015 1452 1072 membris
1470 1016 1546 1072 uuiri
1565 1014 1811 1088 comprobantur.

241 1108 356 1179 quanto
378 1103 530 1174 longiusa
550 1105 715 1162 conditoris
731 1105 896 1161 bumilitate
924 1104 1068 1160 discedit:
1160 1104 1229 1162 xlx.
1248 1107 1282 1162 Ut
1297 1110 1397 1161 cutem
1414 1105 1451 1161 ad
1466 1104 1580 1177 aliquid
1597 1104 1654 1160 tale
1671 1103 1836 1170 veniamne,
1848 1101 1878 1158 iu
1895 1117 1957 1175 quo

241 1192 352 1251 ideirco
366 1193 437 1249 tales
448 1193 529 1265 justo
545 1193 595 1250 liei
620 1194 733 1266 judicio
757 1194 958 1262 obcaecantur,
974 1199 1007 1249 ut
1031 1193 1071 1249 ad
1124 1194 1274 1264 persimile
1300 1193 1412 1250 laetum
1433 1210 1497 1250 esse
1520 1193 1591 1250 Cain
1617 1209 1760 1266 sequaces
1789 1191 1957 1248 evidentius

243 1283 309 1354 ejus
323 1287 473 1356 praecepta
487 1282 597 1338 durum
612 1285 641 1339 et
653 1282 827 1338 insensibile
851 1299 903 1338 cor
927 1282 1068 1338 habeant.
1125 1283 1360 1354 manifestentur,
1372 1283 1430 1354 ille,
1443 1287 1474 1340 ut
1485 1283 1598 1340 dictum
1612 1287 1665 1351 est,
1678 1286 1852 1340 monentem
1863 1285 1958 1337 Deum

244 1371 326 1429 Unde
348 1371 524 1429 Psalmista:
541 1372 734 1442 deferantur
745 1372 864 1441 judic-ru
889 1377 941 1428 tac
956 1386 975 1428 e
991 1372 1072 1442 facie
1125 1372 1228 1428 audire
1242 1373 1354 1429 noluit:
1369 1373 1417 1428 isti
1430 1389 1532 1429 servos
1545 1373 1609 1444 ejus
1624 1376 1652 1429 et
1675 1377 1804 1428 rectores
1826 1373 1960 1428 contem-

243 1464 308 1532 ejus
321 1461 415 1532 (Pscl.
426 1477 455 1528 x,
473 1461 509 1532 5).
526 1463 656 1529 Exerces,
670 1459 766 1532 inquit
790 1458 890 1528 isaias,
903 1475 954 1514 cor
968 1457 1072 1531 populi
1125 1467 1210 1529 nunt,
1226 1463 1287 1518 imo
1314 1463 1413 1536 ipsum
1438 1462 1589 1536 peripsos,
1607 1461 1723 1518 sicutin
1741 1461 1836 1534 ipsius
1857 1458 1959 1516 verbis

242 1550 344 1622 huius,
356 1565 417 1622 quo
433 1553 536 1604 conua
548 1547 586 1603 de
612 1547 776 1605 humilibus
804 1547 930 1606 dicitur:
960 1549 1071 1604 Beatus
1126 1551 1301 1620 ostenditur,
1317 1551 1461 1608 dicentis:
1490 1551 1547 1620 Qui
1570 1567 1619 1608 vos
1643 1551 1728 1608 credit
1748 1566 1794 1607 me
1821 1547 1917 1616 eradit,
1930 1555 1958 1604 et

243 1639 353 1710 otrqm'
364 1653 479 1707 seraper
505 1642 547 1693 est
567 1637 696 1706 pavidas
719 1637 821 1706 (Prae.
838 1651 935 1702 ιιιιιίιι,
952 1637 1005 1708 ιι).
1020 1639 1072 1691 Per
1090 1641 1179 1720 chi
1193 1643 1366 1710 casaperntt
1380 1655 1427 1696 me
1441 1641 1554 1710 sperate
1566 1641 1649 1708 (Luc.
1666 1655 1696 1708 x,
1715 1639 1767 1710 tlt).
1787 1637 1842 1704 Qui
1866 1637 1960 1693 etiam

243 1723 1073 1797 hanoitaqueduritiamquamidcircoiucurruut,quia
1128 1728 1265 1799 ejusdem
1299 1728 1464 1784 rectoribus
1506 1731 1683 1800 potestatem
1723 1724 1837 1796 ligandi
1868 1729 1960 1796 atque

244 1817 457 1885 cognoscentes
474 1816 576 1882 ileum,
593 1829 652 1869 ιιοιι
677 1813 753 1868 sicut
776 1815 870 1868 iteum
890 1813 1073 1883 glorificave-
1128 1816 1308 1873 soli-'endiiu
1337 1833 1469 1890 persona
1483 1815 1564 1872 beati
1588 1817 1662 1872 Petri
1691 1814 1959 1886 concessitquam

243 1907 323 1973 runt,
338 1903 452 1959 manda
466 1901 532 1974 ejus
561 1902 761 1970 observando,
773 1903 1026 1973 itcdestruuntur,
1041 1906 1074 1959 ut
1127 1906 1169 1962 ita
1184 1905 1373 1962 confirmavit
1389 1905 1504 1962 utalias
1519 1907 1644 1962 diceret:
1662 1907 1705 1962 De
1723 1906 1805 1961 omiti
1827 1919 1861 1960 re
1887 1919 1961 1975 quu-

243 1993 513 2053 amittantaeorde
535 1993 748 2064 innocentiam,
765 1994 804 2050 ah
831 2010 882 2050 ore
912 1995 1073 2068 rer-itatem,
1129 2012 1246 2068 carieque
1260 1997 1318 2052 drea
1333 2011 1371 2052 ea·
1395 1995 1475 2052 echis
1498 1995 1699 2052 consenseriut
1720 2007 1810 2062 super
1833 1999 1959 2060 terrum,

244 2083 284 2141 ab
299 2100 388 2157 opere
400 2084 590 2156 justitiam‚a
615 2097 704 2140 carne
724 2083 949 2142 eorztinentiant.
966 2084 1005 2140 ah
1032 2084 1073 2138 in·
1127 2087 1177 2156 fiet
1192 2087 1253 2142 illis
1274 2101 1291 2141 (ι
1318 2087 1411 2142 Patre
1435 2101 1497 2141 meo
1521 2085 1639 2150 [Mettis.
1657 2100 1737 2152 xvur,
1765 2072 1817 2154 te).
1835 2081 1893 2136 Sed
1919 2082 1960 2137 oh

245 2171 361 2230 tellectu
389 2171 458 2230 lidel
482 2171 667 2242 religionem.
685 2175 762 2228 Deus
790 2174 870 2228 enim
896 2173 1075 2244 cleclignatur
1128 2175 1185 2230 hoc
1200 2173 1333 2231 sortcncl
1353 2173 1677 2230 excommunicationes
1700 2177 1865 2246 pastorum,
1882 2185 1960 2244 quas

244 2278 313 2320 cum
329 2262 469 2336 superbia
484 2261 549 2318 coli.
568 2261 650 2318 Unde
664 2262 733 2318 ethi
757 2262 787 2318 in
800 2262 861 2318 suis
878 2261 1074 2318 immunditiis
1129 2263 1167 2317 ad
1183 2262 1433 2335 compescendam
1448 2277 1609 2334 pravorum
1636 2261 1781 2318 malitiam
1804 2259 1960 2324 adhibent,

244 2351 349 2408 merito
376 2351 525 2425 superbire
553 2350 669 2407 dimissi
696 2350 853 2406 diabolicis
884 2349 1075 2406 suasionibus
1129 2352 1174 2408 vel
1202 2351 1422 2408 arimouitiones
1447 2357 1652 2418 contemnunt,
1681 2351 1754 2424 quia
1776 2350 1867 2406 vitam
1893 2349 1961 2405 illo-

244 2441 285 2498 ιιι
299 2439 361 2497 ratri
382 2440 602 2514 permittuntur,
619 2443 651 2494 ut
665 2439 754 2496 etiam
770 2440 809 2495 ad
825 2438 982 2512 perfidiam
1003 2438 1075 2495 dila·
1128 2459 1195 2498 rum
1210 2439 1445 2513 reprehendunt·
1462 2440 1545 2514 quod
1560 2441 1699 2512 equidem
1714 2440 1820 2510 ingens
1835 2439 1962 2495 scanda-

244 2529 364 2585 hantur.
383 2531 440 2585 llos
462 2527 595 2584 deiectus
619 2527 658 2582 ah
684 2527 798 2583 eisdem
822 2527 960 2598 malignis
989 2526 1075 2598 spiri·
1128 2531 1192 2586 lum
1218 2530 1389 2603 quibusque
1417 2529 1590 2586 illusoribus
1624 2530 1747 2602 praehet.
1776 2529 1833 2586 Sed
1857 2533 1962 2602 pastor

245 2616 325 2674 tibus
340 2617 449 2672 sensim
473 2621 665 2688 perstructos,
681 2615 848 2687 psalmista,
864 2616 1074 2671 demonstraus
1129 2625 1158 2676 et
1181 2619 1339 2692 episcopus
1364 2619 1534 2675 animarum
1558 2625 1729 2675 nostrerum
1754 2617 1885 2675 Christus
1899 2633 1961 2674 non

247 2721 283 2762 ex
295 2719 368 2761 voce
382 2704 600 2761 destruentium
616 2704 808 2772 Hierusalem,
821 2704 874 2761 ait:
898 2705 1073 2775 Ericentte,
1130 2713 1173 2764 est
1186 2707 1435 2778 contemnendus,
1447 2707 1498 2780 qui
1510 2708 1540 2762 in
1549 2707 1594 2763 his
1610 2706 1739 2773 auditur,
1752 2709 1780 2763 et
1794 2705 1961 2762 contemui-

247 2793 400 2850 eer'canr'te
421 2806 514 2866 resque
538 2793 579 2848 cd
597 2792 830 2864 laudamentum
853 2792 947 2863 (l’scl.
962 2807 1074 2862 cxxxvr,
1130 2801 1187 2866 tur,
1198 2796 1248 2868 qui
1265 2796 1340 2850 sicut
1355 2795 1513 2867 praesciens
1528 2793 1696 2850 futurorum
1719 2793 1788 2850 lruic
1803 2793 1963 2850 temeritati

247 2883 285 2958 7).
310 2881 552 2940 Fundamentum
578 2882 658 2939 enim
691 2885 736 2939 est
761 2881 848 2950 fides,
878 2883 949 2956 quia
986 2898 1076 2955 super
1130 2883 1961 2953 contemptorumobviutdicens:Qaoeceuqaedirerr'ut

246 2973 326 3030 hanc
354 2971 436 3028 hona
463 2986 555 3045 opera
579 2975 802 3030 construuntur.
821 2974 976 3028 Perversos
1004 2987 1075 3042 ergo
1096 3019 1116 3075 C
1130 2977 1222 3045 orbis,
1237 2981 1354 3032 seruate
1367 2980 1393 3030 et
1406 2974 1501 3044 facite
1516 2973 1728 3044 (Marthama,
1744 2977 1782 3040 3).
1799 2975 1831 3028 ut
1847 2977 1877 3028 ut
1904 2973 1962 3028 hoc

247 3059 368 3137 spiritus
394 3061 510 3119 virtutis
537 3061 694 3118 munimen
721 3075 818 3134 usque
837 3061 874 3116 ad
900 3059 1077 3118 fundamen·
1130 3063 1303 3131 inieramus,
1320 3063 1388 3136 quis
1401 3064 1487 3136 pejor
1501 3077 1593 3134 quam
1605 3062 1743 3134 Caiphae,
1756 3061 1856 3134 quide
1868 3061 1962 3118 Chris

247 3157 312 3211 tum
327 3151 495 3209 exinanisse
521 3155 574 3220 est,
595 3165 699 3208 everso
726 3149 802 3206 bene
830 3149 948 3206 vivendi
975 3167 1075 3224 opere.
1131 3151 1383 3225 toprophetavitt
1398 3151 1512 3208 Scilicet
1526 3151 1578 3224 qui
1593 3150 1782 3224 prophetiam
1805 3149 1886 3206 unde
1899 3165 1961 3206 me-

247 3241 337 3298 etiam
349 3256 368 3296 ι
381 3240 524 3297 cordibus
535 3239 693 3295 hominum
707 3237 881 3294 roburfldei
904 3237 1075 3311 dissipasse.
1131 3241 1231 3312 ruerit,
1247 3245 1367 3298 sanctus
1382 3239 1565 3310 evangelista
1593 3245 1761 3296 monstrare
1782 3239 1904 3306 studuit,
1919 3239 1962 3295 di·

248 3329 321 3387 ilinc
334 3329 494 3384 ieremias:
524 3326 1079 3400 constupraverantte,iuquit,osque
1131 3347 1220 3387 cens:
1237 3332 1394 3387 decresset
1415 3329 1565 3400 pontifex,
1582 3329 1776 3400 prophetarit
1805 3329 1904 3396 (decc.
1920 3345 1959 3398 ιι,

248 3417 290 3475 ad
303 3418 440 3474 verticem
452 3416 521 3488 (Jer.
537 3431 567 3484 u,
584 3413 803 3487 etheredus
823 3415 1018 3471 exterioribus
1032 3432 1079 3473 ac·
1132 3423 1186 3492 tit).
1197 3419 1267 3478 Saul
1280 3435 1331 3476 rex
1342 3418 1454 3492 impius
1471 3425 1500 3474 et
1518 3419 1673 3491 reprobus,
1690 3435 1759 3474 cum
1788 3417 1961 3491 preciperet

248 3504 338 3572 tibus,
354 3503 442 3578 quasi
466 3505 505 3562 ab
529 3503 719 3561 inferioribus
740 3501 894 3571 membris,
918 3519 1012 3577 usque
1039 3505 1078 3561 ad
1131 3525 1168 3565 ne
1185 3508 1358 3582 quisdonec
1372 3511 1448 3563 esset
1462 3507 1627 3580 complecta
1639 3507 1760 3563 victoria
1770 3506 1958 3573 comedisset,

249 3591 455 3650 celsitudinem
469 3591 549 3660 fidei,
566 3607 634 3666 quae
652 3595 697 3648 est
719 3591 810 3647 totius
836 3591 951 3648 virtutis
973 3591 1079 3649 lunda·
1131 3596 1374 3654 lonathasetiam
1387 3597 1531 3668 iussionis
1545 3595 1663 3651 nescius
1685 3595 1843 3668 pardulum
1865 3595 1958 3652 mellis

249 3684 396 3753 mentum,
411 3679 574 3753 polluendo
589 3685 800 3754 pervenerunt.
1132 3689 1289 3759 gustasset,
1306 3701 1376 3742 mox
1392 3685 1511 3741 divinus
1526 3685 1610 3741 lavor
1622 3685 1663 3741 ita
1677 3685 1848 3741 subtractus
1862 3689 1915 3754 est,
1929 3689 1960 3740 ut

285 3769 376 3827 Xl'lll·
392 3769 507 3843 Quique
528 3769 602 3826 tales
629 3769 702 3826 forte
718 3783 779 3825 uon
799 3769 949 3842 patientur
964 3770 1077 3838 audire,
1132 3775 1253 3832 victoria
1275 3774 1393 3847 penitus
1405 3773 1654 3830 intermitteretur.
1672 3773 1767 3838 Quam
1782 3773 1959 3844 indignatio-

249 3857 333 3934 quod
351 3859 443 3916 fidem
456 3858 661 3934 perdiderunt.
675 3859 731 3915 Sed
755 3858 892 3932 nunquid
911 3857 1003 3915 fidem
1027 3861 1080 3916 ha·
1132 3880 1202 3920 nem
1218 3879 1305 3919 suam
1316 3861 1426 3918 ideirco
1443 3865 1519 3918 Deus
1534 3867 1604 3918 tunc
1619 3861 1721 3935 palam
1733 3861 1811 3932 fecit,
1821 3868 1854 3918 ιιι
1867 3877 1959 3936 quau·

249 3949 319 4007 here
342 3949 461 4007 dicendi
487 3953 566 4020 sunt,
582 3949 634 4023 qui
655 3950 809 4023 proximos
833 3951 1079 4022 persequuntur?
1132 3960 1234 4028 tepere
1257 3953 1287 4008 in
1311 3955 1483 4024 contemptu
1510 3955 1658 4008 rectorum
1684 3951 1864 4022 offendatur,
1881 3951 1959 4006 deiu-

249 4054 319 4098 cum
333 4039 439 4097 doctor
461 4040 595 4112 gentium
619 4037 716 4096 dieat:
745 4038 803 4107 Oui
823 4040 950 4110 neptipit
975 4053 1078 4096 curam
1133 4060 1203 4116 ceps
1217 4059 1271 4117 per
1283 4057 1373 4098 omne
1389 4039 1534 4098 saeculum
1549 4041 1672 4110 intelligi
1700 4047 1811 4114 posset.
1834 4045 1908 4098 tiam
1933 4044 1960 4096 et

243 4129 466 4202 momorum.
478 4131 567 4200 fidem
581 4130 701 4200 ueratri!
716 4130 746 4201 (Ι
756 4129 828 4185 Tim·
847 4145 873 4191 ι,
890 4131 926 4200 8).
943 4131 975 4184 Et
1002 4134 1079 4185 cette
1132 4133 1226 4190 tardas
1237 4131 1566 4206 proditoroumcreteris
1578 4130 1960 4204 Christidiscipulisdremo

248 4217 336 4292 pejus
349 4221 394 4274 est
407 4217 511 4274 fratres
532 4218 712 4291 opprimere,
726 4233 818 4290 quam
848 4232 951 4272 eorum
974 4233 1077 4272 euram
1132 4222 1183 4278 nia
1196 4221 1330 4290 fugabat,
1344 4219 1426 4294 quod
1438 4219 1467 4274 in
1486 4219 1563 4274 libro
1577 4219 1769 4291 epistolarum
1787 4219 1883 4275 sancti
1895 4221 1959 4274 Cre·

248 4305 408 4377 negligere.
424 4305 518 4362 ludex
533 4321 654 4380 quoque
676 4305 835 4362 hominum
859 4305 1014 4377 quomodo
1036 4322 1080 4361 rc·
1133 4311 1286 4381 gorii,etiu
1297 4325 1434 4365 sermone
1445 4308 1578 4364 decruce
1589 4308 1960 4382 sanctiloannisChrysos-

248 4393 389 4468 probavit
402 4411 455 4450 008
469 4395 521 4468 qul
537 4400 569 4450 ιιι
583 4395 709 4450 canibus
724 4393 771 4449 Vel
786 4393 872 4466 equis
897 4393 981 4449 cibOS
1006 4365 1116 4467 prot-D
1133 4401 1206 4457 tomi
1220 4398 1402 4474 perhibetur.
1418 4397 1507 4468 igitur
1520 4397 1650 4471 Caiphcs
1672 4402 1794 4470 propter
1810 4397 1959 4470 pontifica-

248 4485 399 4556 pararent,
414 4483 526 4538 Victum
541 4482 683 4556 pauperis
704 4498 757 4555 per
782 4479 924 4538 sudorem
949 4483 1078 4556 aequisi-
1132 4486 1559 4560 tushouoremprophctavit;
1589 4485 1714 4542 etillam
1738 4485 1834 4543 Saulis
1854 4486 1959 4557 jussio

248 4577 313 4630 tum
326 4573 482 4643 auferunt;
499 4572 597 4629 stilles
611 4571 643 4628 in
657 4576 801 4628 aeternum
816 4571 916 4644 ignem
932 4573 1076 4645 projiciet,

248 4661 301 4738 qui
311 4662 489 4720 esurientem
501 4677 562 4720 nou
572 4659 697 4720 cibant?
711 4663 824 4718 namet
837 4665 922 4736 pater
943 4661 1079 4732 Augusti·

247 4765 306 4809 nus
317 4751 349 4808 in
364 4751 595 4826 Epistolasancti
610 4747 732 4808 loannis
747 4749 836 4806 dicit:
860 4749 991 4808 Christus
1010 4765 1077 4824 pro·

1132 4593 1201 4634 nem
1218 4576 1257 4632 ab
1272 4577 1428 4646 ignorante
1440 4574 1508 4630 licet
1519 4579 1723 4647 contemptam
1737 4574 1813 4630 adeo
1825 4574 1957 4630 vindica-

1133 4667 1183 4730 vit,
1198 4671 1230 4722 ut
1241 4665 1383 4721 louathas
1396 4663 1500 4719 mortis
1516 4663 1693 4748 senteutiam
1715 4663 1889 4730 incurreret,
1905 4663 1958 4718 nisi

1132 4755 1221 4812 totius
1236 4754 1340 4827 populi
1355 4753 1528 4810 aru-toritate
1543 4751 1728 4808 liberaretur.
1745 4756 1903 4809 llaemones
1921 4751 1958 4808 ob

247 4841 314 4914 pter
325 4839 420 4897 solam
432 4839 834 4898 charitalemincarnevenit
845 4857 851 4908 ;
863 4837 917 4912 qui
927 4855 997 4910 ergo
1010 4841 1079 4896 cha·
1131 4843 1326 4900 reverentiam
1340 4842 1431 4898 divini
1449 4841 1579 4897 nominis
1594 4841 1632 4896 ah
1647 4841 1715 4914 ipso
1731 4857 1786 4897 suo
1815 4841 1958 4914 complice

246 4928 365 4986 nutem
379 4945 440 4985 non
454 4929 556 4997 habet,
571 4929 719 4988 Christum
734 4935 825 5000 negat
836 4927 867 4984 in
880 4929 1076 4986 caraevenis·
1131 4931 1323 5002 fugabantur.
1339 4931 1413 4986 Cum
1426 4947 1497 4986 vero
1510 4931 1564 4986 ista
1585 4930 1625 4986 ita
1642 4929 1710 5002 siut,
1730 4931 1860 4988 viderint
1887 4929 1956 5004 quid

248 5029 290 5074 sc.
307 5015 382 5074 Sunt
394 5016 605 5092 plurimaque
618 5019 768 5092 quosdam
790 5019 821 5076 lu
843 5017 975 5075 Ecclesia
990 5033 1077 5074 eons-
1131 5020 1251 5089 iaciant,
1270 5019 1322 5092 qui
1337 5023 1471 5092 pastores
1486 5019 1575 5075 etiam
1591 5019 1655 5075 sine
1668 5019 1726 5075 fide
1742 5020 1847 5075 Christi
1862 5021 1958 5076 viven-

246 5105 348 5165 titutos
367 5105 503 5164 infideles
522 5123 586 5164 essc
612 5107 828 5165 demonstrant.
846 5111 1007 5164 Personam
1027 5123 1077 5180 po·
1131 5114 1174 5166 tes
1199 5108 1376 5183 despiciunt.
1394 5094 1429 5165 Ut
1455 5107 1536 5165 enim
1564 5107 1605 5164 ita
1629 5107 1766 5178 dixerim,
1783 5109 1956 5166 audaciores

246 5196 334 5254 tontis
347 5197 388 5254 ita
409 5196 544 5272 plerique
569 5195 729 5273 accipiunt,
743 5202 776 5254 ut
800 5210 854 5271 pro
884 5197 950 5270 ejus
975 5195 1077 5252 lavore
1132 5201 1201 5254 sunt
1215 5213 1308 5271 quam
1324 5197 1487 5253 demones.
1506 5213 1510 5219 ’

244 5297 351 5344 vorum
367 5287 396 5344 in
412 5301 507 5345 causa
520 5287 650 5362 proximi
662 5291 782 5358 negent.
797 5289 831 5342 Et
844 5285 918 5360 quid
939 5289 983 5341 est
1004 5285 1077 5340 veri·
1166 5287 1232 5342 XX.
1247 5286 1302 5354 Qui
1317 5289 1345 5342 et
1359 5287 1382 5342 si
1402 5283 1650 5362 reprehensibiles
1675 5289 1753 5354 sunt,
1770 5291 1803 5342 ut
1828 5286 1858 5344 in
1883 5285 1955 5342 libro

244 5377 302 5447 ιιι,
328 5376 385 5433 nisi
413 5375 544 5434 Christus
571 5377 622 5450 qui
645 5375 707 5434 ait:
739 5375 804 5450 Epo
827 5391 892 5432 sum
930 5375 1077 5432 vemas?
1129 5393 1188 5433 xxv
1201 5375 1353 5433 Moralium
1369 5375 1548 5448 disputatur,
1565 5391 1677 5446 magua
1695 5373 1812 5432 cautela
1832 5375 1955 5431 subditis

245 5459 604 5538 (loen.x1v,tt.)loannes
621 5475 683 5522 non
693 5465 731 5522 de
752 5463 942 5522 confessicae
958 5462 1073 5530 Christi,
1129 5465 1297 5524 cavendum
1309 5469 1402 5536 estne
1410 5464 1500 5520 vitam
1509 5480 1613 5520 eorum
1618 5464 1753 5535 judicare
1761 5467 1945 5537 presumant

246 5548 469 5623 eeddejustltire
478 5554 767 5630 veritaterequisitus
776 5553 926 5611 occubuit.
935 5551 1074 5626 Quisquis
1129 5554 1245 5611 liabent
1264 5553 1396 5624 iudicem
1413 5567 1501 5608 suum
1528 5555 1630 5620 ileum,
1647 5553 1698 5626 qui
1720 5568 1776 5625 per
1797 5553 1954 5623 magistros

243 5653 319 5714 ergo
329 5643 483 5705 veritatem
493 5643 604 5704 idcirco
617 5649 718 5716 negat,
727 5659 765 5702 ue
775 5657 937 5719 personam
947 5643 1085 5719 potentis
1128 5643 1251 5720 quidem
1261 5641 1353 5700 vitam
1358 5641 1473 5714 judicat
1480 5641 1623 5717 plebium,
1632 5643 1683 5700 sad
1694 5657 1748 5718 per
1762 5644 1953 5717 semetipsum
