4120 6154
171 167 224 220 {lbi
689 162 717 217 S.
739 163 868 220 ODONiS
887 156 1042 217 uenenis
1062 154 1317 216 atuuueausrs
1338 153 1370 212 tt.
1839 150 1890 206 308

172 302 270 353 suam,
285 286 326 341 sie
339 284 480 354 frigidam
495 283 564 342 tacit
579 286 712 342 nauteam
732 285 845 342 malitie
860 297 913 340 sua
930 283 1002 353 (ru.
1027 282 1049 333 ‚l
1065 277 1226 350 inpotentis
1254 276 1305 332 llei
1319 273 1524 334 misericordia
1538 271 1673 330 oblivisci
1689 271 1754 342 ejus
1774 269 1892 328 dicitas

173 392 200 430 rr
204 379 296 444 ,.»ῑ)
283 376 491 438 ›Ouoconlra
504 374 633 430 charitas
648 373 730 430 calor
740 379 794 441 est,
810 373 862 446 qui
873 370 1008 428 videlieet
1064 365 1115 438 qui
1131 364 1342 438 omnipotentis
1360 362 1566 436 deijustitiam
1582 359 1670 416 luerit
1684 357 1806 430 oblitus,
1822 358 1893 434 qnia

174 469 304 520 mentem
326 463 581 535 namuelitarum
604 463 708 535 replet.
726 467 765 520 lle
784 480 846 535 quo
865 463 1008 533 scriptum
1063 455 1199 527 quisquis
1224 471 1292 509 eunr
1309 469 1389 508 neruo
1409 453 1525 522 justum
1545 465 1607 510 non
1629 449 1722 516 timet,
1746 447 1894 546 posthaee

175 558 259 609 est:‹
277 553 450 610 aliundabit
471 553 623 624 iniquitas,
639 559 667 611 et
687 553 858 622 refrigescet
882 551 1010 608 charitas
1064 543 1196 602 invenire
1216 559 1277 602 nors
1296 542 1374 601 valet
1395 539 1631 600 misericordem
1657 539 1729 604 tina
1749 535 1893 597 minirum

175 642 564 709 multarummultarur,
581 648 662 706 ιιι»
680 638 1010 712 utsunrnounulltqu1
1065 633 1286 691 sententianon
1307 632 1404 690 solum
1429 628 1637 691 eiintenditnr,
1652 627 1706 727 qui
1731 641 1810 684 rerer
1824 623 1895 684 fidei

176 731 250 786 dum
282 731 474 804 iniquitatum
501 748 626 788 suarum
655 733 765 800 frigora
787 731 947 796 declinant,
972 729 1009 786 ad
1065 722 1297 795 praedicamenta
1314 721 1431 790 deserit,
1451 719 1503 776 sad
1518 718 1608 775 etiam
1623 716 1675 790 qui
1692 718 1722 774 in
1741 714 1803 774 fide
1814 717 1896 770 reete

178 837 281 878 reram
299 820 392 878 fidem
413 821 459 878 vel
478 821 517 878 ad
537 822 701 878 sanctitatis
722 823 859 878 habitum
878 821 1009 876 verrium,
1065 812 1180 884 positus
1195 810 1447 880 cttltluliiel't'ivii,
1463 807 1616 882 quieultio
1626 811 1745 865 ffiiel'noe
1755 801 1894 864 animad-

180 908 237 965 Sed
252 908 324 980 quia
346 907 416 979 plus
439 925 531 981 quarn
547 909 670 966 neccsse
683 913 727 965 est
742 909 779 964 de
799 909 860 964 suis
873 908 1011 966 sensibus
1066 901 1209 960 versionis
1234 917 1294 958 non
1311 900 1457 971 evaditur,
1473 903 1571 956 astrum
1586 896 1617 954 in
1629 895 1689 954 fide
1705 909 1745 956 an
1758 893 1895 970 inopere

181 1003 379 1069 praesumunt,
395 998 594 1070 soepeiulide
610 1014 703 1071 quam
719 999 881 1071 accipiunt,
897 1014 1011 1071 eaqrrae
1064 996 1213 1063 peccetur.
1245 989 1391 1062 Sequitur.
1424 987 1557 1044 Dulcedo
1590 986 1674 1044 itlius
1705 998 1828 1042 munes.
1860 1013 1895 1024 -

181 1101 244 1141 non
258 1085 391 1158 capiunt,
407 1087 587 1158 perscrutari
606 1087 712 1146 volunt
726 1092 759 1144 ut
776 1088 891 1146 ratione
916 1087 1012 1156 meraris
1066 1078 1204 1151 Quisquis
1219 1080 1248 1139 in
1264 1079 1320 1134 hoe
1333 1078 1449 1134 mundo
1458 1076 1571 1150 appetit
1584 1073 1765 1150 prosperari,
1773 1075 1896 1130 ceteros

182 1174 213 1230 in
228 1175 298 1244 Deo,
315 1191 408 1246 quam
427 1175 487 1234 fida
509 1177 855 1242 teneantu1·.0uiaver0
878 1179 1012 1235 humana
1066 1168 1219 1235 excedere,
1234 1167 1324 1229 rebus
1348 1170 1376 1226 et
1394 1165 1562 1224 honoribus
1577 1161 1788 1236 tumere,huic
1806 1159 1895 1222 nimi·

183 1277 269 1318 mens
292 1267 470 1334 pernuntiari
483 1279 544 1320 nou
566 1264 645 1322 valet
659 1265 762 1324 divina
782 1270 906 1336 secreta,
923 1281 1012 1322 omne
1066 1273 1134 1314 rum
1157 1273 1230 1314 cura
1251 1255 1400 1316 saecularis
1420 1256 1450 1312 in
1470 1254 1666 1312 delectatione
1687 1257 1742 1319 est,
1756 1250 1843 1326 quies
1866 1249 1896 1306 in

184 1350 266 1421 quod
276 1351 391 1408 ratione
398 1353 579 1424 perscrutari
593 1368 655 1410 non
670 1359 797 1426 possunt
811 1355 931 1412 eredere
945 1369 1013 1410 con·
1067 1344 1180 1402 labere-
1195 1343 1286 1404 Vulde
1305 1345 1385 1404 essim
1406 1343 1556 1414 fatigetur,
1574 1342 1599 1398 Si
1616 1341 1692 1402 desti
1706 1356 1779 1399 0⁰¹³
1796 1337 1898 1398 ⁸ffi⁰t¹li

184 1442 330 1506 temnunt,
344 1443 372 1496 et
384 1456 438 1512 per
449 1440 674 1513 inquisitionem
689 1443 816 1500 nimiam
838 1443 1013 1502 interrorem
1068 1449 1129 1506 qua
1148 1432 1296 1504 fatigetur·
1314 1433 1388 1500 Ouia
1415 1437 1515 1491 eutem
1539 1437 1648 1490 natura
1675 1434 1719 1489 est
1746 1427 1897 1490 termium

183 1525 336 1584 labuntur.
354 1528 388 1586 lli
408 1529 508 1600 itaque
533 1545 603 1584 eum
623 1530 754 1588 necdum
784 1531 948 1600 crater-ent,
968 1532 1014 1586 vel
1068 1523 1228 1583 momentis
1243 1522 1366 1596 singulis
1380 1523 1564 1581 incessanter
1578 1519 1701 1586 moveri,
1718 1533 1779 1578 uon
1792 1518 1897 1580 imme

185 1614 287 1673 adbuc
312 1615 476 1687 iniquitatis
503 1618 587 1690 operi
610 1623 764 1688 vacarmrt,
788 1636 876 1694 aquae
899 1621 1015 1678 nivium
1034 1612 1125 1677 Brito
1139 1613 1270 1684 signatur
1287 1612 1435 1670 vermium
1459 1612 1580 1668 nomine
1593 1607 1771 1682 inquietudo
1784 1607 1897 1678 tegite·

186 1703 316 1770 luerunt‚
332 1704 385 1762 sed
400 1721 469 1762 curu
484 1707 615 1765 canalia
628 1707 705 1764 faeta
719 1709 898 1778 deserentes,
915 1711 943 1766 in
955 1710 1014 1766 fide
1069 1703 1195 1762 tionum.
1212 1705 1358 1760 peruersis
1381 1702 1481 1774 itaque
1509 1701 1616 1759 mentis
1635 1697 1764 1758 dulcedo
1789 1696 1898 1758 vermis

187 1791 332 1864 adquam
345 1793 481 1865 perducti
502 1801 582 1861 sunt,
594 1795 662 1867 plus
679 1801 823 1870 appetrmt
837 1798 1015 1870 perscrutari
1069 1797 1122 1856 est,
1137 1790 1670 1864 ‹1uauaeaerecauuurpascitur,
1688 1787 1768 1847 uude
1783 1802 1837 1864 par
1852 1801 1898 1846 m-

187 1896 282 1952 quam
304 1883 436 1954 capiunt,
465 1882 595 1954 amplius
625 1884 758 1955 prolecto
786 1886 893 1954 caleret,
921 1903 1014 1958 quem
1070 1881 1275 1954 quietudinem
1297 1881 1479 1942 incessanter
1503 1879 1757 1949 serueueram
1775 1890 1898 1950 quoque

188 1969 283 2028 catere
296 1971 474 2031 debuerunt
489 1973 567 2028 Bene
580 1989 652 2042 ergo
669 1973 706 2032 de
721 1974 778 2030 boe
792 1991 932 2047 perverso
943 1992 1016 2048 qno·
1072 1970 1201 2042 apertius
1216 1970 1326 2026 verinis
1342 1970 1465 2028 norrrine
1480 1985 1549 2026 earo
1565 1967 1686 2038 signari.
1706 1965 1789 2024 Unde
1804 1971 1833 2028 et
1848 1980 1898 2020 su-

186 2059 259 2116 libet
272 2060 478 2132 prophetantis
492 2061 638 2118 ‹luntaxat
653 2063 807 2134 sententia,
818 2065 1016 2137 ncuoptantis
1070 2064 1170 2134 parius
1186 2060 1240 2131 (tt)
1256 2059 1378 2116 dicitur:
1391 2062 1485 2120 Homo
1497 2059 1626 2130 putredo
1641 2065 1667 2118 et
1677 2059 1759 2128 fitius
1771 2055 1901 2116 ecutae

188 2147 305 2204 dicitur.
332 2149 377 2204 Ad
404 2151 529 2205 eremium
559 2151 688 2206 retorem
715 2157 848 2208 trerrseut
870 2154 907 2210 eb
932 2156 1016 2224 equis
1072 2151 1187 2206 cernuis.
1205 2151 1386 2206 Luxuriosus
1408 2148 1497 2218 igitrrr
1514 2147 1638 2224 quilibet
1659 2147 1724 2220 (56),
1746 2149 1774 2206 et
1796 2144 1898 2208 caruis

188 2239 313 2294 uirium.
332 2237 487 2309 Sequitur:
510 2239 550 2294 Et
572 2254 664 2310 usque
678 2240 719 2296 ad
733 2242 844 2310 inferos·
862 2249 1016 2310 perardum
1071 2237 1275 2310 volrrptatibus
1291 2237 1418 2301 deditur,
1435 2241 1548 2310 quanta
1565 2235 1601 2290 sit
1615 2236 1742 2302 ueritas,
1758 2234 1901 2296 demons-

189 2328 282 2384 itlius.
297 2359 332 2370 -
345 2330 502 2386 Pensatum
517 2327 630 2401 quippe
643 2345 738 2400 usque
753 2330 793 2386 au
807 2331 918 2386 interos
934 2333 1016 2390 eluci·
1072 2331 1164 2386 tratur
1178 2343 1248 2386 cum
1271 2326 1393 2386 dicitur:
1421 2326 1553 2384 ureteras
1571 2326 1654 2385 iltius
1683 2325 1800 2388 vermis.
1818 2320 1897 2392 Ouid

189 2421 249 2484 tur,
262 2417 344 2489 quod
356 2422 424 2474 ante
435 2417 527 2474 tinem
541 2418 608 2474 vitra
620 2418 775 2490 prusenus
790 2435 843 2489 ner
856 2423 1017 2493 correptio-
1071 2432 1202 2488 namque
1219 2431 1291 2474 caro
1300 2416 1356 2472 nisi
1379 2416 1506 2488 putredo
1522 2432 1557 2476 ae
1570 2414 1679 2475 vermis
1693 2414 1760 2472 est?
1775 2416 1804 2472 rt
1817 2411 1901 2486 quis-

190 2511 365 2577 nematque
384 2507 591 2576 poerritentiarn
612 2523 673 2562 non
693 2509 878 2563 emendatur.
900 2511 1017 2580 liequo
1071 2505 1140 2577 quis
1172 2504 1342 2562 carnalibus
1373 2503 1527 2564 desideriis
1552 2503 1684 2572 anhelat,
1710 2500 1784 2574 quid
1817 2498 1901 2560 aliud

190 2592 327 2648 videlieet
341 2598 466 2664 peccato
478 2610 533 2665 per
546 2597 696 2652 tcmrrrern
713 2595 836 2651 dieitur:
853 2615 868 2648 ι
885 2599 932 2652 Est
948 2608 1016 2668 pec·
1072 2611 1164 2666 quam
1179 2609 1313 2650 renuent
1328 2593 1432 2652 amat?
1454 2592 1526 2668 quid
1550 2592 1630 2650 enirn
1651 2592 1688 2648 sit
1711 2591 1810 2648 cernis
1826 2587 1901 2646 sub-

191 2682 292 2734 eatum
312 2679 352 2736 ad
364 2681 1018 2756 mortem,nonproillodico‹prisutroget
1072 2684 1180 2740 stantia
1206 2687 1350 2740 testantur
1378 2682 1608 2755 sepulcraque
1632 2685 1802 2754 parentum,
1831 2678 1900 2752 quis

191 2767 220 2838 (I
230 2769 319 2824 doun.
340 2785 369 2837 s,
387 2770 440 2839 le).
458 2771 645 2828 »Peccatum
665 2787 797 2844 namque
822 2773 862 2830 ad
889 2779 1017 2834 mortem
1072 2773 1239 2830 amicorum
1260 2771 1395 2831 fidelium
1415 2771 1582 2844 quamlibet
1608 2770 1706 2828 dilecti
1719 2770 1764 2828 sni
1778 2775 1901 2840 tangere

190 2862 244 2926 est,
256 2861 414 2929 peccatum
426 2874 521 2931 usque
546 2859 585 2916 ad
598 2864 736 2929 morrena
747 2861 820 2933 quia
833 2861 942 2918 seilicet
952 2878 1017 2935 pec·
1072 2861 1283 2922 scaturientem
1294 2861 1446 2920 vermibus
1456 2877 1578 2919 caruero
1589 2861 1707 2935 potest?
1716 2859 1901 2932 Caroitaque

190 2952 291 3004 catum
318 2948 401 3020 quod
426 2949 474 3006 bic
499 2964 560 3006 non
575 2949 742 3021 corrigitur,
763 2951 789 3008 ei
804 2951 890 3010 venia
909 2951 1017 3008 frustra
1037 2968 1141 3031 crum
1167 2950 1395 3023 concupiscitur,
1419 2954 1559 3026 pensetur
1587 2949 1661 3022 quid
1688 2948 1724 3009 sit
1752 2946 1901 3010 examinis

190 3036 372 3108 postulatur.
387 3040 427 3096 lle
440 3054 501 3111 quo
514 3038 614 3096 adhue
625 3039 777 3096 subditur:
1073 3039 1252 3112 [exanimist
1264 3043 1292 3098 et
1305 3037 1477 3108 intelligitur
1490 3036 1563 3112 quid
1579 3043 1708 3100 ametur.

226 3125 313 3184 Vens
330 3128 376 3184 20.
390 3127 667 3198 obliviscaturque
679 3130 936 3188 misericordiaae-
951 3132 1018 3188 Om-

227 3251 280 3322 (55)
302 3254 367 3306 lmc
379 3251 503 3307 interius
515 3251 626 3307 seilicet
641 3253 776 3334 sequenti
789 3253 921 3336 capitulo
935 3258 951 3309 e
965 3271 1042 3311 vers
1058 3259 1084 3310 s

227 3322 284 3391 (ὅθ)
304 3323 364 3377 lloc
380 3324 596 3392 congruentius
611 3322 770 3380 fortassis
763 3339 793 3380 ιιι
810 3324 941 3394 genitivo
955 3325 1002 3382 vel
1018 3325 1129 3382 dativo.

648 3576 818 3664 arnna
868 3551 1142 3666 sueriuus
1188 3577 1440 3663 estuans

224 3850 327 3908 Verbis
337 3849 437 3925 itaque
451 3851 691 3926 precedentibus
703 3859 824 3912 mactus
833 3854 879 3912 vir
892 3871 945 3928 per
959 3856 1016 3914 dis
1071 3857 1126 3916 site
1149 3861 1203 3916 est.
1236 3857 1339 3918 Omnis
1365 3857 1466 3926 arbor,
1490 3873 1559 3930 quae
1585 3871 1647 3920 non
1676 3856 1746 3916 lecit
1768 3855 1899 3917 fructum

188 3942 283 3996 cretas
297 3939 463 4013 prudentia
478 3942 733 4000 areusenunuas
748 3942 843 4016 iniqui
858 3943 1016 4016 cujuslibet
1069 3946 1185 4006 bonum
1219 3946 1380 4014 excidetur,
1408 3951 1437 4006 et
1464 3946 1496 4006 in
1529 3947 1631 4017 lenem
1658 3947 1790 4008 mittetur
1815 3945 1898 4018 (Luc.

187 4027 292 4102 culpas
314 4029 444 4103 pertulit,
459 4033 596 4104 etquam
612 4033 651 4088 stt
666 4031 923 4104 damnandaejus
938 4033 1015 4092 actio
1068 4052 1110 4106 ur,
1136 4040 1178 4104 9;
1205 4035 1314 4095 Matre.
1344 4051 1385 4104 ur,
1401 4025 1467 4105 ’tet
1493 4058 1508 4087 ι
1541 4038 1600 4094 Hoc
1634 4039 1736 4098 auum
1760 4034 1839 4104 loeo,
1868 4037 1900 4096 ut

187 4119 330 4192 expressit
342 4119 380 4178 da
393 4120 480 4192 eujus
493 4136 584 4193 poena
596 4121 727 4193 subjicit,
742 4121 865 4180 dicens:
1070 4129 1178 4186 aterna
1207 4124 1354 4198 supplicia
1386 4123 1523 4197 reprobis
1557 4123 1760 4196 designentur,
1786 4139 1899 4196 aequas

221 4209 304 4262 Vens.
318 4211 362 4264 20.
376 4209 444 4266 Noe
456 4209 494 4267 rit
507 4210 538 4264 iu
553 4210 769 4278 recordatione,
778 4212 828 4268 sed
840 4216 1015 4270 coutuntur
1034 4231 1164 4288 [aquam
1183 4213 1290 4273 dieitur
1310 4213 1437 4280 abscidi,
1454 4211 1505 4274 sed
1524 4213 1646 4281 coateri
1668 4213 1740 4287 quia
1761 4211 1899 4278 videlieet

185 4296 273 4365 quusi
299 4295 414 4365 tionum
436 4296 724 4365 infructuosum-
748 4299 781 4356 ln
808 4299 1014 4356 recordatione
1070 4303 1310 4376 reprobosrnors
1328 4302 1565 4374 quidemcarnis
1583 4301 1720 4368 abscidit,
1736 4301 1789 4366 sed
1811 4317 1899 4374 panna

186 4381 267 4438 enim
300 4383 462 4442 conditoris
486 4399 548 4444 non
577 4384 726 4454 reciditur,
754 4387 892 4460 quisquis
919 4404 1014 4462 nsque
1070 4389 1258 4463 subsequens
1278 4395 1417 4452 conteret.
1448 4392 1539 4458 Quasi
1563 4392 1644 4454 enim
1671 4391 1718 4450 bic
1748 4390 1897 4461 indicitur,

186 4469 226 4526 ad
252 4468 343 4526 tinem
371 4469 438 4528 vitro
461 4471 539 4528 vitiis
568 4473 756 4544 subjugatur.
783 4477 859 4532 Nam
884 4475 909 4530 si
934 4475 1015 4534 hunc
1069 4493 1139 4539 eum
1161 4480 1334 4552 apresenti
1358 4479 1418 4542 vita
1437 4485 1602 4553 separatur.
1624 4480 1681 4541 Sed
1707 4480 1738 4544 iu
1759 4481 1899 4551 usnemu

186 4559 308 4634 superni
322 4565 476 4634 respectus
491 4562 638 4620 memoria
652 4567 795 4634 tangeret,
807 4563 1015 4636 proculdubio
1069 4566 1239 4634 conteritur,
1262 4583 1333 4630 oum
1351 4572 1497 4641 perpetua
1519 4569 1713 4634 damnatione
1738 4567 1897 4634 cruciatur.

185 4649 225 4706 ab
245 4649 402 4723 iniquitate
425 4655 588 4712 revocaret.
605 4653 676 4725 Ejus
701 4653 814 4728 quippo
830 4654 937 4714 merita
955 4654 1015 4714 exi·
1069 4654 1228 4727 Sequitur:

185 4744 271 4812 gunt,
283 4745 316 4797 ut
331 4739 466 4800 lrmditus
484 4741 524 4802 ab
539 4743 670 4800 arretmis
688 4741 894 4803 recordatione
914 4743 1015 4802 delea-
1105 4743 1192 4800 Vnus.
1208 4744 1253 4801 el.
1272 4745 1360 4804 Ponit
1373 4745 1450 4802 euim
1464 4745 1595 4809 steritem
1617 4760 1685 4815 qua
1698 4760 1758 4812 aaa
1771 4745 1856 4814 paru
1870 4748 1899 4800 et

185 4833 242 4886 tur.
266 4831 428 4890 Sciendum
462 4849 532 4892 vero
560 4837 607 4892 est
634 4833 718 4907 quod
752 4833 903 4892 recordari
937 4837 1015 4894 naus
1069 4832 1168 4892 viduor
1184 4833 1458 4902 beneuoufeeit.-
1471 4833 1609 4898 quaeue
1623 4831 1899 4902 locusterilits,nisi

185 4933 381 4992 nequequam
409 4921 529 4995 proprie
553 4922 672 4980 dieitur.
690 4921 747 4991 tini
775 4922 856 4982 enim
880 4922 1016 4982 oblivisci
1069 4935 1140 4982 caro
1153 4919 1349 4998 nominatur?
1363 4921 1515 4993 quadum
1531 4921 1898 4994 solapraesentiauppeiit,

185 5021 248 5064 non
260 5011 368 5081 potest,
382 5023 444 5082 quo
457 5013 545 5082 pacto
559 5009 711 5068 reeordari
732 5011 849 5085 potest?
868 5011 925 5070 Sed
943 5011 1015 5084 quia
1068 5008 1166 5072 bonas
1182 5007 1302 5078 gignere
1325 5009 1519 5078 cogitationes
1535 5010 1638 5078 uestit·
1654 5011 1725 5080 Quae
1740 5013 1842 5076 auteur
1853 5008 1898 5074 u-

185 5111 238 5154 sos
262 5111 329 5168 nos,
347 5113 478 5171 quorum
497 5099 701 5170 recordamur,
724 5099 942 5174 amplectimur,
975 5100 1014 5158 ab
1069 5097 1140 5168 dna,
1155 5096 1212 5154 nisi
1227 5097 1329 5162 anima
1343 5104 1544 5174 nuncupatur,
1560 5115 1653 5172 quara
1668 5099 1740 5173 quie
1757 5097 1900 5166 conditer

184 5185 232 5242 his
251 5191 354 5244 antem
371 5201 503 5260 qnmum
520 5186 734 5256 obliviscimur,
748 5189 934 5260 elongamur.
954 5189 1014 5246 tlu-
1069 5186 1124 5243 sibi
1138 5187 1263 5258 jungere
1278 5187 1380 5254 voluit,
1395 5188 1434 5244 ab
1448 5187 1613 5254 thalamum
1625 5187 1899 5256 abrenunciare

185 5291 278 5332 mano
293 5293 350 5333 usu
378 5280 406 5332 et
431 5276 583 5333 recordari
607 5281 684 5333 Deus
705 5278 822 5348 dicitur,
844 5295 914 5336 cum
931 5278 1015 5338 dona
1068 5276 1120 5344 nit,
1130 5275 1286 5338 reamissa
1297 5281 1463 5344 attestante
1476 5277 1527 5350 qui
1540 5278 1598 5334 ait:
1613 5301 1625 5328 n
1636 5281 1669 5338 Et
1678 5278 1741 5352 ipse
1750 5282 1897 5350 tanquam

186 5363 297 5435 tribuit,
326 5371 356 5423 et
377 5365 513 5426 oblisisd
549 5381 617 5424 cum
650 5367 679 5424 in
707 5368 797 5441 culpa
825 5367 1012 5440 derelinquit
1070 5381 1200 5440 sponsus
1214 5365 1425 5439 procedensde
1440 5367 1572 5424 thalamo
1583 5383 1638 5428 sao
1648 5367 1743 5438 (Psoi
1752 5382 1832 5436 xun,
1840 5365 1897 5438 6).»

187 5453 228 5508 De
253 5451 310 5509 hoc
327 5454 511 5514 inbuetuoso
536 5456 618 5528 ligno
644 5471 698 5529 per
722 5457 871 5516 ioannem
892 5455 1012 5514 dicitur:
1069 5457 1140 5520 Qua
1154 5454 1333 5515 rectevidne
1347 5453 1463 5524 dicitnr,
1479 5455 1551 5528 quia
1566 5457 1631 5529 ejus
1645 5457 1804 5530 rirproea
1818 5469 1899 5512 mor·

188 5561 202 5593 ι(
229 5543 297 5602 tam
326 5542 406 5603 enim
434 5545 548 5604 securis
582 5545 622 5604 ad
646 5545 778 5626 radicem
812 5543 929 5606 arboris
960 5559 1014 5618 po·
1068 5547 1128 5602 tem
1142 5541 1272 5618 pertulit,
1284 5547 1404 5606 etounc
1419 5543 1450 5607 ia
1465 5545 1533 5604 coeli
1547 5544 1762 5620 penetralibus,
1777 5542 1817 5610 ab
1830 5558 1897 5618 erus
