4120 6154
123 157 171 216 429
454 151 456 156 ’
503 149 657 207 artioris
676 147 858 206 nortluidis
877 147 905 204 S.
927 145 1028 203 GREG.
1050 147 1083 202 ΙΝ
1102 146 1173 202 JOB.
1190 175 1224 188 -·-
1241 145 1304 202 LlB.
1320 145 1438 202 XXVlll.
1770 145 1823 200 4¹³0

122 277 175 334 Viri
188 290 319 348 namque
329 277 504 346 arrogantes
518 277 547 330 et
557 272 637 330 docti
650 288 721 330 cum
733 275 810 328 recte
822 286 882 327 nou
893 269 937 326 vi·
952 273 977 327 A
991 269 1155 343 quintanio
1170 269 1210 326 ab
1224 269 1289 340 ejus
1304 269 1393 339 longe
1407 271 1488 338 sunt,
1497 271 1611 341 quanto
1624 267 1706 340 apud
1721 271 1826 324 semet·

121 369 201 436 runt,
216 363 268 422 sed
283 367 473 422 tamenreota
487 362 584 420 dicere
601 360 744 418 doctrinae
759 358 943 434 impulsioni-
997 360 1079 433 ipsos
1091 359 1221 416 humiles
1241 375 1302 416 non
1315 363 1395 432 sunt,
1411 359 1483 432 quia
1503 358 1535 414 iu
1554 374 1659 414 eorum
1676 356 1827 416 mentibus

121 457 177 513 bns
199 452 426 526 compelluntur,
451 451 508 526 ipsi
531 449 735 508 damnationis
758 465 820 505 sure
841 449 943 522 aliquo
997 449 1071 506 dum
1087 454 1187 506 tumor
1204 448 1339 506 clationis
1362 447 1475 516 crescit,
1493 447 1588 504 aciem
1606 445 1827 520 contemplatio

121 543 210 604 modo
231 557 383 616 praeoones
404 541 489 599 fiunt.
505 539 707 613 contemplari
729 539 810 596 enim
836 538 885 596 Dei
900 553 945 595 sa·
998 539 1045 595 nis
1061 539 1209 610 candit‚et
1223 538 1341 596 undose
1351 537 1449 594 lucere
1464 553 1525 610 pree
1540 538 1653 594 crateris
1668 536 1826 604 aestimant,

122 633 259 708 pientiam
282 634 443 704 nequeunt,
467 630 520 704 qui
544 629 600 687 sibi
625 629 774 703 sapientes
795 628 942 700 videntur,
998 628 1068 684 inde
1081 643 1113 686 se
1125 645 1143 686 a
1157 627 1270 684 lumine
1285 627 1415 684 veritatis
1429 626 1557 699 privant.

510 869 806 882 m

575 1080 742 1171 cratin
785 1080 1080 1170 VICESIMUS
1117 1081 1376 1170 OCTAVUS.

395 1421 514 1480 CAPUT
532 1423 666 1479 llllliVlll.
961 1423 984 1477 Β
1002 1423 1090 1479 nibus
1101 1423 1270 1494 imperitis?
1284 1452 1318 1462 —-
1329 1418 1402 1486 Quis
1417 1422 1462 1474 est
1475 1419 1529 1474 istc
1544 1433 1606 1474 uon
1621 1415 1759 1484 dicimus,
1775 1415 1833 1474 nisi

151 1513 233 1568 Vsus.
255 1514 280 1566 l.
295 1511 486 1580 Respondent
500 1517 599 1570 autem
609 1512 752 1568 Dominus
764 1512 820 1570 Job
834 1512 871 1569 de
882 1517 947 1568 tor·
1001 1511 1039 1567 de
1054 1528 1090 1568 eo
1102 1513 1205 1585 utique
1219 1527 1313 1584 quem
1329 1507 1491 1564 nescimus.
1507 1507 1586 1564 Scire
1601 1511 1702 1564 autem
1718 1505 1769 1562 Dei
1783 1520 1835 1578 ap·

119 1600 193 1669 dice,
206 1600 298 1658 deod,
312 1631 348 1640 —
361 1599 449 1656 Aliter
463 1599 544 1656 enim
559 1600 703 1658 Dominus
723 1602 816 1658 servis
830 1601 893 1657 suis
906 1601 948 1656 lo·
1001 1601 1131 1676 probare
1146 1605 1208 1670 est;
1229 1599 1343 1656 nescire
1364 1597 1535 1670 reprobare.
1554 1595 1636 1652 Unde
1651 1594 1835 1668 quibusdam

116 1687 229 1760 quitur,
245 1704 315 1744 oum
335 1703 388 1746 eos
407 1687 586 1746 intrinsecus
607 1705 661 1762 per
684 1689 949 1762 compunctionem
1002 1705 1080 1765 quos
1102 1690 1253 1764 reprobat,
1276 1687 1366 1746 dicit:
1391 1684 1522 1742 «Nescio
1549 1701 1604 1740 ros
1625 1683 1747 1752 (Matri.
1767 1699 1834 1752 sav,

117 1781 289 1851 promovet;
310 1776 403 1845 aliter,
418 1794 489 1836 oum
504 1794 558 1850 per
568 1778 793 1842 districtionem,
809 1795 847 1836 ne
858 1778 949 1838 extol·
1004 1782 1063 1854 t2):
1080 1803 1093 1833 ιι
1117 1781 1148 1836 in
1163 1797 1199 1837 eo
1214 1795 1283 1836 vcro
1307 1777 1391 1850 quod
1411 1773 1584 1842 sententias,
1600 1777 1630 1830 ct
1643 1788 1705 1830 non
1720 1771 1837 1830 addidit

115 1865 228 1935 lantur,
241 1865 358 1939 premit.
385 1870 418 1924 ln
437 1865 488 1924 illa
506 1867 587 1924 enim
609 1867 695 1924 discit
717 1868 799 1940 quod
817 1871 949 1941 appetat,
1002 1871 1118 1944 quales,
1130 1870 1227 1928 bonas
1243 1867 1344 1940 utiquc
1360 1865 1536 1939 accipimus,
1548 1880 1626 1937 quas
1642 1863 1763 1936 quidem
1780 1864 1835 1920 im-

115 1955 148 2012 in
167 1955 227 2012 ista
248 1954 332 2027 quod
346 1958 469 2014 metuat
484 1955 560 2018 tima
576 1955 657 2012 anim
671 1956 877 2014 humiliandus
888 1959 952 2012 crat
1002 1959 1108 2028 peritis
1131 1956 1261 2014 asseritis
1284 1954 1468 2012 amazonibus
1485 1952 1643 2021 involutas
1670 1951 1744 2025 quia
1765 1967 1836 2010 cum

116 2041 228 2102 beatiss
248 2041 314 2112 tob,
330 2042 394 2115 qni,
419 2046 585 2114 prostratus
600 2042 761 2110 ulceribus,
778 2043 821 2100 sic
841 2043 953 2102 virtuti·
1005 2045 1103 2104 verbis
1111 2047 1262 2117 jactantias
1274 2043 1395 2100 fuerunt
1407 2042 1542 2116 prolatae.
1554 2039 1711 2114 imperitiae
1723 2039 1837 2113 quippe

116 2131 177 2188 bus
191 2129 300 2198 stabat,
315 2145 354 2186 ne
368 2129 614 2194 robustissimum
627 2136 731 2203 pectus
741 2131 766 2202 ej
772 2149 807 2188 us
818 2130 953 2188 elationis
1005 2133 1111 2190 vitium
1122 2137 1177 2206 est,
1192 2136 1308 2190 rectum
1322 2147 1385 2188 non
1398 2134 1477 2188 recte
1492 2145 1608 2202 sapere,
1623 2129 1653 2186 id
1668 2133 1723 2198 est,
1735 2127 1836 2186 coeles·

118 2217 178 2276 tela
191 2217 395 2286 confoderent,
409 2218 493 2292 quod
506 2218 666 2276 constabat
685 2223 763 2277 certe
777 2219 850 2292 quia
871 2219 953 2277 illata
1007 2229 1035 2282 te
1049 2224 1165 2282 donum
1179 2223 1219 2280 ad
1240 2221 1407 2296 appetitum
1432 2225 1555 2276 terrena
1569 2218 1668 2276 laudis
1684 2218 1837 2275 inclinare.

114 2305 245 2364 1111118111
264 2321 325 2366 11011
349 2306 499 2374 vicissent,
515 2305 543 2362 ei
557 2306 690 2380 proiecto
714 2307 858 2364 Dominus
869 2307 953 2382 loqui
1009 2313 1089 2371 Sicut
1102 2311 1262 2386 Apostolus
1290 2310 1346 2366 ait:
1373 2331 1386 2358 κ
1400 2308 1429 2366 Si
1451 2307 1519 2380 quis
1543 2323 1574 2362 se
1600 2305 1750 2363 existimat
1765 2305 1840 2362 scire

115 2393 155 2452 de
167 2393 290 2452 turbine
300 2394 483 2468 perhibetur.
494 2395 655 2454 Sciendum
666 2399 809 2468 praterea
818 2396 952 2469 estquod
1006 2400 1131 2474 aliquid,
1146 2399 1284 2456 noudum
1307 2395 1446 2468 cognovit
1472 2393 1734 2468 quamadmodum
1754 2409 1841 2466 opor

114 2487 146 2544 in
159 2487 284 2546 duobus
298 2487 399 2546 modis
423 2486 532 2546 locutio
552 2487 654 2545 divina
676 2487 877 2558 distinguitur.
894 2491 954 2548 Aut
1005 2495 1066 2548 teat
1079 2507 1150 2547 eum
1162 2490 1237 2546 scire
1253 2489 1280 2562 (l
1294 2488 1363 2544 Cor.
1375 2502 1436 2557 viu,
1451 2489 1509 2554 2).»
1527 2484 1684 2558 Sequitur:

114 2591 171 2650 per
195 2575 392 2649 semetipsum
416 2591 549 2648 namque
571 2575 716 2634 Dominus
734 2575 877 2649 loquitur,
901 2581 953 2634 aut
1042 2582 1128 2636 Vens.
1143 2584 1168 2636 3.
1188 2579 1319 2648 Acrinpe
1338 2577 1416 2632 sicat
1438 2576 1485 2631 vir
1509 2574 1622 2630 lumbos
1637 2581 1713 2630 tuos.
1730 2605 1765 2617 -
1779 2572 1840 2630 Viri

114 2679 170 2737 per
183 2668 356 2720 creaturam
368 2662 502 2734 aliquam
516 2663 581 2734 cius
593 2663 632 2720 ad
645 2679 701 2722 nos
716 2664 809 2722 verba
819 2665 951 2722 forman-
1005 2670 1149 2728 nimirum
1162 2673 1243 2739 sunt,
1255 2668 1307 2741 qui
1318 2667 1380 2724 rias
1391 2663 1510 2722 Domini
1522 2663 1649 2721 fortibus
1666 2667 1695 2721 et
1707 2679 1770 2722 non
1779 2663 1840 2720 dis-

115 2755 172 2810 tur.
192 2751 253 2810 Sed
267 2767 339 2810 cum
352 2767 406 2824 per
419 2751 615 2826 semetipsum
629 2751 772 2825 loquitur,
787 2754 851 2812 sola
864 2754 988 2825 nobisc
1006 2759 1113 2816 solutis
1139 2757 1293 2828 gressibus
1317 2758 1494 2828 sequuntur,
1521 2757 1554 2810 ut
1574 2753 1665 2810 illud:
1688 2753 1840 2814 «viriliter

113 2841 144 2900 vi
168 2842 299 2900 internas
323 2840 529 2916 inspirationis
554 2841 695 2914 aperitur,
712 2842 864 2916 verboque
888 2845 953 2916 ejus
1007 2847 1085 2918 agite
1100 2847 1194 2919 (Psoi.
1210 2861 1279 2913 xxx,
1293 2845 1350 2916 25).
1365 2866 1379 2892 »
1402 2846 1436 2900 nt
1458 2841 1490 2898 in
1505 2841 1683 2898 Proverbiis.
1707 2841 1838 2914 «oriri,

114 2930 180 2990 sine
211 2930 315 2990 verbis
344 2947 380 2988 ac
403 2929 529 3002 syllabis
554 2945 607 2988 cor
631 2929 764 2988 docetur.
795 2933 846 2990 Dei
872 2933 954 2990 enim
1008 2937 1048 2994 ad
1062 2951 1117 2992 vos
1132 2933 1253 2991 clamito
1268 2934 1371 3001 (Pron.
1387 2947 1449 2998 uu,
1464 2930 1502 3002 4).
1516 2951 1530 2981 ιι
1551 2930 1682 2986 Lumbos
1704 2945 1776 2987 vero
1789 2945 1840 2988 ac-

112 3019 239 3089 locutio,
255 3019 300 3078 ad
325 3034 382 3078 nos
405 3018 584 3078 inuinsoous
610 3019 698 3090 faeta
714 3019 831 3078 videtur
854 3023 954 3095 potius
1008 3025 1193 3095 cingereest,
1208 3019 1256 3077 rei
1278 3021 1309 3076 in
1333 3035 1424 3092 opere
1438 3017 1600 3090 luxuriam,
1615 3018 1664 3074 rel
1682 3019 1712 3074 ia
1726 3018 1841 3088 rogim

112 3125 210 3184 quam
226 3107 361 3170 auditur.
378 3106 455 3166 Cum
477 3107 559 3166 enim
582 3123 636 3180 per
650 3108 793 3178 angelum
807 3111 953 3168 Dominus
1007 3114 1089 3172 tione
1113 3112 1273 3169 refrenare.
1298 3109 1372 3164 Hinc
1397 3107 1477 3164 enim
1502 3107 1729 3180 scriptumest:
1752 3105 1842 3168 «Sint

111 3199 310 3260 voluntatem
327 3213 417 3256 suam
438 3196 560 3266 iudicat,
576 3196 742 3270 aliquando
762 3216 831 3258 earn
846 3200 953 3270 verbis,
1008 3203 1105 3262 lumbi
1117 3201 1207 3260 vestri
1221 3199 1374 3275 praecincti
1387 3199 1471 3267 (Lar.
1487 3213 1540 3270 ιιιι,
1555 3201 1611 3265 35).
1623 3219 1638 3248 ι
1651 3199 1740 3254 Beato
1752 3196 1842 3268 igitm

110 3287 290 3362 111111111Μο
316 3285 407 3344 rebus
435 3284 623 3352 &montitii
635 3303 644 3354 ἑ
667 3285 778 3352 verbis.
806 3289 952 3346 utillud:
1008 3293 1063 3351 tob
1095 3291 1266 3366 praecipitur
1291 3292 1332 3357 ut,
1359 3285 1620 3362 quomadmodum
1648 3285 1732 3360 prius
1757 3285 1843 3342 luxu·

110 3373 563 3447 inchoamentorum
589 3374 760 3434 clarificabo
784 3378 883 3449 (Jooc.
902 3395 954 3450 ιιι,
1008 3383 1086 3440 riam
1109 3379 1308 3454 corruptionis
1330 3377 1454 3446 vicerat,
1467 3393 1550 3434 nuuc
1575 3377 1666 3434 etiam
1690 3375 1842 3432 luxuriam

112 3469 203 3539 28);»
225 3465 336 3534 rebus,
353 3468 385 3522 ut
411 3462 553 3532 Ezechiel,
570 3463 624 3536 qui
647 3464 690 3522 nil
710 3465 808 3522 verbis
831 3466 954 3539 audivit,
1008 3472 1168 3544 restringat
1196 3469 1342 3528 elationis.
1373 3467 1444 3524 ilinc
1476 3483 1531 3541 per
1557 3469 1678 3540 Moysen
1713 3465 1839 3523 dicitur:

112 3555 219 3616 nectit
234 3551 638 3626 tamenapecieminmedio
652 3553 729 3625 ignis
742 3553 825 3612 vidit
842 3559 874 3612 ln
888 3556 955 3630 qni·
1009 3559 1242 3619 «circumcidite
1272 3557 1421 3634 praeputia
1443 3557 1542 3614 cordis
1570 3556 1659 3614 vestri
1686 3557 1783 3628 (Dent.
1809 3571 1839 3624 x,

110 3645 292 3718 busitaque
306 3642 447 3702 ltediator
458 3641 710 3700 Deietbominom
722 3642 954 3714 demonsuanu,
1011 3656 1093 3721 16).»
1109 3649 1266 3723 sequitur:
1282 3647 1479 3718 Interroqnio
1495 3653 1532 3716 te,
1547 3652 1575 3704 ct
1591 3647 1736 3718 responde
1754 3646 1839 3704 miii.

111 3734 291 3810 aliquando
304 3731 405 3790 11111111
428 3730 518 3788 Simul
538 3731 682 3800 1111111111,
697 3735 731 3789 ut
743 3731 831 3790 illud:
854 3757 868 3786 ι(
881 3737 954 3792 Cum
1009 3773 1044 3784 -
1055 3740 1160 3798 tribus
1174 3737 1274 3796 modis
1286 3753 1342 3794 uos
1355 3737 1497 3793 Conditor
1516 3736 1698 3806 interrogare
1714 3751 1841 3792 consue·

108 3825 259 3884 audisset
272 3822 371 3882 Adam
380 3837 488 3880 ronam
498 3821 618 3880 Domini
631 3821 682 3878 Dei
694 3822 957 3882 deambulantisiu
1010 3829 1070 3886 vit:
1084 3843 1154 3884 cum
1169 3830 1221 3884 aut
1243 3825 1354 3896 flagelli
1379 3823 1562 3880 districtione
1582 3839 1639 3880 nos
1660 3823 1797 3896 percutit,
1813 3827 1843 3880 et

108 3913 268 3989 1181811180
286 3911 329 3970 &d
353 3925 461 3968 81111111
482 3914 550 3983 1³0it
570 3909 763 3979 memmi»
787 3915 817 3968 et
840 3911 957 3985 reliqua
1008 3921 1125 3990 quanta
1137 3914 1226 3971 nobis
1240 3913 1320 3982 insit,
1336 3911 1482 3981 veldesit,
1498 3910 1641 3983 patientia
1656 3912 1794 3978 ostendit,
1811 3915 1843 3967 ut

105 4005 202 4078 (Gen.
219 4017 268 4068 ur,
293 4001 331 4072 8).
349 3998 521 4070 Aliquando
544 3998 740 4070 imaginibus,
763 4000 841 4058 sicut
863 3999 956 4058 iacob
1010 4004 1042 4060 in
1056 4001 1213 4060 beatoiob
1227 3999 1412 4066 ostenditur;
1437 4001 1499 4064 aut,
1514 3997 1656 4069 quasdam
1674 4013 1742 4069 quse
1756 3997 1842 4052 volu-

106 4090 292 4152 subnixam
303 4087 380 4146 coelo
391 4085 506 4144 scalam
515 4085 669 4144 dormiens
678 4087 752 4145 vidit
761 4089 843 4159 (Gen.
852 4105 954 4158 xxrru,
974 4125 997 4180 D
1010 4107 1081 4148 mus
1094 4088 1238 4164 precipit,
1251 4090 1279 4143 et
1292 4089 1430 4142 nostram
1444 4084 1532 4141 nobis
1542 4083 1744 4141 obedientiam
1758 4088 1842 4158 pate-

107 4183 170 4256 12),
185 4179 275 4240 sicut
286 4180 389 4236 Petrus
398 4175 523 4234 bunum
534 4174 689 4249 reptilibus
699 4176 823 4250 plenum
833 4178 912 4246 (Act.
927 4195 954 4247 ι,
1011 4179 1090 4238 facit.
1103 4179 1184 4237 Sicut
1198 4175 1353 4233 Abrabam
1367 4178 1477 4231 terram
1493 4189 1581 4230 suam
1593 4173 1716 4245 J'ubetnr
1730 4173 1840 4244 egredi,

109 4276 170 4338 tt).
189 4267 371 4342 Aliquando
381 4264 553 4324 coelestibns
567 4264 752 4336 substantiis,
766 4270 800 4324 ut
819 4267 904 4337 illud,
918 4268 956 4325 de
1008 4269 1195 4342 unicumque
1209 4264 1366 4323 immolare
1376 4262 1470 4320 filium
1485 4263 1570 4333 (Gen.
1584 4279 1657 4328 xxu,
1667 4267 1708 4332 v2).
1724 4267 1781 4322 Aut
1793 4262 1844 4320 ali·

106 4361 199 4422 nube
213 4357 344 4418 sonuit:
358 4355 439 4416 «liic
452 4354 955 4430 estFiliusmeusdileotusiliottb.
1009 4374 1072 4434 qua
1094 4357 1183 4414 nobis
1202 4355 1321 4413 occulta
1347 4353 1442 4427 aperit
1466 4357 1495 4410 et
1510 4352 1612 4427 aliqua
1633 4353 1799 4420 abscondit,
1814 4357 1844 4411 ct

109 4469 184 4522 xm,
200 4455 268 4518 5).»
282 4445 452 4521 Aliquando
467 4445 592 4504 tarenis
611 4445 800 4519 susbstantiis,
816 4446 892 4505 sicin
903 4449 958 4506 Ba·
1011 4463 1155 4508 mensura
1168 4447 1256 4504 nobis
1269 4451 1378 4503 nostrae
1393 4444 1568 4502 humilitatis
1583 4445 1749 4502 innotescit.
1771 4445 1842 4502 ilinc

107 4542 200 4602 ham
227 4535 379 4611 corripuit
396 4535 431 4594 in
449 4550 502 4592 ore
524 4535 617 4592 adase
638 4535 775 4594 humana
797 4537 959 4594 verbalor-
1012 4540 1245 4612 scriptumest:
1275 4535 1453 4609 «Palpebrae
1480 4535 1546 4606 ejus
1568 4533 1843 4605 interrogaciones

109 4647 208 4690 mans
223 4628 334 4702 (Num.
347 4640 420 4693 nn,
435 4623 674 4698 retorquendo
688 4625 813 4682 terrenis
828 4625 918 4683 sisnul
930 4629 960 4684 et
1011 4629 1171 4687 bominum
1200 4627 1293 4700 (Psoi.
1307 4641 1338 4693 x,
1354 4625 1391 4696 5).
1402 4645 1416 4674 n
1440 4627 1480 4679 Ao
1500 4622 1525 4678 si
1538 4639 1610 4693 ergo
1624 4623 1712 4679 beato
1727 4623 1783 4678 tob
1798 4621 1843 4678 di-

108 4716 300 4780 ooeleatibus
320 4711 704 4776 consummatissime
725 4713 818 4788 ltoysi
831 4714 959 4789 loquens
1013 4723 1113 4776 canu:
1128 4715 1233 4772 Verbis
1248 4714 1288 4770 ad
1308 4711 1449 4768 sublimia
1463 4710 1683 4774 consideranda
1697 4713 1725 4766 ts
1737 4709 1842 4778 excito,

109 4803 417 4886 igmmrubuurqus
438 4801 685 4874 sociaritillxod.
700 4819 741 4874 ur,
756 4803 793 4876 3).
814 4807 959 4862 Νοιιιιιιιι-
1010 4811 1042 4864 et
1067 4807 1151 4874 dum,
1178 4820 1215 4860 ea
1241 4817 1311 4875 quae
1334 4815 1427 4873 super
1451 4803 1480 4856 te
1508 4803 1587 4870 sunt,
1617 4799 1731 4856 nescire
1758 4815 1843 4874 pars-

108 4915 215 4975 qnem
236 4908 316 4954 vero
329 4891 472 4952 humanis
494 4889 637 4949 cordibus
652 4893 745 4950 etiam
767 4909 824 4967 per
835 4894 959 4966 angelos
1011 4894 1098 4969 picis,
1113 4890 1285 4963 tibimetipsi
1306 4893 1335 4946 te
1358 4887 1506 4945 notiorem
1528 4888 1633 4945 reddo.
1658 4888 1742 4947 Tunc
1762 4890 1844 4948 enlm

111 4991 197 5050 Deus
209 4986 340 5048 mnis
356 4995 463 5040 eoram
485 4981 643 5054 masada
656 4981 794 5040 mutem
806 4999 871 5041 sure
883 4985 961 5059 aspi-
1014 4981 1089 5040 mitri
1114 4995 1183 5038 rere
1204 4977 1382 5052 respondes,
1407 4977 1432 5033 si
1452 4993 1523 5050 que
1548 4977 1670 5050 ignoras
1694 4978 1841 5050 intelligis.

109 5076 247 5140 monis
257 5070 384 5134 tntudit.
396 5069 480 5130 Dede
493 5069 653 5128 mansues
665 5071 727 5129 sit:
743 5093 759 5124 ιι
771 5073 847 5132 Dixit
862 5075 960 5132 adme
1014 5070 1172 5146 Sequitur:

106 5168 250 5240 agaim
272 5161 331 5236 qui
353 5159 536 5234 loquebatur
549 5159 583 5216 in
606 5175 656 5218 me
677 5161 783 5232 (ZocA.
799 5179 820 5232 r,
837 5163 918 5236 {alp
931 5167 963 5220 et
1049 5163 1174 5219 varai
1193 5159 1251 5217 Ubi
1263 5173 1331 5216 eros
1344 5157 1466 5230 quando
1479 5159 1624 5228 ponebam
1643 5157 1843 5228 fundamento

108 5257 212 5334 parato
232 5253 328 5329 poet:
347 5251 411 5308 «Εἰ
433 5263 503 5306 ecce
525 5247 719 5323 maelasqai
737 5249 917 5324 loquebatur
930 5251 961 5308 in
1016 5255 1173 5308 terrai—
1193 5248 1226 5304 ln
1248 5246 1400 5320 Scriptura
1425 5261 1510 5304 sacra
1534 5247 1608 5318 qnid
1629 5244 1711 5301 aliud
1734 5240 1843 5296 lunda·

112 5365 177 5417 me,
196 5339 453 5418 egredientes»
477 5337 750 5411 etreliquailocb.
766 5341 962 5414 militiarum
1016 5343 1117 5397 menta
1131 5353 1226 5412 quam
1239 5336 1450 5411 predicatores
1465 5333 1650 5407 accipimus?
1664 5333 1755 5400 Quos,
1769 5329 1844 5388 ditm
1915 5347 1927 5356 ·
2010 5347 2014 5359 ’

113 5441 227 5498 Μ
241 5431 340 5490 heato
352 5425 409 5484 iob
420 5440 475 5498 per
490 5425 695 5498 semetipsam,
711 5441 751 5484 an
764 5427 793 5484 ei
806 5444 860 5502 per
874 5445 963 5500 ange-
1015 5429 1130 5503 primos
1144 5427 1289 5485 Dominus
1303 5427 1333 5484 in
1349 5429 1454 5483 sancta
1470 5421 1600 5478 Ecclesia
1614 5419 1723 5491 posuit,
1738 5424 1799 5478 tota
1813 5421 1843 5478 iu

110 5525 184 5584 lu
195 5523 239 5582 sit
250 5521 388 5586 marsus,
403 5513 575 5584 1111Νρ1111·
593 5515 749 5588 &quitum
1017 5519 1059 5576 cis
1074 5519 1226 5594 sequentis
1241 5517 1362 5575 fabricis
1376 5517 1523 5570 structura
1536 5509 1671 5567 surrexit.
1684 5511 1755 5567 ilinc
1766 5509 1845 5566 Psal-

154 5616 248 5674 νιν.
266 5611 299 5666 2
316 5605 390 5675 Deis
401 5607 444 5662 at
455 5602 672 5662 &hiandum
681 5606 843 5665 amentias
851 5622 963 5665 semo-
1018 5609 1105 5666 mista
1118 5609 1176 5666 ait:
1195 5605 1426 5664 «Fundamenta
1439 5598 1505 5670 ejus
1521 5597 1552 5654 iu
1566 5599 1720 5657 montibus
1734 5597 1843 5656 sanctis

833 5789 849 5820 V
