<?xml version="1.0" encoding="UTF-8"?>
<!DOCTYPE html PUBLIC "-//W3C//DTD XHTML 1.0 Transitional//EN"
    "http://www.w3.org/TR/xhtml1/DTD/xhtml1-transitional.dtd">
<html xmlns="http://www.w3.org/1999/xhtml" xml:lang="en" lang="en">
 <head>
  <title>
</title>
<meta http-equiv="Content-Type" content="text/html;charset=utf-8" />
  <meta name='ocr-system' content='tesseract 3.04.00' />
  <meta name='ocr-capabilities' content='ocr_page ocr_carea ocr_par ocr_line ocrx_word'/>
</head>
<body>
  <div class='ocr_page' id='page_1' title='image "./patrologiaecurs107unkngoog/patrologiaecurs107unkngoog_0523.png"; bbox 0 0 4106 6148; ppageno 0'>
   <div class='ocr_carea' id='block_1_1' title="bbox 140 123 1845 226">
    <p class='ocr_par' dir='ltr' id='par_1_1' title="bbox 140 123 1845 226">
     <span class='ocr_line' id='line_1_1' title="bbox 140 123 1845 226; baseline 0.002 -6"><span class='ocrx_word' id='word_1_1' title='bbox 140 162 209 220; x_wconf 83' lang='lat' dir='ltr'><strong>rosr</strong></span> <span class='ocrx_word' id='word_1_2' title='bbox 407 123 409 128; x_wconf 26' lang='lat'><strong>¹</strong></span> <span class='ocrx_word' id='word_1_3' title='bbox 759 167 934 226; x_wconf 78' lang='lat' dir='ltr'><strong>nrrsmnn</strong></span> <span class='ocrx_word' id='word_1_4' title='bbox 953 165 996 224; x_wconf 85' lang='lat' dir='ltr'><strong>rr</strong></span> <span class='ocrx_word' id='word_1_5' title='bbox 1013 167 1222 225; x_wconf 79' lang='grc'>00110000.</span> <span class='ocrx_word' id='word_1_6' title='bbox 1778 163 1845 224; x_wconf 80' lang='lat' dir='ltr'><strong>rone</strong></span> 
     </span>
    </p>
   </div>
   <div class='ocr_carea' id='block_1_2' title="bbox 170 288 1869 664">
    <p class='ocr_par' dir='ltr' id='par_1_2' title="bbox 170 288 1869 664">
     <span class='ocr_line' id='line_1_2' title="bbox 519 288 1869 365; baseline -0.013 -6"><span class='ocrx_word' id='word_1_7' title='bbox 519 288 583 343; x_wconf 73' lang='lat' dir='ltr'><strong>xil.</strong></span> <span class='ocrx_word' id='word_1_8' title='bbox 978 293 1002 346; x_wconf 87' lang='lat' dir='ltr'>A</span> <span class='ocrx_word' id='word_1_9' title='bbox 1016 291 1111 360; x_wconf 79' lang='lat' dir='ltr'><strong>regni.</strong></span> <span class='ocrx_word' id='word_1_10' title='bbox 1126 291 1211 358; x_wconf 83' lang='lat' dir='ltr'><strong>Quod</strong></span> <span class='ocrx_word' id='word_1_11' title='bbox 1226 291 1252 348; x_wconf 90' lang='lat' dir='ltr'><strong>si</strong></span> <span class='ocrx_word' id='word_1_12' title='bbox 1267 293 1454 365; x_wconf 80' lang='lat' dir='ltr'><strong>conspexerit</strong></span> <span class='ocrx_word' id='word_1_13' title='bbox 1467 307 1523 348; x_wconf 92' lang='lat' dir='ltr'><strong>nos</strong></span> <span class='ocrx_word' id='word_1_14' title='bbox 1538 290 1663 348; x_wconf 85' lang='lat' dir='ltr'><strong>devotos</strong></span> <span class='ocrx_word' id='word_1_15' title='bbox 1675 303 1847 362; x_wconf 75' lang='lat' dir='ltr'><strong>ergasunm</strong></span> <span class='ocrx_word' id='word_1_16' title='bbox 1865 331 1869 338; x_wconf 80' lang='lat'>.</span> 
     </span>
     <span class='ocr_line' id='line_1_3' title="bbox 170 380 1847 458; baseline -0.014 1"><span class='ocrx_word' id='word_1_17' title='bbox 170 410 282 452; x_wconf 74' lang='grc'>10111110</span> <span class='ocrx_word' id='word_1_18' title='bbox 297 411 374 452; x_wconf 73' lang='lat' dir='ltr'><strong>rarat</strong></span> <span class='ocrx_word' id='word_1_19' title='bbox 387 412 427 452; x_wconf 79' lang='lat'><strong>111</strong></span> <span class='ocrx_word' id='word_1_20' title='bbox 440 411 610 452; x_wconf 83' lang='lat' dir='ltr'><strong>arsanrrruu</strong></span> <span class='ocrx_word' id='word_1_21' title='bbox 626 411 660 450; x_wconf 74' lang='lat' dir='ltr'><strong>in</strong></span> <span class='ocrx_word' id='word_1_22' title='bbox 674 417 819 457; x_wconf 64' lang='lat' dir='ltr'><strong>mmmm„</strong></span> <span class='ocrx_word' id='word_1_23' title='bbox 836 417 934 458; x_wconf 60' lang='lat' dir='ltr'><strong>symm</strong></span> <span class='ocrx_word' id='word_1_24' title='bbox 1017 381 1241 454; x_wconf 87' lang='lat' dir='ltr'><strong>servilium,per</strong></span> <span class='ocrx_word' id='word_1_25' title='bbox 1252 381 1330 438; x_wconf 89' lang='lat' dir='ltr'><strong>iliius</strong></span> <span class='ocrx_word' id='word_1_26' title='bbox 1347 383 1596 439; x_wconf 85' lang='lat' dir='ltr'><strong>interventionem</strong></span> <span class='ocrx_word' id='word_1_27' title='bbox 1607 380 1847 454; x_wconf 76' lang='lat' dir='ltr'><strong>promerebimus</strong></span> 
     </span>
     <span class='ocr_line' id='line_1_4' title="bbox 485 467 1847 544; baseline -0.012 -3"><span class='ocrx_word' id='word_1_28' title='bbox 485 501 613 541; x_wconf 75' lang='lat' dir='ltr'><strong>nonnus.</strong></span> <span class='ocrx_word' id='word_1_29' title='bbox 1018 471 1142 527; x_wconf 89' lang='lat' dir='ltr'><strong>evadere</strong></span> <span class='ocrx_word' id='word_1_30' title='bbox 1169 470 1333 541; x_wconf 81' lang='lat' dir='ltr'><strong>gehennale</strong></span> <span class='ocrx_word' id='word_1_31' title='bbox 1360 470 1551 544; x_wconf 87' lang='lat' dir='ltr'><strong>supplicium.</strong></span> <span class='ocrx_word' id='word_1_32' title='bbox 1573 473 1637 526; x_wconf 86' lang='lat' dir='ltr'><strong>Non</strong></span> <span class='ocrx_word' id='word_1_33' title='bbox 1658 469 1738 526; x_wconf 89' lang='lat' dir='ltr'><strong>enim</strong></span> <span class='ocrx_word' id='word_1_34' title='bbox 1760 467 1847 543; x_wconf 86' lang='lat' dir='ltr'><strong>parri</strong></span> 
     </span>
     <span class='ocr_line' id='line_1_5' title="bbox 443 557 1847 664; baseline -0.015 -33"><span class='ocrx_word' id='word_1_35' title='bbox 443 591 451 664; x_wconf 79' lang='grc'>(</span> <span class='ocrx_word' id='word_1_36' title='bbox 460 592 548 647; x_wconf 66' lang='lat' dir='ltr'><strong>,inno</strong></span> <span class='ocrx_word' id='word_1_37' title='bbox 576 593 627 650; x_wconf 70' lang='lat'><strong>953</strong></span> <span class='ocrx_word' id='word_1_38' title='bbox 641 593 663 664; x_wconf 45' lang='lat' dir='ltr'><strong>J·</strong></span> <span class='ocrx_word' id='word_1_39' title='bbox 1017 559 1103 633; x_wconf 90' lang='lat' dir='ltr'><strong>pretii</strong></span> <span class='ocrx_word' id='word_1_40' title='bbox 1118 573 1196 632; x_wconf 90' lang='lat' dir='ltr'><strong>opus</strong></span> <span class='ocrx_word' id='word_1_41' title='bbox 1221 559 1278 614; x_wconf 90' lang='lat' dir='ltr'><strong>sibi</strong></span> <span class='ocrx_word' id='word_1_42' title='bbox 1300 561 1435 614; x_wconf 83' lang='lat' dir='ltr'><strong>reservat</strong></span> <span class='ocrx_word' id='word_1_43' title='bbox 1459 559 1610 633; x_wconf 79' lang='lat' dir='ltr'><strong>praecipue</strong></span> <span class='ocrx_word' id='word_1_44' title='bbox 1635 573 1705 614; x_wconf 90' lang='lat' dir='ltr'><strong>cum</strong></span> <span class='ocrx_word' id='word_1_45' title='bbox 1727 557 1847 632; x_wconf 83' lang='lat' dir='ltr'><strong>azylum</strong></span> 
     </span>
    </p>
   </div>
   <div class='ocr_carea' id='block_1_3' title="bbox 134 645 1901 5518">
    <p class='ocr_par' dir='ltr' id='par_1_3' title="bbox 134 645 1901 5518">
     <span class='ocr_line' id='line_1_6' title="bbox 1017 645 1847 720; baseline 0.001 -18"><span class='ocrx_word' id='word_1_46' title='bbox 1017 647 1108 717; x_wconf 89' lang='lat' dir='ltr'><strong>illius,</strong></span> <span class='ocrx_word' id='word_1_47' title='bbox 1119 647 1203 719; x_wconf 91' lang='lat' dir='ltr'><strong>quod</strong></span> <span class='ocrx_word' id='word_1_48' title='bbox 1217 660 1313 720; x_wconf 86' lang='lat' dir='ltr'><strong>usque</strong></span> <span class='ocrx_word' id='word_1_49' title='bbox 1327 646 1472 702; x_wconf 89' lang='lat' dir='ltr'><strong>haetenus</strong></span> <span class='ocrx_word' id='word_1_50' title='bbox 1494 647 1603 703; x_wconf 84' lang='lat' dir='ltr'><strong>exstitit</strong></span> <span class='ocrx_word' id='word_1_51' title='bbox 1616 647 1718 714; x_wconf 85' lang='lat' dir='ltr'><strong>breve,</strong></span> <span class='ocrx_word' id='word_1_52' title='bbox 1740 661 1758 703; x_wconf 90' lang='lat' dir='ltr'><strong>a</strong></span> <span class='ocrx_word' id='word_1_53' title='bbox 1778 645 1847 702; x_wconf 87' lang='lat' dir='ltr'><strong>fun·</strong></span> 
     </span>
     <span class='ocr_line' id='line_1_7' title="bbox 264 717 1847 808; baseline 0 -18"><span class='ocrx_word' id='word_1_54' title='bbox 264 719 365 790; x_wconf 64' lang='lat' dir='ltr'><strong>[Pim-</strong></span> <span class='ocrx_word' id='word_1_55' title='bbox 382 719 516 774; x_wconf 60' lang='lat' dir='ltr'><strong>milim-</strong></span> <span class='ocrx_word' id='word_1_56' title='bbox 535 717 716 788; x_wconf 64' lang='lat' dir='ltr'><strong>Gemi-Leti·</strong></span> <span class='ocrx_word' id='word_1_57' title='bbox 733 721 826 792; x_wconf 74' lang='grc'>11301</span> <span class='ocrx_word' id='word_1_58' title='bbox 1019 735 1163 792; x_wconf 81' lang='lat' dir='ltr'><strong>dumento</strong></span> <span class='ocrx_word' id='word_1_59' title='bbox 1185 739 1230 792; x_wconf 89' lang='lat' dir='ltr'><strong>est</strong></span> <span class='ocrx_word' id='word_1_60' title='bbox 1249 735 1394 808; x_wconf 84' lang='lat' dir='ltr'><strong>praeclaro</strong></span> <span class='ocrx_word' id='word_1_61' title='bbox 1416 749 1507 808; x_wconf 89' lang='lat' dir='ltr'><strong>opere</strong></span> <span class='ocrx_word' id='word_1_62' title='bbox 1531 739 1745 808; x_wconf 83' lang='lat' dir='ltr'><strong>constructum,</strong></span> <span class='ocrx_word' id='word_1_63' title='bbox 1769 733 1847 791; x_wconf 89' lang='lat' dir='ltr'><strong>etin</strong></span> 
     </span>
     <span class='ocr_line' id='line_1_8' title="bbox 175 823 1848 904; baseline 0.001 -25"><span class='ocrx_word' id='word_1_64' title='bbox 175 827 232 880; x_wconf 86' lang='lat' dir='ltr'><strong>Nos</strong></span> <span class='ocrx_word' id='word_1_65' title='bbox 247 823 420 881; x_wconf 89' lang='lat' dir='ltr'><strong>audivimus</strong></span> <span class='ocrx_word' id='word_1_66' title='bbox 433 824 531 882; x_wconf 84' lang='lat' dir='ltr'><strong>dicere</strong></span> <span class='ocrx_word' id='word_1_67' title='bbox 546 825 619 899; x_wconf 87' lang='lat' dir='ltr'><strong>quia</strong></span> <span class='ocrx_word' id='word_1_68' title='bbox 633 842 687 882; x_wconf 89' lang='lat' dir='ltr'><strong>vos</strong></span> <span class='ocrx_word' id='word_1_69' title='bbox 701 826 787 882; x_wconf 86' lang='lat' dir='ltr'><strong>ruitis</strong></span> <span class='ocrx_word' id='word_1_70' title='bbox 803 826 893 884; x_wconf 88' lang='lat' dir='ltr'><strong>alium</strong></span> <span class='ocrx_word' id='word_1_71' title='bbox 913 845 965 904; x_wconf 88' lang='lat' dir='ltr'><strong>pa·</strong></span> <span class='ocrx_word' id='word_1_72' title='bbox 1019 824 1205 882; x_wconf 79' lang='lat' dir='ltr'><strong>altitudinem</strong></span> <span class='ocrx_word' id='word_1_73' title='bbox 1221 824 1368 881; x_wconf 83' lang='lat' dir='ltr'><strong>elevatum</strong></span> <span class='ocrx_word' id='word_1_74' title='bbox 1383 829 1472 897; x_wconf 88' lang='lat' dir='ltr'><strong>atquc</strong></span> <span class='ocrx_word' id='word_1_75' title='bbox 1487 825 1517 880; x_wconf 92' lang='lat' dir='ltr'><strong>in</strong></span> <span class='ocrx_word' id='word_1_76' title='bbox 1537 823 1725 880; x_wconf 86' lang='lat' dir='ltr'><strong>latitudinem</strong></span> <span class='ocrx_word' id='word_1_77' title='bbox 1746 827 1848 880; x_wconf 86' lang='lat' dir='ltr'><strong>exten·</strong></span> 
     </span>
     <span class='ocr_line' id='line_1_9' title="bbox 139 911 1848 986; baseline -0.001 -16"><span class='ocrx_word' id='word_1_78' title='bbox 139 927 211 986; x_wconf 85' lang='lat' dir='ltr'><strong>pam</strong></span> <span class='ocrx_word' id='word_1_79' title='bbox 225 912 343 982; x_wconf 81' lang='lat' dir='ltr'><strong>lacere3</strong></span> <span class='ocrx_word' id='word_1_80' title='bbox 360 913 385 969; x_wconf 90' lang='lat' dir='ltr'><strong>si</strong></span> <span class='ocrx_word' id='word_1_81' title='bbox 399 914 457 970; x_wconf 92' lang='lat' dir='ltr'><strong>hoc</strong></span> <span class='ocrx_word' id='word_1_82' title='bbox 470 913 575 981; x_wconf 88' lang='lat' dir='ltr'><strong>facitis,</strong></span> <span class='ocrx_word' id='word_1_83' title='bbox 602 915 831 971; x_wconf 85' lang='lat' dir='ltr'><strong>excommunico</strong></span> <span class='ocrx_word' id='word_1_84' title='bbox 854 931 909 970; x_wconf 86' lang='lat' dir='ltr'><strong>ros</strong></span> <span class='ocrx_word' id='word_1_85' title='bbox 928 917 965 974; x_wconf 87' lang='lat' dir='ltr'><strong>de</strong></span> <span class='ocrx_word' id='word_1_86' title='bbox 1020 931 1097 970; x_wconf 88' lang='lat' dir='ltr'><strong>sum.</strong></span> <span class='ocrx_word' id='word_1_87' title='bbox 1115 916 1149 970; x_wconf 84' lang='lat' dir='ltr'><strong>Et</strong></span> <span class='ocrx_word' id='word_1_88' title='bbox 1161 913 1244 986; x_wconf 93' lang='lat' dir='ltr'><strong>quod</strong></span> <span class='ocrx_word' id='word_1_89' title='bbox 1258 918 1347 970; x_wconf 90' lang='lat' dir='ltr'><strong>antea</strong></span> <span class='ocrx_word' id='word_1_90' title='bbox 1360 912 1518 970; x_wconf 83' lang='lat' dir='ltr'><strong>ridebatur</strong></span> <span class='ocrx_word' id='word_1_91' title='bbox 1530 911 1675 982; x_wconf 89' lang='lat' dir='ltr'><strong>strictum,</strong></span> <span class='ocrx_word' id='word_1_92' title='bbox 1699 915 1728 968; x_wconf 94' lang='lat' dir='ltr'><strong>et</strong></span> <span class='ocrx_word' id='word_1_93' title='bbox 1745 911 1848 969; x_wconf 86' lang='lat' dir='ltr'><strong>obsce·</strong></span> 
     </span>
     <span class='ocr_line' id='line_1_10' title="bbox 139 999 1849 1074; baseline -0.001 -18"><span class='ocrx_word' id='word_1_94' title='bbox 139 1003 199 1057; x_wconf 88' lang='lat' dir='ltr'><strong>Deo</strong></span> <span class='ocrx_word' id='word_1_95' title='bbox 214 1001 420 1074; x_wconf 83' lang='lat' dir='ltr'><strong>omnipotenti,</strong></span> <span class='ocrx_word' id='word_1_96' title='bbox 430 1005 530 1058; x_wconf 91' lang='lat' dir='ltr'><strong>utnon</strong></span> <span class='ocrx_word' id='word_1_97' title='bbox 538 1002 673 1060; x_wconf 88' lang='lat' dir='ltr'><strong>habeatis</strong></span> <span class='ocrx_word' id='word_1_98' title='bbox 687 1002 836 1060; x_wconf 87' lang='lat' dir='ltr'><strong>licentiam</strong></span> <span class='ocrx_word' id='word_1_99' title='bbox 850 1001 967 1060; x_wconf 91' lang='lat' dir='ltr'><strong>nullum</strong></span> <span class='ocrx_word' id='word_1_100' title='bbox 1020 1017 1105 1072; x_wconf 90' lang='lat' dir='ltr'><strong>num,</strong></span> <span class='ocrx_word' id='word_1_101' title='bbox 1121 1017 1202 1058; x_wconf 92' lang='lat' dir='ltr'><strong>nunc</strong></span> <span class='ocrx_word' id='word_1_102' title='bbox 1217 1001 1318 1058; x_wconf 86' lang='lat' dir='ltr'><strong>divina</strong></span> <span class='ocrx_word' id='word_1_103' title='bbox 1332 1005 1483 1074; x_wconf 75' lang='lat' dir='ltr'><strong>praeeunte</strong></span> <span class='ocrx_word' id='word_1_104' title='bbox 1498 999 1656 1057; x_wconf 82' lang='lat' dir='ltr'><strong>clementia</strong></span> <span class='ocrx_word' id='word_1_105' title='bbox 1668 999 1849 1072; x_wconf 82' lang='lat' dir='ltr'><strong>conspicitur</strong></span> 
     </span>
     <span class='ocr_line' id='line_1_11' title="bbox 139 1087 1849 1164; baseline -0.001 -18"><span class='ocrx_word' id='word_1_106' title='bbox 139 1089 277 1148; x_wconf 88' lang='lat' dir='ltr'><strong>ordinere</strong></span> <span class='ocrx_word' id='word_1_107' title='bbox 292 1093 320 1147; x_wconf 91' lang='lat' dir='ltr'><strong>et</strong></span> <span class='ocrx_word' id='word_1_108' title='bbox 335 1091 458 1148; x_wconf 88' lang='lat' dir='ltr'><strong>missam</strong></span> <span class='ocrx_word' id='word_1_109' title='bbox 472 1091 632 1150; x_wconf 87' lang='lat' dir='ltr'><strong>celebrare.</strong></span> <span class='ocrx_word' id='word_1_110' title='bbox 1020 1091 1135 1147; x_wconf 91' lang='lat' dir='ltr'><strong>clarum</strong></span> <span class='ocrx_word' id='word_1_111' title='bbox 1147 1097 1176 1148; x_wconf 90' lang='lat' dir='ltr'><strong>et</strong></span> <span class='ocrx_word' id='word_1_112' title='bbox 1190 1090 1360 1164; x_wconf 90' lang='lat' dir='ltr'><strong>pulchrum.</strong></span> <span class='ocrx_word' id='word_1_113' title='bbox 1376 1090 1551 1148; x_wconf 86' lang='lat' dir='ltr'><strong>sicutenim</strong></span> <span class='ocrx_word' id='word_1_114' title='bbox 1566 1089 1708 1146; x_wconf 86' lang='lat' dir='ltr'><strong>cumdem</strong></span> <span class='ocrx_word' id='word_1_115' title='bbox 1729 1087 1849 1162; x_wconf 80' lang='lat' dir='ltr'><strong>asylum</strong></span> 
     </span>
     <span class='ocr_line' id='line_1_12' title="bbox 537 1175 1851 1251; baseline -0.005 -13"><span class='ocrx_word' id='word_1_116' title='bbox 537 1229 572 1238; x_wconf 68' lang='grc'>-</span> <span class='ocrx_word' id='word_1_117' title='bbox 1022 1179 1061 1233; x_wconf 84' lang='lat' dir='ltr'><strong>ad</strong></span> <span class='ocrx_word' id='word_1_118' title='bbox 1071 1178 1330 1236; x_wconf 88' lang='lat' dir='ltr'><strong>honorificentiam</strong></span> <span class='ocrx_word' id='word_1_119' title='bbox 1346 1177 1560 1251; x_wconf 90' lang='lat' dir='ltr'><strong>omnipotentis</strong></span> <span class='ocrx_word' id='word_1_120' title='bbox 1568 1177 1618 1233; x_wconf 86' lang='lat' dir='ltr'><strong>Dei</strong></span> <span class='ocrx_word' id='word_1_121' title='bbox 1632 1181 1662 1233; x_wconf 92' lang='lat' dir='ltr'><strong>et</strong></span> <span class='ocrx_word' id='word_1_122' title='bbox 1672 1175 1851 1251; x_wconf 88' lang='lat' dir='ltr'><strong>pretiosissi-</strong></span> 
     </span>
     <span class='ocr_line' id='line_1_13' title="bbox 1022 1265 1851 1342; baseline 0 -20"><span class='ocrx_word' id='word_1_123' title='bbox 1022 1265 1064 1322; x_wconf 91' lang='lat' dir='ltr'><strong>mi</strong></span> <span class='ocrx_word' id='word_1_124' title='bbox 1079 1265 1248 1342; x_wconf 83' lang='lat' dir='ltr'><strong>Tryphonis</strong></span> <span class='ocrx_word' id='word_1_125' title='bbox 1262 1269 1403 1341; x_wconf 87' lang='lat' dir='ltr'><strong>martyris</strong></span> <span class='ocrx_word' id='word_1_126' title='bbox 1418 1273 1462 1325; x_wconf 87' lang='lat' dir='ltr'><strong>est</strong></span> <span class='ocrx_word' id='word_1_127' title='bbox 1480 1271 1646 1341; x_wconf 89' lang='lat' dir='ltr'><strong>peractum,</strong></span> <span class='ocrx_word' id='word_1_128' title='bbox 1675 1267 1717 1323; x_wconf 88' lang='lat' dir='ltr'><strong>ita</strong></span> <span class='ocrx_word' id='word_1_129' title='bbox 1736 1266 1851 1339; x_wconf 87' lang='lat' dir='ltr'><strong>optima</strong></span> 
     </span>
     <span class='ocr_line' id='line_1_14' title="bbox 448 1324 1851 1414; baseline 0.001 -4"><span class='ocrx_word' id='word_1_130' title='bbox 448 1381 452 1386; x_wconf 92' lang='lat'>·</span> <span class='ocrx_word' id='word_1_131' title='bbox 472 1325 500 1378; x_wconf 74' lang='lat' dir='ltr'><em>D</em></span> <span class='ocrx_word' id='word_1_132' title='bbox 512 1325 572 1380; x_wconf 66' lang='grc' dir='ltr'><strong>ΠΒ</strong></span> <span class='ocrx_word' id='word_1_133' title='bbox 581 1325 599 1380; x_wconf 72' lang='grc' dir='ltr'><em>Ῑ</em></span> <span class='ocrx_word' id='word_1_134' title='bbox 605 1324 631 1379; x_wconf 70' lang='grc' dir='ltr'><em>Α</em></span> <span class='ocrx_word' id='word_1_135' title='bbox 1022 1355 1172 1414; x_wconf 89' lang='lat' dir='ltr'><strong>domicilia</strong></span> <span class='ocrx_word' id='word_1_136' title='bbox 1187 1362 1215 1413; x_wconf 92' lang='lat' dir='ltr'><strong>et</strong></span> <span class='ocrx_word' id='word_1_137' title='bbox 1227 1357 1304 1413; x_wconf 69' lang='lat' dir='ltr'><strong>liene</strong></span> <span class='ocrx_word' id='word_1_138' title='bbox 1317 1357 1457 1414; x_wconf 83' lang='lat' dir='ltr'><strong>decorata</strong></span> <span class='ocrx_word' id='word_1_139' title='bbox 1467 1357 1619 1414; x_wconf 90' lang='lat' dir='ltr'><strong>invenient</strong></span> <span class='ocrx_word' id='word_1_140' title='bbox 1633 1355 1851 1413; x_wconf 70' lang='grc'>0010001000-</span> 
     </span>
     <span class='ocr_line' id='line_1_15' title="bbox 516 1443 1852 1520; baseline -0.004 -16"><span class='ocrx_word' id='word_1_141' title='bbox 516 1449 592 1505; x_wconf 90' lang='lat' dir='ltr'><strong>llVll.</strong></span> <span class='ocrx_word' id='word_1_142' title='bbox 1021 1443 1209 1517; x_wconf 72' lang='grc'>10011001010,</span> <span class='ocrx_word' id='word_1_143' title='bbox 1232 1445 1330 1520; x_wconf 91' lang='lat' dir='ltr'><strong>quiin</strong></span> <span class='ocrx_word' id='word_1_144' title='bbox 1353 1446 1431 1501; x_wconf 87' lang='lat' dir='ltr'><strong>iflius</strong></span> <span class='ocrx_word' id='word_1_145' title='bbox 1451 1445 1598 1502; x_wconf 87' lang='lat' dir='ltr'><strong>erectione</strong></span> <span class='ocrx_word' id='word_1_146' title='bbox 1621 1444 1765 1518; x_wconf 82' lang='lat' dir='ltr'><strong>prodesse</strong></span> <span class='ocrx_word' id='word_1_147' title='bbox 1792 1446 1852 1499; x_wconf 91' lang='lat' dir='ltr'><strong>stu·</strong></span> 
     </span>
     <span class='ocr_line' id='line_1_16' title="bbox 138 1532 1852 1630; baseline -0.004 -19"><span class='ocrx_word' id='word_1_148' title='bbox 138 1567 251 1611; x_wconf 75' lang='lat' dir='ltr'><strong>ioannis</strong></span> <span class='ocrx_word' id='word_1_149' title='bbox 266 1571 343 1611; x_wconf 74' lang='lat' dir='ltr'><strong>rara</strong></span> <span class='ocrx_word' id='word_1_150' title='bbox 355 1573 392 1611; x_wconf 82' lang='lat' dir='ltr'><strong>ru</strong></span> <span class='ocrx_word' id='word_1_151' title='bbox 406 1573 539 1613; x_wconf 78' lang='lat' dir='ltr'><strong>rrrsrons</strong></span> <span class='ocrx_word' id='word_1_152' title='bbox 560 1573 596 1612; x_wconf 79' lang='lat' dir='ltr'><strong>ln</strong></span> <span class='ocrx_word' id='word_1_153' title='bbox 617 1573 741 1612; x_wconf 76' lang='lat' dir='ltr'><strong>rosanae</strong></span> <span class='ocrx_word' id='word_1_154' title='bbox 762 1571 968 1612; x_wconf 74' lang='grc'>1000000001-</span> <span class='ocrx_word' id='word_1_155' title='bbox 1022 1532 1286 1630; x_wconf 58' lang='grc' dir='ltr'>(ῘΠθΓΠΠῑχῧθῦἀθ1</span> <span class='ocrx_word' id='word_1_156' title='bbox 1301 1534 1381 1590; x_wconf 67' lang='lat' dir='ltr'><strong>essim</strong></span> <span class='ocrx_word' id='word_1_157' title='bbox 1393 1533 1457 1607; x_wconf 68' lang='lat' dir='ltr'><strong>ii)-ie</strong></span> <span class='ocrx_word' id='word_1_158' title='bbox 1470 1532 1724 1630; x_wconf 54' lang='lat' dir='ltr'><strong>emissessiisiimus</strong></span> <span class='ocrx_word' id='word_1_159' title='bbox 1737 1535 1852 1630; x_wconf 57' lang='lat' dir='ltr'><strong>millii?</strong></span> 
     </span>
     <span class='ocr_line' id='line_1_17' title="bbox 175 1619 1851 1711; baseline -0.001 -36"><span class='ocrx_word' id='word_1_160' title='bbox 175 1659 286 1711; x_wconf 50' lang='lat' dir='ltr'><strong>mmm,</strong></span> <span class='ocrx_word' id='word_1_161' title='bbox 321 1661 445 1700; x_wconf 59' lang='lat' dir='ltr'><strong>mm„</strong></span> <span class='ocrx_word' id='word_1_162' title='bbox 474 1661 615 1702; x_wconf 56' lang='lat' dir='ltr'>SECUNDUM</span> <span class='ocrx_word' id='word_1_163' title='bbox 639 1663 673 1700; x_wconf 64' lang='lat' dir='ltr'><strong>E,</strong></span> <span class='ocrx_word' id='word_1_164' title='bbox 698 1661 821 1700; x_wconf 58' lang='lat' dir='ltr'><strong>,mm</strong></span> <span class='ocrx_word' id='word_1_165' title='bbox 847 1619 1851 1699; x_wconf 64' lang='lat' dir='ltr'><strong>TERTIUM13cumClrrrsto,{gaudebuntetomuosrllrusservrtores</strong></span> 
     </span>
     <span class='ocr_line' id='line_1_18' title="bbox 174 1707 1852 1788; baseline 0.001 -27"><span class='ocrx_word' id='word_1_166' title='bbox 174 1745 377 1788; x_wconf 34' lang='lat' dir='ltr'><strong>,nmmos-</strong></span> <span class='ocrx_word' id='word_1_167' title='bbox 1021 1707 1074 1779; x_wconf 88' lang='lat' dir='ltr'><strong>qui</strong></span> <span class='ocrx_word' id='word_1_168' title='bbox 1089 1711 1174 1776; x_wconf 82' lang='lat' dir='ltr'><strong>grata</strong></span> <span class='ocrx_word' id='word_1_169' title='bbox 1188 1707 1229 1762; x_wconf 91' lang='lat' dir='ltr'><strong>illi</strong></span> <span class='ocrx_word' id='word_1_170' title='bbox 1241 1707 1420 1779; x_wconf 88' lang='lat' dir='ltr'><strong>impendunt</strong></span> <span class='ocrx_word' id='word_1_171' title='bbox 1436 1709 1563 1766; x_wconf 84' lang='lat' dir='ltr'><strong>servitia.</strong></span> <span class='ocrx_word' id='word_1_172' title='bbox 1582 1709 1662 1766; x_wconf 90' lang='lat' dir='ltr'><strong>Sicut</strong></span> <span class='ocrx_word' id='word_1_173' title='bbox 1677 1709 1757 1764; x_wconf 89' lang='lat' dir='ltr'><strong>enim</strong></span> <span class='ocrx_word' id='word_1_174' title='bbox 1779 1723 1852 1781; x_wconf 91' lang='lat' dir='ltr'><strong>quo·</strong></span> 
     </span>
     <span class='ocr_line' id='line_1_19' title="bbox 460 1795 1901 1958; baseline 0.003 -21"><span class='ocrx_word' id='word_1_175' title='bbox 460 1837 558 1909; x_wconf 69' lang='lat' dir='ltr'><strong>err</strong></span> <span class='ocrx_word' id='word_1_176' title='bbox 572 1840 663 1908; x_wconf 64' lang='lat' dir='ltr'><strong>iri·</strong></span> <span class='ocrx_word' id='word_1_177' title='bbox 1021 1795 1091 1938; x_wconf 79' lang='lat' dir='ltr'><strong>lit</strong></span> <span class='ocrx_word' id='word_1_178' title='bbox 1105 1795 1853 1958; x_wconf 67' lang='lat' dir='ltr'><strong>¹ittittittiititiiiiii</strong></span> <span class='ocrx_word' id='word_1_179' title='bbox 1899 1876 1901 1886; x_wconf 18' lang='grc' dir='ltr'>ι</span> 
     </span>
     <span class='ocr_line' id='line_1_20' title="bbox 312 1925 1851 2046; baseline 0.002 -21"><span class='ocrx_word' id='word_1_180' title='bbox 312 1941 435 2013; x_wconf 46' lang='lat' dir='ltr'><strong>[Marini</strong></span> <span class='ocrx_word' id='word_1_181' title='bbox 449 1943 580 2012; x_wconf 56' lang='lat' dir='ltr'><strong>mmm·</strong></span> <span class='ocrx_word' id='word_1_182' title='bbox 595 1944 723 2012; x_wconf 56' lang='lat' dir='ltr'><strong>P⁰niife</strong></span> <span class='ocrx_word' id='word_1_183' title='bbox 738 1943 793 2012; x_wconf 69' lang='lat' dir='ltr'><strong>⁶5i·</strong></span> <span class='ocrx_word' id='word_1_184' title='bbox 1023 1925 1141 2026; x_wconf 71' lang='lat' dir='ltr'><strong>debent·</strong></span> <span class='ocrx_word' id='word_1_185' title='bbox 1157 1969 1221 2026; x_wconf 91' lang='lat' dir='ltr'><strong>lieri</strong></span> <span class='ocrx_word' id='word_1_186' title='bbox 1247 1971 1405 2043; x_wconf 87' lang='lat' dir='ltr'><strong>obsequia.</strong></span> <span class='ocrx_word' id='word_1_187' title='bbox 1432 1972 1615 2029; x_wconf 86' lang='lat' dir='ltr'><strong>Glorilicetur</strong></span> <span class='ocrx_word' id='word_1_188' title='bbox 1629 1988 1751 2046; x_wconf 91' lang='lat' dir='ltr'><strong>quoque</strong></span> <span class='ocrx_word' id='word_1_189' title='bbox 1773 1977 1851 2030; x_wconf 85' lang='lat' dir='ltr'><strong>Deus</strong></span> 
     </span>
     <span class='ocr_line' id='line_1_21' title="bbox 175 2048 1852 2133; baseline 0.001 -31"><span class='ocrx_word' id='word_1_190' title='bbox 175 2049 297 2105; x_wconf 78' lang='lat' dir='ltr'><strong>tornare</strong></span> <span class='ocrx_word' id='word_1_191' title='bbox 310 2048 480 2121; x_wconf 88' lang='lat' dir='ltr'><strong>episeopus,</strong></span> <span class='ocrx_word' id='word_1_192' title='bbox 496 2064 601 2104; x_wconf 88' lang='lat' dir='ltr'><strong>servus</strong></span> <span class='ocrx_word' id='word_1_193' title='bbox 616 2063 771 2106; x_wconf 86' lang='lat' dir='ltr'><strong>servorum</strong></span> <span class='ocrx_word' id='word_1_194' title='bbox 783 2048 843 2116; x_wconf 80' lang='lat' dir='ltr'><strong>liei,</strong></span> <span class='ocrx_word' id='word_1_195' title='bbox 854 2048 969 2104; x_wconf 87' lang='lat' dir='ltr'><strong>dilectis</strong></span> <span class='ocrx_word' id='word_1_196' title='bbox 1022 2073 1076 2131; x_wconf 80' lang='lat' dir='ltr'><strong>pon</strong></span> <span class='ocrx_word' id='word_1_197' title='bbox 1090 2073 1146 2114; x_wconf 75' lang='lat' dir='ltr'><strong>noo</strong></span> <span class='ocrx_word' id='word_1_198' title='bbox 1158 2057 1290 2114; x_wconf 69' lang='lat' dir='ltr'><strong>romolos</strong></span> <span class='ocrx_word' id='word_1_199' title='bbox 1304 2059 1333 2114; x_wconf 84' lang='lat' dir='ltr'><strong>in</strong></span> <span class='ocrx_word' id='word_1_200' title='bbox 1347 2073 1383 2115; x_wconf 78' lang='lat' dir='ltr'><strong>oo</strong></span> <span class='ocrx_word' id='word_1_201' title='bbox 1398 2063 1431 2115; x_wconf 82' lang='lat' dir='ltr'><strong>nt</strong></span> <span class='ocrx_word' id='word_1_202' title='bbox 1440 2063 1561 2116; x_wconf 67' lang='lat' dir='ltr'><strong>sonnino</strong></span> <span class='ocrx_word' id='word_1_203' title='bbox 1581 2065 1706 2133; x_wconf 54' lang='lat' dir='ltr'><strong>marim,</strong></span> <span class='ocrx_word' id='word_1_204' title='bbox 1722 2075 1777 2132; x_wconf 71' lang='lat' dir='ltr'><strong>pm</strong></span> <span class='ocrx_word' id='word_1_205' title='bbox 1800 2075 1852 2116; x_wconf 70' lang='lat' dir='ltr'><strong>oo.</strong></span> 
     </span>
     <span class='ocr_line' id='line_1_22' title="bbox 139 2136 1852 2220; baseline 0.008 -28"><span class='ocrx_word' id='word_1_206' title='bbox 139 2136 170 2192; x_wconf 92' lang='lat' dir='ltr'><strong>in</strong></span> <span class='ocrx_word' id='word_1_207' title='bbox 186 2137 299 2194; x_wconf 86' lang='lat' dir='ltr'><strong>Christo</strong></span> <span class='ocrx_word' id='word_1_208' title='bbox 309 2137 376 2193; x_wconf 84' lang='lat' dir='ltr'><strong>liliis</strong></span> <span class='ocrx_word' id='word_1_209' title='bbox 390 2139 489 2194; x_wconf 78' lang='lat' dir='ltr'><strong>ioanni</strong></span> <span class='ocrx_word' id='word_1_210' title='bbox 504 2137 645 2207; x_wconf 82' lang='lat' dir='ltr'><strong>religioso</strong></span> <span class='ocrx_word' id='word_1_211' title='bbox 660 2137 931 2210; x_wconf 78' lang='lat' dir='ltr'><strong>archipresbytero,</strong></span> <span class='ocrx_word' id='word_1_212' title='bbox 941 2141 970 2194; x_wconf 81' lang='lat' dir='ltr'><strong>et</strong></span> <span class='ocrx_word' id='word_1_213' title='bbox 1020 2147 1071 2217; x_wconf 90' lang='lat' dir='ltr'><strong>jus</strong></span> <span class='ocrx_word' id='word_1_214' title='bbox 1087 2161 1189 2203; x_wconf 89' lang='lat' dir='ltr'><strong>amore</strong></span> <span class='ocrx_word' id='word_1_215' title='bbox 1204 2151 1250 2203; x_wconf 90' lang='lat' dir='ltr'><strong>est</strong></span> <span class='ocrx_word' id='word_1_216' title='bbox 1264 2151 1445 2216; x_wconf 85' lang='lat' dir='ltr'><strong>constructa,</strong></span> <span class='ocrx_word' id='word_1_217' title='bbox 1468 2148 1525 2204; x_wconf 87' lang='lat' dir='ltr'><strong>sibi</strong></span> <span class='ocrx_word' id='word_1_218' title='bbox 1549 2149 1702 2220; x_wconf 84' lang='lat' dir='ltr'><strong>subjectos</strong></span> <span class='ocrx_word' id='word_1_219' title='bbox 1723 2147 1852 2205; x_wconf 82' lang='lat' dir='ltr'><strong>famulos</strong></span> 
     </span>
     <span class='ocr_line' id='line_1_23' title="bbox 139 2225 1850 2311; baseline 0.002 -20"><span class='ocrx_word' id='word_1_220' title='bbox 139 2229 237 2282; x_wconf 75' lang='lat' dir='ltr'><strong>toran</strong></span> <span class='ocrx_word' id='word_1_221' title='bbox 252 2227 396 2291; x_wconf 83' lang='lat' dir='ltr'><strong>secundo,</strong></span> <span class='ocrx_word' id='word_1_222' title='bbox 412 2231 502 2300; x_wconf 82' lang='lat' dir='ltr'><strong>atque</strong></span> <span class='ocrx_word' id='word_1_223' title='bbox 517 2229 621 2282; x_wconf 72' lang='lat' dir='ltr'><strong>aaron</strong></span> <span class='ocrx_word' id='word_1_224' title='bbox 635 2227 718 2282; x_wconf 80' lang='lat' dir='ltr'><strong>tertio</strong></span> <span class='ocrx_word' id='word_1_225' title='bbox 739 2225 885 2298; x_wconf 69' lang='lat' dir='ltr'><strong>religiosis</strong></span> <span class='ocrx_word' id='word_1_226' title='bbox 901 2241 969 2298; x_wconf 79' lang='lat' dir='ltr'><strong>prc-</strong></span> <span class='ocrx_word' id='word_1_227' title='bbox 1023 2239 1118 2292; x_wconf 84' lang='lat' dir='ltr'><strong>neum</strong></span> <span class='ocrx_word' id='word_1_228' title='bbox 1130 2236 1321 2294; x_wconf 80' lang='lat' dir='ltr'><strong>laudantium</strong></span> <span class='ocrx_word' id='word_1_229' title='bbox 1335 2237 1374 2294; x_wconf 81' lang='lat' dir='ltr'><strong>aa</strong></span> <span class='ocrx_word' id='word_1_230' title='bbox 1387 2241 1530 2294; x_wconf 78' lang='lat' dir='ltr'><strong>eternam</strong></span> <span class='ocrx_word' id='word_1_231' title='bbox 1544 2237 1690 2311; x_wconf 83' lang='lat' dir='ltr'><strong>perducat</strong></span> <span class='ocrx_word' id='word_1_232' title='bbox 1713 2237 1850 2308; x_wconf 79' lang='lat' dir='ltr'><strong>gloriam.</strong></span> 
     </span>
     <span class='ocr_line' id='line_1_24' title="bbox 140 2314 1852 2399; baseline 0.008 -29"><span class='ocrx_word' id='word_1_233' title='bbox 140 2314 268 2387; x_wconf 85' lang='lat' dir='ltr'><strong>sbytcris</strong></span> <span class='ocrx_word' id='word_1_234' title='bbox 280 2319 370 2388; x_wconf 84' lang='lat' dir='ltr'><strong>atquc</strong></span> <span class='ocrx_word' id='word_1_235' title='bbox 384 2316 449 2387; x_wconf 88' lang='lat' dir='ltr'><strong>ejus</strong></span> <span class='ocrx_word' id='word_1_236' title='bbox 464 2315 663 2372; x_wconf 85' lang='lat' dir='ltr'><strong>contratribus</strong></span> <span class='ocrx_word' id='word_1_237' title='bbox 675 2316 842 2388; x_wconf 86' lang='lat' dir='ltr'><strong>vestrisque</strong></span> <span class='ocrx_word' id='word_1_238' title='bbox 852 2329 971 2372; x_wconf 85' lang='lat' dir='ltr'><strong>sucees-</strong></span> <span class='ocrx_word' id='word_1_239' title='bbox 1023 2324 1133 2382; x_wconf 81' lang='lat' dir='ltr'><strong>Pariter</strong></span> <span class='ocrx_word' id='word_1_240' title='bbox 1156 2325 1373 2382; x_wconf 88' lang='lat' dir='ltr'><strong>confirmamus</strong></span> <span class='ocrx_word' id='word_1_241' title='bbox 1400 2326 1486 2383; x_wconf 87' lang='lat' dir='ltr'><strong>robis</strong></span> <span class='ocrx_word' id='word_1_242' title='bbox 1516 2329 1544 2383; x_wconf 89' lang='lat' dir='ltr'><strong>et</strong></span> <span class='ocrx_word' id='word_1_243' title='bbox 1564 2331 1669 2384; x_wconf 74' lang='lat' dir='ltr'><strong>vestr·</strong></span> <span class='ocrx_word' id='word_1_244' title='bbox 1686 2328 1752 2399; x_wconf 84' lang='lat' dir='ltr'><strong>jam</strong></span> <span class='ocrx_word' id='word_1_245' title='bbox 1766 2325 1852 2383; x_wconf 75' lang='lat' dir='ltr'><strong>diotae</strong></span> 
     </span>
     <span class='ocr_line' id='line_1_25' title="bbox 140 2403 1852 2489; baseline -0.003 -12"><span class='ocrx_word' id='word_1_246' title='bbox 140 2403 506 2477; x_wconf 61' lang='lat' dir='ltr'><strong>⁸⁰i1b1¹³ifll³0ilieilfflffi</strong></span> <span class='ocrx_word' id='word_1_247' title='bbox 1023 2413 1159 2470; x_wconf 80' lang='grc' dir='ltr'>11οο10010</span> <span class='ocrx_word' id='word_1_248' title='bbox 1175 2415 1269 2470; x_wconf 85' lang='grc'>000011</span> <span class='ocrx_word' id='word_1_249' title='bbox 1283 2415 1450 2488; x_wconf 87' lang='lat' dir='ltr'><strong>Tryphonis</strong></span> <span class='ocrx_word' id='word_1_250' title='bbox 1472 2415 1636 2472; x_wconf 87' lang='lat' dir='ltr'><strong>oratorium</strong></span> <span class='ocrx_word' id='word_1_251' title='bbox 1655 2416 1738 2489; x_wconf 89' lang='lat' dir='ltr'><strong>quod</strong></span> <span class='ocrx_word' id='word_1_252' title='bbox 1758 2415 1852 2472; x_wconf 79' lang='lat' dir='ltr'><strong>aedifi·</strong></span> 
     </span>
     <span class='ocr_line' id='line_1_26' title="bbox 175 2503 1850 2584; baseline -0.001 -22"><span class='ocrx_word' id='word_1_253' title='bbox 175 2511 318 2566; x_wconf 84' lang='lat' dir='ltr'><strong>Convenit</strong></span> <span class='ocrx_word' id='word_1_254' title='bbox 345 2511 509 2583; x_wconf 75' lang='lat' dir='ltr'><strong>apostolico</strong></span> <span class='ocrx_word' id='word_1_255' title='bbox 533 2509 733 2568; x_wconf 74' lang='lat' dir='ltr'><strong>moderamini</strong></span> <span class='ocrx_word' id='word_1_256' title='bbox 756 2512 807 2584; x_wconf 81' lang='lat' dir='ltr'><strong>pio</strong></span> <span class='ocrx_word' id='word_1_257' title='bbox 825 2509 969 2580; x_wconf 76' lang='lat' dir='ltr'><strong>religione</strong></span> <span class='ocrx_word' id='word_1_258' title='bbox 1023 2507 1124 2559; x_wconf 88' lang='lat' dir='ltr'><strong>catum</strong></span> <span class='ocrx_word' id='word_1_259' title='bbox 1137 2507 1181 2558; x_wconf 89' lang='lat' dir='ltr'><strong>est</strong></span> <span class='ocrx_word' id='word_1_260' title='bbox 1191 2503 1445 2561; x_wconf 89' lang='lat' dir='ltr'><strong>inhonoresancti</strong></span> <span class='ocrx_word' id='word_1_261' title='bbox 1460 2505 1600 2579; x_wconf 89' lang='lat' dir='ltr'><strong>Stephani</strong></span> <span class='ocrx_word' id='word_1_262' title='bbox 1611 2505 1850 2578; x_wconf 86' lang='lat' dir='ltr'><strong>protomartyris,</strong></span> 
     </span>
     <span class='ocr_line' id='line_1_27' title="bbox 138 2591 1862 2678; baseline 0 -28"><span class='ocrx_word' id='word_1_263' title='bbox 138 2597 320 2671; x_wconf 83' lang='lat' dir='ltr'><strong>pollentibus</strong></span> <span class='ocrx_word' id='word_1_264' title='bbox 342 2599 490 2656; x_wconf 75' lang='lat' dir='ltr'><strong>benevola</strong></span> <span class='ocrx_word' id='word_1_265' title='bbox 512 2600 725 2678; x_wconf 68' lang='lat' dir='ltr'><strong>compassione</strong></span> <span class='ocrx_word' id='word_1_266' title='bbox 750 2613 922 2656; x_wconf 76' lang='lat' dir='ltr'><strong>snoomnono</strong></span> <span class='ocrx_word' id='word_1_267' title='bbox 940 2599 969 2656; x_wconf 79' lang='lat' dir='ltr'><strong>ot</strong></span> <span class='ocrx_word' id='word_1_268' title='bbox 1022 2607 1091 2647; x_wconf 90' lang='lat' dir='ltr'><strong>cum</strong></span> <span class='ocrx_word' id='word_1_269' title='bbox 1104 2591 1187 2648; x_wconf 90' lang='lat' dir='ltr'><strong>libris</strong></span> <span class='ocrx_word' id='word_1_270' title='bbox 1200 2595 1228 2648; x_wconf 91' lang='grc'><strong>01</strong></span> <span class='ocrx_word' id='word_1_271' title='bbox 1237 2593 1421 2649; x_wconf 90' lang='lat' dir='ltr'><strong>ornamentis</strong></span> <span class='ocrx_word' id='word_1_272' title='bbox 1436 2592 1529 2666; x_wconf 86' lang='lat' dir='ltr'><strong>ipsius</strong></span> <span class='ocrx_word' id='word_1_273' title='bbox 1542 2593 1663 2650; x_wconf 88' lang='lat' dir='ltr'><strong>oratorii</strong></span> <span class='ocrx_word' id='word_1_274' title='bbox 1673 2597 1702 2650; x_wconf 89' lang='lat' dir='ltr'><strong>et</strong></span> <span class='ocrx_word' id='word_1_275' title='bbox 1710 2591 1862 2667; x_wconf 88' lang='lat' dir='ltr'><strong>porticale</strong></span> 
     </span>
     <span class='ocr_line' id='line_1_28' title="bbox 139 2680 1852 2763; baseline -0.001 -21"><span class='ocrx_word' id='word_1_276' title='bbox 139 2688 304 2760; x_wconf 86' lang='lat' dir='ltr'><strong>petentium</strong></span> <span class='ocrx_word' id='word_1_277' title='bbox 321 2689 430 2744; x_wconf 90' lang='lat' dir='ltr'><strong>animis</strong></span> <span class='ocrx_word' id='word_1_278' title='bbox 443 2687 674 2745; x_wconf 80' lang='lat' dir='ltr'><strong>desiderabilem</strong></span> <span class='ocrx_word' id='word_1_279' title='bbox 696 2689 851 2763; x_wconf 86' lang='lat' dir='ltr'><strong>impertiri·</strong></span> <span class='ocrx_word' id='word_1_280' title='bbox 865 2705 969 2746; x_wconf 85' lang='lat' dir='ltr'><strong>essen·</strong></span> <span class='ocrx_word' id='word_1_281' title='bbox 1019 2680 1106 2751; x_wconf 69' lang='lat' dir='ltr'><strong>juxta</strong></span> <span class='ocrx_word' id='word_1_282' title='bbox 1123 2695 1154 2736; x_wconf 75' lang='lat' dir='ltr'><strong>Se</strong></span> <span class='ocrx_word' id='word_1_283' title='bbox 1170 2685 1198 2736; x_wconf 83' lang='lat' dir='ltr'><strong>ei</strong></span> <span class='ocrx_word' id='word_1_284' title='bbox 1210 2685 1287 2737; x_wconf 73' lang='lat' dir='ltr'><strong>terta</strong></span> <span class='ocrx_word' id='word_1_285' title='bbox 1302 2685 1427 2738; x_wconf 78' lang='lat' dir='ltr'><strong>vacante</strong></span> <span class='ocrx_word' id='word_1_286' title='bbox 1449 2682 1488 2738; x_wconf 85' lang='lat' dir='ltr'><strong>ud</strong></span> <span class='ocrx_word' id='word_1_287' title='bbox 1506 2682 1720 2739; x_wconf 79' lang='lat' dir='ltr'><strong>tumulandum</strong></span> <span class='ocrx_word' id='word_1_288' title='bbox 1742 2681 1774 2739; x_wconf 89' lang='lat' dir='ltr'><strong>in</strong></span> <span class='ocrx_word' id='word_1_289' title='bbox 1799 2682 1852 2738; x_wconf 86' lang='lat' dir='ltr'><strong>cir·</strong></span> 
     </span>
     <span class='ocr_line' id='line_1_29' title="bbox 140 2770 1853 2852; baseline -0.004 -18"><span class='ocrx_word' id='word_1_290' title='bbox 140 2791 218 2831; x_wconf 85' lang='lat' dir='ltr'><strong>sum.</strong></span> <span class='ocrx_word' id='word_1_291' title='bbox 234 2779 315 2832; x_wconf 90' lang='lat' dir='ltr'><strong>Tunc</strong></span> <span class='ocrx_word' id='word_1_292' title='bbox 330 2777 410 2832; x_wconf 90' lang='lat' dir='ltr'><strong>enlm</strong></span> <span class='ocrx_word' id='word_1_293' title='bbox 424 2777 617 2849; x_wconf 89' lang='lat' dir='ltr'><strong>potissimum</strong></span> <span class='ocrx_word' id='word_1_294' title='bbox 632 2777 791 2850; x_wconf 76' lang='lat' dir='ltr'><strong>praemium</strong></span> <span class='ocrx_word' id='word_1_295' title='bbox 807 2777 890 2852; x_wconf 87' lang='lat' dir='ltr'><strong>apud</strong></span> <span class='ocrx_word' id='word_1_296' title='bbox 905 2795 969 2835; x_wconf 90' lang='lat' dir='ltr'><strong>onr-</strong></span> <span class='ocrx_word' id='word_1_297' title='bbox 1022 2770 1103 2826; x_wconf 88' lang='lat' dir='ltr'><strong>cuitu</strong></span> <span class='ocrx_word' id='word_1_298' title='bbox 1119 2785 1184 2826; x_wconf 89' lang='lat' dir='ltr'><strong>suo.</strong></span> <span class='ocrx_word' id='word_1_299' title='bbox 1199 2771 1272 2826; x_wconf 88' lang='lat' dir='ltr'><strong>item</strong></span> <span class='ocrx_word' id='word_1_300' title='bbox 1288 2771 1503 2828; x_wconf 90' lang='lat' dir='ltr'><strong>confirmamus</strong></span> <span class='ocrx_word' id='word_1_301' title='bbox 1516 2773 1602 2829; x_wconf 85' lang='lat' dir='ltr'><strong>robis</strong></span> <span class='ocrx_word' id='word_1_302' title='bbox 1613 2777 1706 2831; x_wconf 84' lang='lat' dir='ltr'><strong>totam</strong></span> <span class='ocrx_word' id='word_1_303' title='bbox 1717 2778 1853 2846; x_wconf 88' lang='lat' dir='ltr'><strong>pusteru-</strong></span> 
     </span>
     <span class='ocr_line' id='line_1_30' title="bbox 137 2856 1852 2940; baseline 0.004 -20"><span class='ocrx_word' id='word_1_304' title='bbox 137 2864 223 2921; x_wconf 90' lang='lat' dir='ltr'><strong>nium</strong></span> <span class='ocrx_word' id='word_1_305' title='bbox 238 2867 391 2922; x_wconf 88' lang='lat' dir='ltr'><strong>auctorem</strong></span> <span class='ocrx_word' id='word_1_306' title='bbox 404 2865 560 2940; x_wconf 91' lang='lat' dir='ltr'><strong>reponitur</strong></span> <span class='ocrx_word' id='word_1_307' title='bbox 572 2869 665 2923; x_wconf 85' lang='lat' dir='ltr'><strong>Deum</strong></span> <span class='ocrx_word' id='word_1_308' title='bbox 679 2867 968 2940; x_wconf 82' lang='lat' dir='ltr'><strong>quandovenerabi-</strong></span> <span class='ocrx_word' id='word_1_309' title='bbox 1020 2856 1083 2914; x_wconf 72' lang='lat' dir='ltr'><strong>lam</strong></span> <span class='ocrx_word' id='word_1_310' title='bbox 1098 2873 1166 2932; x_wconf 65' lang='lat' dir='ltr'>‘11¹ae</span> <span class='ocrx_word' id='word_1_311' title='bbox 1179 2863 1337 2916; x_wconf 66' lang='lat' dir='ltr'><strong>voceture</strong></span> <span class='ocrx_word' id='word_1_312' title='bbox 1358 2859 1428 2928; x_wconf 72' lang='lat' dir='ltr'><strong>Pila,</strong></span> <span class='ocrx_word' id='word_1_313' title='bbox 1460 2877 1530 2917; x_wconf 74' lang='lat' dir='ltr'><strong>&lt;iiim</strong></span> <span class='ocrx_word' id='word_1_314' title='bbox 1552 2861 1619 2936; x_wconf 72' lang='lat' dir='ltr'><strong>ipse</strong></span> <span class='ocrx_word' id='word_1_315' title='bbox 1633 2862 1695 2936; x_wconf 73' lang='lat' dir='ltr'><strong>pile</strong></span> <span class='ocrx_word' id='word_1_316' title='bbox 1713 2877 1781 2936; x_wconf 74' lang='lat' dir='ltr'><strong>qiioe</strong></span> <span class='ocrx_word' id='word_1_317' title='bbox 1796 2863 1852 2919; x_wconf 64' lang='lat' dir='ltr'><strong>siin</strong></span> 
     </span>
     <span class='ocr_line' id='line_1_31' title="bbox 136 2947 1851 3044; baseline 0.008 -36"><span class='ocrx_word' id='word_1_318' title='bbox 136 2953 177 3008; x_wconf 90' lang='lat' dir='ltr'><strong>lia</strong></span> <span class='ocrx_word' id='word_1_319' title='bbox 191 2953 258 3010; x_wconf 90' lang='lat' dir='ltr'><strong>loca</strong></span> <span class='ocrx_word' id='word_1_320' title='bbox 272 2958 443 3027; x_wconf 89' lang='lat' dir='ltr'><strong>opportune</strong></span> <span class='ocrx_word' id='word_1_321' title='bbox 465 2954 603 3012; x_wconf 89' lang='lat' dir='ltr'><strong>ordinata</strong></span> <span class='ocrx_word' id='word_1_322' title='bbox 627 2955 667 3011; x_wconf 86' lang='lat' dir='ltr'><strong>ad</strong></span> <span class='ocrx_word' id='word_1_323' title='bbox 688 2953 844 3012; x_wconf 88' lang='lat' dir='ltr'><strong>meliorem</strong></span> <span class='ocrx_word' id='word_1_324' title='bbox 858 2953 1002 3044; x_wconf 69' lang='lat' dir='ltr'><strong>larerintc</strong></span> <span class='ocrx_word' id='word_1_325' title='bbox 1021 2951 1068 3003; x_wconf 71' lang='lat' dir='ltr'><strong>eii</strong></span> <span class='ocrx_word' id='word_1_326' title='bbox 1090 2947 1168 3004; x_wconf 73' lang='lat' dir='ltr'><strong>infre</strong></span> <span class='ocrx_word' id='word_1_327' title='bbox 1191 2947 1305 3004; x_wconf 73' lang='lat' dir='ltr'><strong>flumen</strong></span> <span class='ocrx_word' id='word_1_328' title='bbox 1326 2948 1437 3005; x_wconf 65' lang='lat' dir='ltr'><strong>Tiberii</strong></span> <span class='ocrx_word' id='word_1_329' title='bbox 1463 2949 1493 3006; x_wconf 79' lang='lat' dir='ltr'><strong>iii</strong></span> <span class='ocrx_word' id='word_1_330' title='bbox 1517 2949 1584 3024; x_wconf 70' lang='lat' dir='ltr'><strong>ipse</strong></span> <span class='ocrx_word' id='word_1_331' title='bbox 1600 2951 1763 3024; x_wconf 64' lang='lat' dir='ltr'><strong>pusterula,</strong></span> <span class='ocrx_word' id='word_1_332' title='bbox 1781 2967 1851 3007; x_wconf 90' lang='lat' dir='ltr'><strong>cum</strong></span> 
     </span>
     <span class='ocr_line' id='line_1_32' title="bbox 137 3036 1851 3118; baseline 0.003 -22"><span class='ocrx_word' id='word_1_333' title='bbox 137 3039 201 3098; x_wconf 77' lang='lat' dir='ltr'><strong>sins</strong></span> <span class='ocrx_word' id='word_1_334' title='bbox 215 3041 309 3098; x_wconf 86' lang='lat' dir='ltr'><strong>dubio</strong></span> <span class='ocrx_word' id='word_1_335' title='bbox 324 3045 434 3098; x_wconf 79' lang='lat' dir='ltr'><strong>statum</strong></span> <span class='ocrx_word' id='word_1_336' title='bbox 445 3043 783 3118; x_wconf 66' lang='lat' dir='ltr'><strong>perducunturque</strong></span> <span class='ocrx_word' id='word_1_337' title='bbox 794 3043 967 3118; x_wconf 84' lang='lat' dir='ltr'><strong>postulastis</strong></span> <span class='ocrx_word' id='word_1_338' title='bbox 1021 3051 1103 3108; x_wconf 83' lang='lat' dir='ltr'><strong>aqua</strong></span> <span class='ocrx_word' id='word_1_339' title='bbox 1118 3036 1157 3092; x_wconf 83' lang='lat' dir='ltr'><strong>aa</strong></span> <span class='ocrx_word' id='word_1_340' title='bbox 1172 3037 1360 3110; x_wconf 84' lang='lat' dir='ltr'><strong>aquimolum</strong></span> <span class='ocrx_word' id='word_1_341' title='bbox 1382 3039 1617 3095; x_wconf 83' lang='lat' dir='ltr'><strong>construendum</strong></span> <span class='ocrx_word' id='word_1_342' title='bbox 1639 3043 1668 3096; x_wconf 87' lang='lat' dir='ltr'><strong>et</strong></span> <span class='ocrx_word' id='word_1_343' title='bbox 1691 3054 1761 3095; x_wconf 87' lang='lat' dir='ltr'><strong>cum</strong></span> <span class='ocrx_word' id='word_1_344' title='bbox 1784 3038 1851 3111; x_wconf 83' lang='lat' dir='ltr'><strong>ripe</strong></span> 
     </span>
     <span class='ocr_line' id='line_1_33' title="bbox 137 3126 1851 3203; baseline -0.001 -17"><span class='ocrx_word' id='word_1_345' title='bbox 137 3129 255 3186; x_wconf 89' lang='lat' dir='ltr'><strong>anobis</strong></span> <span class='ocrx_word' id='word_1_346' title='bbox 265 3134 415 3203; x_wconf 87' lang='lat' dir='ltr'><strong>quatenus</strong></span> <span class='ocrx_word' id='word_1_347' title='bbox 428 3130 661 3187; x_wconf 88' lang='lat' dir='ltr'><strong>concederemus</strong></span> <span class='ocrx_word' id='word_1_348' title='bbox 677 3135 705 3188; x_wconf 90' lang='lat' dir='ltr'><strong>et</strong></span> <span class='ocrx_word' id='word_1_349' title='bbox 717 3131 966 3190; x_wconf 85' lang='lat' dir='ltr'><strong>confirmaremus</strong></span> <span class='ocrx_word' id='word_1_350' title='bbox 1020 3126 1115 3198; x_wconf 78' lang='lat' dir='ltr'><strong>ipsius</strong></span> <span class='ocrx_word' id='word_1_351' title='bbox 1129 3126 1292 3199; x_wconf 69' lang='lat' dir='ltr'><strong>pusterulae</strong></span> <span class='ocrx_word' id='word_1_352' title='bbox 1306 3131 1396 3200; x_wconf 88' lang='lat' dir='ltr'><strong>atque</strong></span> <span class='ocrx_word' id='word_1_353' title='bbox 1410 3127 1580 3202; x_wconf 87' lang='lat' dir='ltr'><strong>percipietis</strong></span> <span class='ocrx_word' id='word_1_354' title='bbox 1603 3127 1672 3184; x_wconf 90' lang='lat' dir='ltr'><strong>inde</strong></span> <span class='ocrx_word' id='word_1_355' title='bbox 1691 3127 1851 3202; x_wconf 88' lang='lat' dir='ltr'><strong>ripaticum</strong></span> 
     </span>
     <span class='ocr_line' id='line_1_34' title="bbox 136 3214 1850 3292; baseline -0.001 -19"><span class='ocrx_word' id='word_1_356' title='bbox 136 3217 221 3274; x_wconf 88' lang='lat' dir='ltr'><strong>vobis</strong></span> <span class='ocrx_word' id='word_1_357' title='bbox 247 3219 396 3292; x_wconf 87' lang='lat' dir='ltr'><strong>vestrique</strong></span> <span class='ocrx_word' id='word_1_358' title='bbox 433 3220 656 3276; x_wconf 88' lang='lat' dir='ltr'><strong>successoribus</strong></span> <span class='ocrx_word' id='word_1_359' title='bbox 690 3219 847 3276; x_wconf 86' lang='lat' dir='ltr'><strong>ecclesiam</strong></span> <span class='ocrx_word' id='word_1_360' title='bbox 871 3217 966 3276; x_wconf 90' lang='lat' dir='ltr'><strong>sancti</strong></span> <span class='ocrx_word' id='word_1_361' title='bbox 1021 3214 1208 3288; x_wconf 88' lang='lat' dir='ltr'><strong>apusterula</strong></span> <span class='ocrx_word' id='word_1_362' title='bbox 1232 3219 1343 3271; x_wconf 83' lang='lat' dir='ltr'><strong>sanctae</strong></span> <span class='ocrx_word' id='word_1_363' title='bbox 1367 3215 1462 3272; x_wconf 81' lang='lat' dir='ltr'><strong>Lucire</strong></span> <span class='ocrx_word' id='word_1_364' title='bbox 1485 3231 1582 3289; x_wconf 85' lang='lat' dir='ltr'><strong>usque</strong></span> <span class='ocrx_word' id='word_1_365' title='bbox 1608 3216 1646 3273; x_wconf 90' lang='lat' dir='ltr'><strong>ad</strong></span> <span class='ocrx_word' id='word_1_366' title='bbox 1664 3215 1850 3290; x_wconf 89' lang='lat' dir='ltr'><strong>pusterulam</strong></span> 
     </span>
     <span class='ocr_line' id='line_1_35' title="bbox 137 3303 1851 3382; baseline 0 -19"><span class='ocrx_word' id='word_1_367' title='bbox 137 3306 242 3363; x_wconf 87' lang='lat' dir='ltr'><strong>Christi</strong></span> <span class='ocrx_word' id='word_1_368' title='bbox 257 3307 397 3379; x_wconf 86' lang='lat' dir='ltr'><strong>martyris</strong></span> <span class='ocrx_word' id='word_1_369' title='bbox 410 3308 567 3382; x_wconf 90' lang='lat' dir='ltr'><strong>Triphonis</strong></span> <span class='ocrx_word' id='word_1_370' title='bbox 580 3323 645 3364; x_wconf 91' lang='lat' dir='ltr'><strong>esse</strong></span> <span class='ocrx_word' id='word_1_371' title='bbox 669 3313 763 3364; x_wconf 90' lang='lat' dir='ltr'><strong>tutam</strong></span> <span class='ocrx_word' id='word_1_372' title='bbox 791 3311 821 3365; x_wconf 89' lang='lat' dir='ltr'><strong>et</strong></span> <span class='ocrx_word' id='word_1_373' title='bbox 839 3307 966 3364; x_wconf 88' lang='lat' dir='ltr'><strong>liberam</strong></span> <span class='ocrx_word' id='word_1_374' title='bbox 1021 3303 1115 3360; x_wconf 89' lang='lat' dir='ltr'><strong>sancti</strong></span> <span class='ocrx_word' id='word_1_375' title='bbox 1130 3304 1254 3374; x_wconf 83' lang='lat' dir='ltr'><strong>hlartinl,</strong></span> <span class='ocrx_word' id='word_1_376' title='bbox 1270 3307 1298 3361; x_wconf 90' lang='lat' dir='ltr'><strong>et</strong></span> <span class='ocrx_word' id='word_1_377' title='bbox 1313 3320 1382 3360; x_wconf 91' lang='lat' dir='ltr'><strong>cum</strong></span> <span class='ocrx_word' id='word_1_378' title='bbox 1405 3306 1546 3362; x_wconf 92' lang='lat' dir='ltr'><strong>omnibus</strong></span> <span class='ocrx_word' id='word_1_379' title='bbox 1569 3306 1608 3363; x_wconf 91' lang='lat' dir='ltr'><strong>ad</strong></span> <span class='ocrx_word' id='word_1_380' title='bbox 1634 3307 1734 3380; x_wconf 91' lang='lat' dir='ltr'><strong>ipsum</strong></span> <span class='ocrx_word' id='word_1_381' title='bbox 1753 3309 1851 3363; x_wconf 91' lang='lat' dir='ltr'><strong>orato·</strong></span> 
     </span>
     <span class='ocr_line' id='line_1_36' title="bbox 137 3389 1851 3471; baseline 0.001 -21"><span class='ocrx_word' id='word_1_382' title='bbox 137 3395 176 3451; x_wconf 91' lang='lat' dir='ltr'><strong>ab</strong></span> <span class='ocrx_word' id='word_1_383' title='bbox 188 3396 272 3466; x_wconf 90' lang='lat' dir='ltr'><strong>omni</strong></span> <span class='ocrx_word' id='word_1_384' title='bbox 286 3397 474 3454; x_wconf 88' lang='lat' dir='ltr'><strong>condictione</strong></span> <span class='ocrx_word' id='word_1_385' title='bbox 489 3389 558 3454; x_wconf 87' lang='lat' dir='ltr'><strong>cirm</strong></span> <span class='ocrx_word' id='word_1_386' title='bbox 577 3397 719 3453; x_wconf 90' lang='lat' dir='ltr'><strong>omnibus</strong></span> <span class='ocrx_word' id='word_1_387' title='bbox 742 3412 810 3471; x_wconf 75' lang='lat' dir='ltr'><strong>quse</strong></span> <span class='ocrx_word' id='word_1_388' title='bbox 837 3397 877 3453; x_wconf 90' lang='lat' dir='ltr'><strong>ad</strong></span> <span class='ocrx_word' id='word_1_389' title='bbox 898 3409 965 3453; x_wconf 89' lang='lat' dir='ltr'><strong>eam</strong></span> <span class='ocrx_word' id='word_1_390' title='bbox 1019 3393 1099 3448; x_wconf 88' lang='lat' dir='ltr'><strong>rium</strong></span> <span class='ocrx_word' id='word_1_391' title='bbox 1113 3393 1339 3466; x_wconf 89' lang='lat' dir='ltr'><strong>pertinentibus.</strong></span> <span class='ocrx_word' id='word_1_392' title='bbox 1352 3396 1574 3452; x_wconf 76' lang='lat' dir='ltr'><strong>possessionem</strong></span> <span class='ocrx_word' id='word_1_393' title='bbox 1584 3395 1615 3452; x_wconf 94' lang='lat' dir='ltr'><strong>in</strong></span> <span class='ocrx_word' id='word_1_394' title='bbox 1629 3396 1751 3468; x_wconf 81' lang='lat' dir='ltr'><strong>regione</strong></span> <span class='ocrx_word' id='word_1_395' title='bbox 1766 3398 1851 3454; x_wconf 85' lang='lat' dir='ltr'><strong>Cam-</strong></span> 
     </span>
     <span class='ocr_line' id='line_1_37' title="bbox 135 3474 1845 3560; baseline 0.002 -21"><span class='ocrx_word' id='word_1_396' title='bbox 135 3484 302 3556; x_wconf 80' lang='lat' dir='ltr'><strong>pertinent3</strong></span> <span class='ocrx_word' id='word_1_397' title='bbox 328 3501 396 3559; x_wconf 76' lang='lat' dir='ltr'><strong>quas</strong></span> <span class='ocrx_word' id='word_1_398' title='bbox 420 3503 475 3560; x_wconf 92' lang='lat' dir='ltr'><strong>per</strong></span> <span class='ocrx_word' id='word_1_399' title='bbox 504 3487 705 3545; x_wconf 78' lang='lat' dir='ltr'><strong>crescentium</strong></span> <span class='ocrx_word' id='word_1_400' title='bbox 740 3485 965 3542; x_wconf 89' lang='lat' dir='ltr'><strong>nobilissimum</strong></span> <span class='ocrx_word' id='word_1_401' title='bbox 1020 3482 1165 3554; x_wconf 89' lang='lat' dir='ltr'><strong>pomartis</strong></span> <span class='ocrx_word' id='word_1_402' title='bbox 1177 3483 1264 3555; x_wconf 85' lang='lat' dir='ltr'><strong>juxte</strong></span> <span class='ocrx_word' id='word_1_403' title='bbox 1279 3483 1418 3540; x_wconf 90' lang='lat' dir='ltr'><strong>eamdem</strong></span> <span class='ocrx_word' id='word_1_404' title='bbox 1434 3474 1619 3557; x_wconf 81' lang='lat' dir='ltr'><strong>puste&#39;rulam</strong></span> <span class='ocrx_word' id='word_1_405' title='bbox 1643 3501 1711 3559; x_wconf 82' lang='lat' dir='ltr'><strong>quae</strong></span> <span class='ocrx_word' id='word_1_406' title='bbox 1734 3501 1752 3543; x_wconf 91' lang='lat' dir='ltr'><strong>a</strong></span> <span class='ocrx_word' id='word_1_407' title='bbox 1775 3485 1845 3560; x_wconf 88' lang='lat' dir='ltr'><strong>pila,</strong></span> 
     </span>
     <span class='ocr_line' id='line_1_38' title="bbox 136 3571 1849 3650; baseline 0.002 -22"><span class='ocrx_word' id='word_1_408' title='bbox 136 3575 278 3629; x_wconf 79' lang='lat' dir='ltr'><strong>Romanae</strong></span> <span class='ocrx_word' id='word_1_409' title='bbox 290 3574 374 3630; x_wconf 88' lang='lat' dir='ltr'><strong>urbis</strong></span> <span class='ocrx_word' id='word_1_410' title='bbox 387 3575 572 3649; x_wconf 75' lang='lat' dir='ltr'><strong>praelectum,</strong></span> <span class='ocrx_word' id='word_1_411' title='bbox 589 3591 642 3632; x_wconf 89' lang='lat' dir='ltr'><strong>sen</strong></span> <span class='ocrx_word' id='word_1_412' title='bbox 666 3591 719 3650; x_wconf 93' lang='lat' dir='ltr'><strong>per</strong></span> <span class='ocrx_word' id='word_1_413' title='bbox 740 3579 862 3632; x_wconf 73' lang='lat' dir='ltr'><strong>caeteros</strong></span> <span class='ocrx_word' id='word_1_414' title='bbox 885 3574 965 3646; x_wconf 83' lang='lat' dir='ltr'><strong>ejus·</strong></span> <span class='ocrx_word' id='word_1_415' title='bbox 1019 3571 1134 3628; x_wconf 88' lang='lat' dir='ltr'><strong>etinter</strong></span> <span class='ocrx_word' id='word_1_416' title='bbox 1147 3572 1282 3630; x_wconf 88' lang='lat' dir='ltr'><strong>alfinesa</strong></span> <span class='ocrx_word' id='word_1_417' title='bbox 1295 3574 1394 3646; x_wconf 90' lang='lat' dir='ltr'><strong>primo</strong></span> <span class='ocrx_word' id='word_1_418' title='bbox 1406 3572 1497 3633; x_wconf 89' lang='lat' dir='ltr'><strong>latere</strong></span> <span class='ocrx_word' id='word_1_419' title='bbox 1516 3579 1544 3632; x_wconf 91' lang='lat' dir='ltr'><strong>et</strong></span> <span class='ocrx_word' id='word_1_420' title='bbox 1556 3575 1626 3649; x_wconf 90' lang='lat' dir='ltr'><strong>ipsa</strong></span> <span class='ocrx_word' id='word_1_421' title='bbox 1646 3575 1809 3649; x_wconf 87' lang='lat' dir='ltr'><strong>pusterula,</strong></span> <span class='ocrx_word' id='word_1_422' title='bbox 1831 3591 1849 3632; x_wconf 92' lang='lat' dir='ltr'><strong>a</strong></span> 
     </span>
     <span class='ocr_line' id='line_1_39' title="bbox 135 3661 1849 3736; baseline 0.003 -19"><span class='ocrx_word' id='word_1_423' title='bbox 135 3661 205 3718; x_wconf 91' lang='lat' dir='ltr'><strong>dem</strong></span> <span class='ocrx_word' id='word_1_424' title='bbox 219 3662 350 3720; x_wconf 75' lang='lat' dir='ltr'><strong>ecclesias</strong></span> <span class='ocrx_word' id='word_1_425' title='bbox 365 3665 476 3722; x_wconf 87' lang='lat' dir='ltr'><strong>vicinos</strong></span> <span class='ocrx_word' id='word_1_426' title='bbox 489 3681 507 3722; x_wconf 91' lang='lat' dir='ltr'><strong>a</strong></span> <span class='ocrx_word' id='word_1_427' title='bbox 522 3665 637 3722; x_wconf 88' lang='lat' dir='ltr'><strong>noviter</strong></span> <span class='ocrx_word' id='word_1_428' title='bbox 651 3671 696 3722; x_wconf 89' lang='lat' dir='ltr'><strong>est</strong></span> <span class='ocrx_word' id='word_1_429' title='bbox 714 3668 894 3722; x_wconf 90' lang='lat' dir='ltr'><strong>constructa.</strong></span> <span class='ocrx_word' id='word_1_430' title='bbox 921 3661 965 3720; x_wconf 88' lang='lat' dir='ltr'><strong>Si·</strong></span> <span class='ocrx_word' id='word_1_431' title='bbox 1019 3661 1151 3718; x_wconf 89' lang='lat' dir='ltr'><strong>secundo</strong></span> <span class='ocrx_word' id='word_1_432' title='bbox 1166 3661 1257 3719; x_wconf 89' lang='lat' dir='ltr'><strong>latere</strong></span> <span class='ocrx_word' id='word_1_433' title='bbox 1273 3667 1317 3719; x_wconf 88' lang='grc'><strong>001</strong></span> <span class='ocrx_word' id='word_1_434' title='bbox 1332 3662 1433 3720; x_wconf 80' lang='lat' dir='ltr'><strong>altem</strong></span> <span class='ocrx_word' id='word_1_435' title='bbox 1442 3663 1588 3736; x_wconf 88' lang='lat' dir='ltr'><strong>fluminis,</strong></span> <span class='ocrx_word' id='word_1_436' title='bbox 1612 3681 1630 3722; x_wconf 92' lang='grc'><strong>0</strong></span> <span class='ocrx_word' id='word_1_437' title='bbox 1654 3663 1739 3722; x_wconf 86' lang='lat' dir='ltr'><strong>tertio</strong></span> <span class='ocrx_word' id='word_1_438' title='bbox 1757 3665 1849 3722; x_wconf 90' lang='lat' dir='ltr'><strong>latere</strong></span> 
     </span>
     <span class='ocr_line' id='line_1_40' title="bbox 135 3748 1849 3824; baseline 0.004 -20"><span class='ocrx_word' id='word_1_439' title='bbox 135 3749 259 3822; x_wconf 89' lang='lat' dir='ltr'><strong>quidem</strong></span> <span class='ocrx_word' id='word_1_440' title='bbox 273 3765 327 3822; x_wconf 91' lang='lat' dir='ltr'><strong>per</strong></span> <span class='ocrx_word' id='word_1_441' title='bbox 340 3753 589 3808; x_wconf 82' lang='lat' dir='ltr'><strong>interventionem</strong></span> <span class='ocrx_word' id='word_1_442' title='bbox 615 3753 812 3824; x_wconf 85' lang='lat' dir='ltr'><strong>suprascripti</strong></span> <span class='ocrx_word' id='word_1_443' title='bbox 836 3751 888 3806; x_wconf 88' lang='grc'>11111</span> <span class='ocrx_word' id='word_1_444' title='bbox 912 3765 965 3806; x_wconf 76' lang='lat' dir='ltr'><strong>no</strong></span> <span class='ocrx_word' id='word_1_445' title='bbox 1019 3762 1124 3802; x_wconf 87' lang='lat' dir='ltr'><strong>murus</strong></span> <span class='ocrx_word' id='word_1_446' title='bbox 1138 3748 1262 3803; x_wconf 87' lang='lat' dir='ltr'><strong>civitatis</strong></span> <span class='ocrx_word' id='word_1_447' title='bbox 1280 3753 1308 3804; x_wconf 90' lang='lat' dir='ltr'><strong>et</strong></span> <span class='ocrx_word' id='word_1_448' title='bbox 1321 3749 1432 3804; x_wconf 91' lang='lat' dir='ltr'><strong>domus</strong></span> <span class='ocrx_word' id='word_1_449' title='bbox 1454 3751 1576 3806; x_wconf 81' lang='lat' dir='ltr'><strong>loannis</strong></span> <span class='ocrx_word' id='word_1_450' title='bbox 1602 3752 1808 3822; x_wconf 88' lang='lat' dir='ltr'><strong>mansionarii,</strong></span> <span class='ocrx_word' id='word_1_451' title='bbox 1830 3769 1849 3810; x_wconf 85' lang='lat' dir='ltr'><strong>a</strong></span> 
     </span>
     <span class='ocr_line' id='line_1_41' title="bbox 136 3835 1848 3913; baseline 0.003 -21"><span class='ocrx_word' id='word_1_452' title='bbox 136 3837 187 3894; x_wconf 91' lang='lat' dir='ltr'><strong>stri</strong></span> <span class='ocrx_word' id='word_1_453' title='bbox 212 3839 372 3895; x_wconf 81' lang='lat' dir='ltr'><strong>crescentii</strong></span> <span class='ocrx_word' id='word_1_454' title='bbox 398 3839 605 3909; x_wconf 85' lang='lat' dir='ltr'><strong>gloriosissimi</strong></span> <span class='ocrx_word' id='word_1_455' title='bbox 633 3839 749 3912; x_wconf 73' lang='lat' dir='ltr'><strong>praelati</strong></span> <span class='ocrx_word' id='word_1_456' title='bbox 769 3840 833 3910; x_wconf 85' lang='lat' dir='ltr'><strong>jam</strong></span> <span class='ocrx_word' id='word_1_457' title='bbox 853 3839 965 3894; x_wconf 91' lang='lat' dir='ltr'><strong>dictam</strong></span> <span class='ocrx_word' id='word_1_458' title='bbox 1018 3837 1127 3906; x_wconf 87' lang='lat' dir='ltr'><strong>quarto</strong></span> <span class='ocrx_word' id='word_1_459' title='bbox 1142 3835 1231 3891; x_wconf 89' lang='lat' dir='ltr'><strong>latere</strong></span> <span class='ocrx_word' id='word_1_460' title='bbox 1244 3839 1289 3892; x_wconf 89' lang='lat' dir='ltr'><strong>est</strong></span> <span class='ocrx_word' id='word_1_461' title='bbox 1303 3836 1350 3892; x_wconf 89' lang='lat' dir='ltr'><strong>via</strong></span> <span class='ocrx_word' id='word_1_462' title='bbox 1364 3837 1496 3910; x_wconf 90' lang='lat' dir='ltr'><strong>publica,</strong></span> <span class='ocrx_word' id='word_1_463' title='bbox 1514 3839 1590 3895; x_wconf 88' lang='lat' dir='ltr'><strong>sicut</strong></span> <span class='ocrx_word' id='word_1_464' title='bbox 1609 3855 1701 3913; x_wconf 88' lang='lat' dir='ltr'><strong>supra</strong></span> <span class='ocrx_word' id='word_1_465' title='bbox 1720 3841 1848 3913; x_wconf 88' lang='lat' dir='ltr'><strong>scriptus</strong></span> 
     </span>
     <span class='ocr_line' id='line_1_42' title="bbox 135 3922 1847 4001; baseline 0.002 -19"><span class='ocrx_word' id='word_1_466' title='bbox 135 3926 291 3984; x_wconf 88' lang='lat' dir='ltr'><strong>ecclesiam</strong></span> <span class='ocrx_word' id='word_1_467' title='bbox 306 3928 522 3984; x_wconf 86' lang='lat' dir='ltr'><strong>confirmamus</strong></span> <span class='ocrx_word' id='word_1_468' title='bbox 537 3927 622 3984; x_wconf 89' lang='lat' dir='ltr'><strong>vobis</strong></span> <span class='ocrx_word' id='word_1_469' title='bbox 637 3929 965 4001; x_wconf 88' lang='lat' dir='ltr'><strong>vestrisquesuocesso·</strong></span> <span class='ocrx_word' id='word_1_470' title='bbox 1019 3922 1203 3980; x_wconf 77' lang='lat' dir='ltr'><strong>crescentius</strong></span> <span class='ocrx_word' id='word_1_471' title='bbox 1221 3923 1426 3981; x_wconf 90' lang='lat' dir='ltr'><strong>nobilissimus</strong></span> <span class='ocrx_word' id='word_1_472' title='bbox 1448 3925 1531 3982; x_wconf 90' lang='lat' dir='ltr'><strong>urbis</strong></span> <span class='ocrx_word' id='word_1_473' title='bbox 1553 3927 1711 4000; x_wconf 86' lang='lat' dir='ltr'><strong>preelectus</strong></span> <span class='ocrx_word' id='word_1_474' title='bbox 1733 3927 1847 3986; x_wconf 89' lang='lat' dir='ltr'><strong>dicium</strong></span> 
     </span>
     <span class='ocr_line' id='line_1_43' title="bbox 134 4010 1847 4091; baseline 0.002 -19"><span class='ocrx_word' id='word_1_475' title='bbox 134 4016 218 4072; x_wconf 90' lang='lat' dir='ltr'><strong>ribus</strong></span> <span class='ocrx_word' id='word_1_476' title='bbox 234 4017 478 4089; x_wconf 88' lang='lat' dir='ltr'><strong>perhocnostrae</strong></span> <span class='ocrx_word' id='word_1_477' title='bbox 494 4017 676 4074; x_wconf 84' lang='lat' dir='ltr'><strong>auctoritatis</strong></span> <span class='ocrx_word' id='word_1_478' title='bbox 698 4015 900 4091; x_wconf 84' lang='lat' dir='ltr'><strong>privilegium,</strong></span> <span class='ocrx_word' id='word_1_479' title='bbox 922 4015 964 4071; x_wconf 91' lang='grc'><strong>110</strong></span> <span class='ocrx_word' id='word_1_480' title='bbox 1018 4010 1183 4068; x_wconf 87' lang='lat' dir='ltr'><strong>oratorium</strong></span> <span class='ocrx_word' id='word_1_481' title='bbox 1208 4012 1303 4068; x_wconf 82' lang='lat' dir='ltr'><strong>sancti</strong></span> <span class='ocrx_word' id='word_1_482' title='bbox 1328 4015 1557 4088; x_wconf 87' lang='lat' dir='ltr'><strong>protomartyris</strong></span> <span class='ocrx_word' id='word_1_483' title='bbox 1582 4017 1724 4090; x_wconf 88' lang='lat' dir='ltr'><strong>Stephani</strong></span> <span class='ocrx_word' id='word_1_484' title='bbox 1746 4017 1847 4090; x_wconf 87' lang='lat' dir='ltr'><strong>epila</strong></span> 
     </span>
     <span class='ocr_line' id='line_1_44' title="bbox 135 4099 1846 4180; baseline 0.001 -18"><span class='ocrx_word' id='word_1_485' title='bbox 135 4109 168 4162; x_wconf 88' lang='lat' dir='ltr'><strong>ut</strong></span> <span class='ocrx_word' id='word_1_486' title='bbox 179 4105 390 4179; x_wconf 88' lang='lat' dir='ltr'><strong>perpetualiter</strong></span> <span class='ocrx_word' id='word_1_487' title='bbox 404 4106 435 4161; x_wconf 92' lang='lat' dir='ltr'><strong>in</strong></span> <span class='ocrx_word' id='word_1_488' title='bbox 449 4119 485 4162; x_wconf 86' lang='lat' dir='ltr'><strong>ea</strong></span> <span class='ocrx_word' id='word_1_489' title='bbox 497 4105 709 4180; x_wconf 89' lang='lat' dir='ltr'><strong>permaneatis,</strong></span> <span class='ocrx_word' id='word_1_490' title='bbox 725 4111 814 4180; x_wconf 83' lang='lat' dir='ltr'><strong>atque</strong></span> <span class='ocrx_word' id='word_1_491' title='bbox 827 4103 966 4178; x_wconf 84' lang='lat' dir='ltr'><strong>perenni-</strong></span> <span class='ocrx_word' id='word_1_492' title='bbox 1017 4113 1071 4174; x_wconf 88' lang='lat' dir='ltr'><strong>per</strong></span> <span class='ocrx_word' id='word_1_493' title='bbox 1096 4099 1266 4158; x_wconf 89' lang='lat' dir='ltr'><strong>donationis</strong></span> <span class='ocrx_word' id='word_1_494' title='bbox 1292 4101 1438 4160; x_wconf 90' lang='lat' dir='ltr'><strong>cartulam</strong></span> <span class='ocrx_word' id='word_1_495' title='bbox 1464 4104 1551 4161; x_wconf 85' lang='lat' dir='ltr'><strong>vohis</strong></span> <span class='ocrx_word' id='word_1_496' title='bbox 1571 4109 1598 4162; x_wconf 87' lang='lat' dir='ltr'><strong>et</strong></span> <span class='ocrx_word' id='word_1_497' title='bbox 1617 4121 1710 4179; x_wconf 88' lang='lat' dir='ltr'><strong>supra</strong></span> <span class='ocrx_word' id='word_1_498' title='bbox 1729 4107 1846 4180; x_wconf 76' lang='grc'>0001010</span> 
     </span>
     <span class='ocr_line' id='line_1_45' title="bbox 135 4187 1847 4268; baseline 0.002 -18"><span class='ocrx_word' id='word_1_499' title='bbox 135 4199 179 4250; x_wconf 89' lang='lat' dir='ltr'><strong>ter</strong></span> <span class='ocrx_word' id='word_1_500' title='bbox 191 4193 419 4251; x_wconf 84' lang='lat' dir='ltr'><strong>laudesaetarno</strong></span> <span class='ocrx_word' id='word_1_501' title='bbox 436 4197 495 4251; x_wconf 88' lang='lat' dir='ltr'><strong>ileo</strong></span> <span class='ocrx_word' id='word_1_502' title='bbox 507 4195 649 4264; x_wconf 85' lang='lat' dir='ltr'><strong>referatis,</strong></span> <span class='ocrx_word' id='word_1_503' title='bbox 666 4209 685 4252; x_wconf 92' lang='grc'><strong>0</strong></span> <span class='ocrx_word' id='word_1_504' title='bbox 706 4194 844 4268; x_wconf 75' lang='lat' dir='ltr'><strong>prasenti</strong></span> <span class='ocrx_word' id='word_1_505' title='bbox 858 4193 965 4268; x_wconf 88' lang='lat' dir='ltr'><strong>quinta</strong></span> <span class='ocrx_word' id='word_1_506' title='bbox 1019 4187 1150 4247; x_wconf 80' lang='lat' dir='ltr'><strong>ecclesie</strong></span> <span class='ocrx_word' id='word_1_507' title='bbox 1165 4189 1288 4248; x_wconf 79' lang='lat' dir='ltr'><strong>donarit</strong></span> <span class='ocrx_word' id='word_1_508' title='bbox 1302 4196 1391 4266; x_wconf 86' lang='lat' dir='ltr'><strong>atque</strong></span> <span class='ocrx_word' id='word_1_509' title='bbox 1407 4194 1562 4264; x_wconf 87' lang='lat' dir='ltr'><strong>concessit,</strong></span> <span class='ocrx_word' id='word_1_510' title='bbox 1588 4195 1631 4252; x_wconf 89' lang='lat' dir='ltr'><strong>sio</strong></span> <span class='ocrx_word' id='word_1_511' title='bbox 1657 4211 1728 4252; x_wconf 90' lang='lat' dir='ltr'><strong>eum</strong></span> <span class='ocrx_word' id='word_1_512' title='bbox 1748 4199 1847 4252; x_wconf 88' lang='lat' dir='ltr'><strong>tutum</strong></span> 
     </span>
     <span class='ocr_line' id='line_1_46' title="bbox 135 4278 1847 4358; baseline 0.003 -21"><span class='ocrx_word' id='word_1_513' title='bbox 135 4281 296 4338; x_wconf 88' lang='lat' dir='ltr'><strong>indictione</strong></span> <span class='ocrx_word' id='word_1_514' title='bbox 309 4281 396 4338; x_wconf 82' lang='lat' dir='ltr'><strong>robis</strong></span> <span class='ocrx_word' id='word_1_515' title='bbox 409 4285 572 4358; x_wconf 87' lang='lat' dir='ltr'><strong>vestrisque</strong></span> <span class='ocrx_word' id='word_1_516' title='bbox 587 4284 813 4341; x_wconf 90' lang='lat' dir='ltr'><strong>successoribus</strong></span> <span class='ocrx_word' id='word_1_517' title='bbox 827 4281 964 4340; x_wconf 91' lang='lat' dir='ltr'><strong>concedi-</strong></span> <span class='ocrx_word' id='word_1_518' title='bbox 1019 4283 1048 4335; x_wconf 89' lang='lat' dir='ltr'><strong>et</strong></span> <span class='ocrx_word' id='word_1_519' title='bbox 1059 4278 1188 4336; x_wconf 90' lang='lat' dir='ltr'><strong>liberum</strong></span> <span class='ocrx_word' id='word_1_520' title='bbox 1201 4279 1240 4337; x_wconf 92' lang='lat' dir='ltr'><strong>ab</strong></span> <span class='ocrx_word' id='word_1_521' title='bbox 1255 4281 1338 4337; x_wconf 91' lang='lat' dir='ltr'><strong>omni</strong></span> <span class='ocrx_word' id='word_1_522' title='bbox 1362 4281 1531 4340; x_wconf 90' lang='lat' dir='ltr'><strong>conditione</strong></span> <span class='ocrx_word' id='word_1_523' title='bbox 1559 4283 1686 4342; x_wconf 91' lang='lat' dir='ltr'><strong>aliarum</strong></span> <span class='ocrx_word' id='word_1_524' title='bbox 1710 4284 1847 4342; x_wconf 89' lang='lat' dir='ltr'><strong>ecclesia·</strong></span> 
     </span>
     <span class='ocr_line' id='line_1_47' title="bbox 136 4343 1847 4448; baseline 0.003 -23"><span class='ocrx_word' id='word_1_525' title='bbox 136 4385 204 4426; x_wconf 91' lang='lat' dir='ltr'><strong>mus</strong></span> <span class='ocrx_word' id='word_1_526' title='bbox 217 4370 419 4429; x_wconf 85' lang='lat' dir='ltr'><strong>detinendam.</strong></span> <span class='ocrx_word' id='word_1_527' title='bbox 436 4375 468 4428; x_wconf 93' lang='lat' dir='ltr'><strong>ln</strong></span> <span class='ocrx_word' id='word_1_528' title='bbox 482 4372 530 4430; x_wconf 91' lang='lat' dir='ltr'><strong>dia</strong></span> <span class='ocrx_word' id='word_1_529' title='bbox 545 4373 625 4430; x_wconf 89' lang='lat' dir='ltr'><strong>enim</strong></span> <span class='ocrx_word' id='word_1_530' title='bbox 649 4389 742 4431; x_wconf 85' lang='lat' dir='ltr'><strong>sacrae</strong></span> <span class='ocrx_word' id='word_1_531' title='bbox 765 4343 1000 4448; x_wconf 68' lang='lat' dir='ltr'><strong>dedicationisn</strong></span> <span class='ocrx_word' id='word_1_532' title='bbox 1019 4383 1087 4424; x_wconf 87' lang='lat' dir='ltr'><strong>rum</strong></span> <span class='ocrx_word' id='word_1_533' title='bbox 1101 4371 1165 4425; x_wconf 86' lang='lat' dir='ltr'><strong>tam</strong></span> <span class='ocrx_word' id='word_1_534' title='bbox 1178 4368 1397 4442; x_wconf 85' lang='lat' dir='ltr'><strong>temporalibus</strong></span> <span class='ocrx_word' id='word_1_535' title='bbox 1416 4387 1510 4445; x_wconf 88' lang='lat' dir='ltr'><strong>quam</strong></span> <span class='ocrx_word' id='word_1_536' title='bbox 1531 4373 1622 4430; x_wconf 90' lang='lat' dir='ltr'><strong>etiam</strong></span> <span class='ocrx_word' id='word_1_537' title='bbox 1641 4373 1847 4447; x_wconf 87' lang='lat' dir='ltr'><strong>spiritualibus</strong></span> 
     </span>
     <span class='ocr_line' id='line_1_48' title="bbox 136 4455 1866 4536; baseline 0.003 -24"><span class='ocrx_word' id='word_1_538' title='bbox 136 4458 272 4530; x_wconf 85' lang='lat' dir='ltr'><strong>ejusdem</strong></span> <span class='ocrx_word' id='word_1_539' title='bbox 287 4460 427 4531; x_wconf 79' lang='lat' dir='ltr'><strong>ecclesioe,</strong></span> <span class='ocrx_word' id='word_1_540' title='bbox 443 4477 513 4518; x_wconf 86' lang='lat' dir='ltr'><strong>cum</strong></span> <span class='ocrx_word' id='word_1_541' title='bbox 525 4462 748 4519; x_wconf 78' lang='lat' dir='ltr'><strong>sanctissimum</strong></span> <span class='ocrx_word' id='word_1_542' title='bbox 763 4477 872 4536; x_wconf 81' lang='lat' dir='ltr'><strong>corpus</strong></span> <span class='ocrx_word' id='word_1_543' title='bbox 884 4461 964 4518; x_wconf 80' lang='lat' dir='ltr'><strong>beati</strong></span> <span class='ocrx_word' id='word_1_544' title='bbox 1017 4455 1109 4512; x_wconf 81' lang='lat' dir='ltr'><strong>rebus</strong></span> <span class='ocrx_word' id='word_1_545' title='bbox 1122 4471 1191 4513; x_wconf 91' lang='lat' dir='ltr'><strong>cum</strong></span> <span class='ocrx_word' id='word_1_546' title='bbox 1206 4460 1267 4514; x_wconf 72' lang='grc'>1018</span> <span class='ocrx_word' id='word_1_547' title='bbox 1276 4459 1421 4532; x_wconf 72' lang='lat' dir='ltr'><strong>parochia</strong></span> <span class='ocrx_word' id='word_1_548' title='bbox 1436 4475 1492 4517; x_wconf 78' lang='lat' dir='ltr'><strong>sua</strong></span> <span class='ocrx_word' id='word_1_549' title='bbox 1506 4463 1535 4518; x_wconf 77' lang='lat' dir='ltr'><strong>ei</strong></span> <span class='ocrx_word' id='word_1_550' title='bbox 1548 4461 1690 4518; x_wconf 83' lang='lat' dir='ltr'><strong>omnibus</strong></span> <span class='ocrx_word' id='word_1_551' title='bbox 1703 4462 1764 4518; x_wconf 82' lang='lat' dir='ltr'><strong>suis</strong></span> <span class='ocrx_word' id='word_1_552' title='bbox 1775 4461 1845 4518; x_wconf 82' lang='lat' dir='ltr'><strong>teni·</strong></span> <span class='ocrx_word' id='word_1_553' title='bbox 1862 4483 1866 4494; x_wconf 81' lang='lat'><strong><em>¹</em></strong></span> 
     </span>
     <span class='ocr_line' id='line_1_49' title="bbox 136 4545 1845 4625; baseline 0.003 -24"><span class='ocrx_word' id='word_1_554' title='bbox 136 4549 305 4622; x_wconf 78' lang='lat' dir='ltr'><strong>tryphonis</strong></span> <span class='ocrx_word' id='word_1_555' title='bbox 321 4551 462 4624; x_wconf 79' lang='lat' dir='ltr'><strong>martyris</strong></span> <span class='ocrx_word' id='word_1_556' title='bbox 475 4551 605 4625; x_wconf 78' lang='lat' dir='ltr'><strong>propriis</strong></span> <span class='ocrx_word' id='word_1_557' title='bbox 620 4552 730 4608; x_wconf 80' lang='lat' dir='ltr'><strong>nostris</strong></span> <span class='ocrx_word' id='word_1_558' title='bbox 745 4550 886 4608; x_wconf 78' lang='lat' dir='ltr'><strong>monibus</strong></span> <span class='ocrx_word' id='word_1_559' title='bbox 907 4550 964 4608; x_wconf 83' lang='lat' dir='ltr'><strong>ibi-</strong></span> <span class='ocrx_word' id='word_1_560' title='bbox 1018 4545 1126 4602; x_wconf 90' lang='lat' dir='ltr'><strong>mentis</strong></span> <span class='ocrx_word' id='word_1_561' title='bbox 1139 4549 1168 4602; x_wconf 91' lang='grc'><strong>01</strong></span> <span class='ocrx_word' id='word_1_562' title='bbox 1179 4545 1457 4620; x_wconf 89' lang='lat' dir='ltr'><strong>pertinentiis‚siout</strong></span> <span class='ocrx_word' id='word_1_563' title='bbox 1469 4565 1561 4622; x_wconf 85' lang='lat' dir='ltr'><strong>supra</strong></span> <span class='ocrx_word' id='word_1_564' title='bbox 1573 4549 1747 4620; x_wconf 88' lang='lat' dir='ltr'><strong>dictumest,</strong></span> <span class='ocrx_word' id='word_1_565' title='bbox 1759 4549 1845 4608; x_wconf 87' lang='lat' dir='ltr'><strong>vobis</strong></span> 
     </span>
     <span class='ocr_line' id='line_1_50' title="bbox 136 4637 1846 4714; baseline 0.002 -21"><span class='ocrx_word' id='word_1_566' title='bbox 136 4637 206 4694; x_wconf 92' lang='lat' dir='ltr'><strong>dem</strong></span> <span class='ocrx_word' id='word_1_567' title='bbox 217 4639 461 4711; x_wconf 89' lang='lat' dir='ltr'><strong>reconderemus,</strong></span> <span class='ocrx_word' id='word_1_568' title='bbox 472 4640 699 4714; x_wconf 80' lang='lat' dir='ltr'><strong>promulgatum</strong></span> <span class='ocrx_word' id='word_1_569' title='bbox 724 4643 768 4696; x_wconf 90' lang='lat' dir='ltr'><strong>est</strong></span> <span class='ocrx_word' id='word_1_570' title='bbox 787 4655 805 4697; x_wconf 92' lang='lat' dir='ltr'><strong>a</strong></span> <span class='ocrx_word' id='word_1_571' title='bbox 829 4639 918 4698; x_wconf 91' lang='lat' dir='ltr'><strong>nobis</strong></span> <span class='ocrx_word' id='word_1_572' title='bbox 932 4643 965 4698; x_wconf 92' lang='lat' dir='ltr'><strong>ut</strong></span> <span class='ocrx_word' id='word_1_573' title='bbox 1018 4639 1166 4692; x_wconf 83' lang='lat' dir='ltr'><strong>otvestrea</strong></span> <span class='ocrx_word' id='word_1_574' title='bbox 1178 4637 1309 4693; x_wconf 81' lang='lat' dir='ltr'><strong>ecclesiae</strong></span> <span class='ocrx_word' id='word_1_575' title='bbox 1325 4637 1520 4696; x_wconf 87' lang='lat' dir='ltr'><strong>concedimus</strong></span> <span class='ocrx_word' id='word_1_576' title='bbox 1541 4643 1570 4696; x_wconf 89' lang='lat' dir='ltr'><strong>et</strong></span> <span class='ocrx_word' id='word_1_577' title='bbox 1584 4639 1800 4697; x_wconf 86' lang='lat' dir='ltr'><strong>confirmamus</strong></span> <span class='ocrx_word' id='word_1_578' title='bbox 1813 4639 1846 4697; x_wconf 90' lang='lat' dir='ltr'><strong>in</strong></span> 
     </span>
     <span class='ocr_line' id='line_1_51' title="bbox 136 4727 1845 4804; baseline 0.002 -20"><span class='ocrx_word' id='word_1_579' title='bbox 136 4728 531 4804; x_wconf 78' lang='lat' dir='ltr'><strong>quemadmodumreliquae</strong></span> <span class='ocrx_word' id='word_1_580' title='bbox 551 4729 704 4788; x_wconf 73' lang='lat' dir='ltr'><strong>catholica</strong></span> <span class='ocrx_word' id='word_1_581' title='bbox 730 4728 865 4786; x_wconf 72' lang='lat' dir='ltr'><strong>Ecclesia</strong></span> <span class='ocrx_word' id='word_1_582' title='bbox 887 4729 965 4787; x_wconf 87' lang='lat' dir='ltr'><strong>inira</strong></span> <span class='ocrx_word' id='word_1_583' title='bbox 1017 4728 1207 4798; x_wconf 82' lang='lat' dir='ltr'><strong>perpetuum.</strong></span> <span class='ocrx_word' id='word_1_584' title='bbox 1224 4729 1363 4782; x_wconf 83' lang='lat' dir='ltr'><strong>Nostrum</strong></span> <span class='ocrx_word' id='word_1_585' title='bbox 1388 4727 1479 4785; x_wconf 86' lang='lat' dir='ltr'><strong>etiam</strong></span> <span class='ocrx_word' id='word_1_586' title='bbox 1503 4743 1710 4786; x_wconf 88' lang='lat' dir='ltr'><strong>successorum</strong></span> <span class='ocrx_word' id='word_1_587' title='bbox 1724 4729 1845 4804; x_wconf 90' lang='lat' dir='ltr'><strong>pontiti-</strong></span> 
     </span>
     <span class='ocr_line' id='line_1_52' title="bbox 136 4814 1846 4895; baseline 0.004 -23"><span class='ocrx_word' id='word_1_588' title='bbox 136 4819 304 4874; x_wconf 85' lang='lat' dir='ltr'><strong>Romanam</strong></span> <span class='ocrx_word' id='word_1_589' title='bbox 329 4817 436 4874; x_wconf 89' lang='lat' dir='ltr'><strong>urbem</strong></span> <span class='ocrx_word' id='word_1_590' title='bbox 463 4820 655 4877; x_wconf 90' lang='lat' dir='ltr'><strong>honorabiles</strong></span> <span class='ocrx_word' id='word_1_591' title='bbox 672 4817 811 4886; x_wconf 84' lang='lat' dir='ltr'><strong>existunt,</strong></span> <span class='ocrx_word' id='word_1_592' title='bbox 831 4817 965 4876; x_wconf 89' lang='lat' dir='ltr'><strong>similiter</strong></span> <span class='ocrx_word' id='word_1_593' title='bbox 1018 4829 1088 4871; x_wconf 90' lang='lat' dir='ltr'><strong>cum</strong></span> <span class='ocrx_word' id='word_1_594' title='bbox 1102 4814 1275 4889; x_wconf 88' lang='lat' dir='ltr'><strong>quicunque</strong></span> <span class='ocrx_word' id='word_1_595' title='bbox 1288 4816 1353 4874; x_wconf 81' lang='lat' dir='ltr'><strong>rice</strong></span> <span class='ocrx_word' id='word_1_596' title='bbox 1367 4816 1448 4875; x_wconf 89' lang='lat' dir='ltr'><strong>beati</strong></span> <span class='ocrx_word' id='word_1_597' title='bbox 1462 4819 1536 4876; x_wconf 88' lang='lat' dir='ltr'><strong>Petri</strong></span> <span class='ocrx_word' id='word_1_598' title='bbox 1552 4819 1846 4895; x_wconf 90' lang='lat' dir='ltr'><strong>apostolorumprin·</strong></span> 
     </span>
     <span class='ocr_line' id='line_1_53' title="bbox 137 4903 1846 4986; baseline 0.004 -24"><span class='ocrx_word' id='word_1_599' title='bbox 137 4909 165 4962; x_wconf 88' lang='lat' dir='ltr'><strong>et</strong></span> <span class='ocrx_word' id='word_1_600' title='bbox 178 4907 245 4980; x_wconf 86' lang='lat' dir='ltr'><strong>ipsa</strong></span> <span class='ocrx_word' id='word_1_601' title='bbox 259 4907 410 4964; x_wconf 86' lang='lat' dir='ltr'><strong>consistat.</strong></span> <span class='ocrx_word' id='word_1_602' title='bbox 429 4908 558 4980; x_wconf 82' lang='lat' dir='ltr'><strong>ttignum</strong></span> <span class='ocrx_word' id='word_1_603' title='bbox 578 4924 711 4982; x_wconf 89' lang='lat' dir='ltr'><strong>namque</strong></span> <span class='ocrx_word' id='word_1_604' title='bbox 736 4911 782 4964; x_wconf 88' lang='lat' dir='ltr'><strong>est</strong></span> <span class='ocrx_word' id='word_1_605' title='bbox 805 4911 837 4964; x_wconf 90' lang='lat' dir='ltr'><strong>ul</strong></span> <span class='ocrx_word' id='word_1_606' title='bbox 860 4911 964 4965; x_wconf 88' lang='lat' dir='ltr'><strong>sancto</strong></span> <span class='ocrx_word' id='word_1_607' title='bbox 1019 4903 1092 4978; x_wconf 88' lang='lat' dir='ltr'><strong>cipis</strong></span> <span class='ocrx_word' id='word_1_608' title='bbox 1106 4903 1191 4976; x_wconf 77' lang='lat' dir='ltr'><strong>iungi</strong></span> <span class='ocrx_word' id='word_1_609' title='bbox 1206 4907 1346 4963; x_wconf 91' lang='lat' dir='ltr'><strong>meruerit</strong></span> <span class='ocrx_word' id='word_1_610' title='bbox 1359 4907 1500 4964; x_wconf 85' lang='lat' dir='ltr'><strong>volumus</strong></span> <span class='ocrx_word' id='word_1_611' title='bbox 1514 4913 1604 4983; x_wconf 79' lang='lat' dir='ltr'><strong>atque</strong></span> <span class='ocrx_word' id='word_1_612' title='bbox 1627 4925 1681 4984; x_wconf 90' lang='lat' dir='ltr'><strong>per</strong></span> <span class='ocrx_word' id='word_1_613' title='bbox 1705 4911 1846 4986; x_wconf 89' lang='lat' dir='ltr'><strong>apostoli·</strong></span> 
     </span>
     <span class='ocr_line' id='line_1_54' title="bbox 137 4994 1845 5070; baseline 0.005 -20"><span class='ocrx_word' id='word_1_614' title='bbox 137 4995 262 5068; x_wconf 85' lang='lat' dir='ltr'><strong>martyri</strong></span> <span class='ocrx_word' id='word_1_615' title='bbox 276 4994 428 5069; x_wconf 87' lang='lat' dir='ltr'><strong>Tryphoni</strong></span> <span class='ocrx_word' id='word_1_616' title='bbox 442 5011 512 5052; x_wconf 90' lang='lat' dir='ltr'><strong>oum</strong></span> <span class='ocrx_word' id='word_1_617' title='bbox 525 5013 646 5053; x_wconf 87' lang='lat' dir='ltr'><strong>summe</strong></span> <span class='ocrx_word' id='word_1_618' title='bbox 667 4997 825 5053; x_wconf 85' lang='lat' dir='ltr'><strong>devotione</strong></span> <span class='ocrx_word' id='word_1_619' title='bbox 839 4995 964 5054; x_wconf 83' lang='lat' dir='ltr'><strong>famule·</strong></span> <span class='ocrx_word' id='word_1_620' title='bbox 1018 5009 1086 5050; x_wconf 88' lang='lat' dir='ltr'><strong>oam</strong></span> <span class='ocrx_word' id='word_1_621' title='bbox 1100 4995 1306 5052; x_wconf 86' lang='lat' dir='ltr'><strong>auctoritatem</strong></span> <span class='ocrx_word' id='word_1_622' title='bbox 1317 4995 1470 5068; x_wconf 89' lang='lat' dir='ltr'><strong>jubemus,</strong></span> <span class='ocrx_word' id='word_1_623' title='bbox 1483 5001 1517 5070; x_wconf 78' lang='lat' dir='ltr'><strong>ut</strong></span> <span class='ocrx_word' id='word_1_624' title='bbox 1530 4997 1613 5058; x_wconf 90' lang='lat' dir='ltr'><strong>nulla</strong></span> <span class='ocrx_word' id='word_1_625' title='bbox 1628 5002 1785 5058; x_wconf 89' lang='lat' dir='ltr'><strong>occasione</strong></span> <span class='ocrx_word' id='word_1_626' title='bbox 1797 5001 1845 5058; x_wconf 89' lang='lat' dir='ltr'><strong>vel</strong></span> 
     </span>
     <span class='ocr_line' id='line_1_55' title="bbox 136 5081 1845 5159; baseline 0.002 -20"><span class='ocrx_word' id='word_1_627' title='bbox 136 5099 214 5152; x_wconf 90' lang='lat' dir='ltr'><strong>mur,</strong></span> <span class='ocrx_word' id='word_1_628' title='bbox 230 5084 394 5141; x_wconf 88' lang='grc'>0100010010</span> <span class='ocrx_word' id='word_1_629' title='bbox 408 5099 475 5158; x_wconf 76' lang='lat' dir='ltr'><strong>qun</strong></span> <span class='ocrx_word' id='word_1_630' title='bbox 489 5085 546 5141; x_wconf 90' lang='lat' dir='ltr'><strong>sub</strong></span> <span class='ocrx_word' id='word_1_631' title='bbox 560 5085 964 5159; x_wconf 88' lang='lat' dir='ltr'><strong>ejusnominaomnipotenti</strong></span> <span class='ocrx_word' id='word_1_632' title='bbox 1018 5081 1088 5138; x_wconf 91' lang='lat' dir='ltr'><strong>dolo</strong></span> <span class='ocrx_word' id='word_1_633' title='bbox 1103 5082 1161 5139; x_wconf 89' lang='lat' dir='ltr'><strong>hoc</strong></span> <span class='ocrx_word' id='word_1_634' title='bbox 1173 5083 1363 5156; x_wconf 79' lang='lat' dir='ltr'><strong>privilegium</strong></span> <span class='ocrx_word' id='word_1_635' title='bbox 1386 5090 1496 5144; x_wconf 78' lang='lat' dir='ltr'><strong>nostrae</strong></span> <span class='ocrx_word' id='word_1_636' title='bbox 1519 5089 1721 5146; x_wconf 89' lang='lat' dir='ltr'><strong>concessionis</strong></span> <span class='ocrx_word' id='word_1_637' title='bbox 1734 5093 1761 5143; x_wconf 88' lang='lat' dir='ltr'><strong>el</strong></span> <span class='ocrx_word' id='word_1_638' title='bbox 1776 5103 1845 5144; x_wconf 91' lang='lat' dir='ltr'><strong>oon·</strong></span> 
     </span>
     <span class='ocr_line' id='line_1_56' title="bbox 138 5170 1842 5251; baseline 0.002 -22"><span class='ocrx_word' id='word_1_639' title='bbox 138 5175 197 5230; x_wconf 80' lang='lat' dir='ltr'><strong>lieo</strong></span> <span class='ocrx_word' id='word_1_640' title='bbox 207 5177 237 5230; x_wconf 88' lang='lat' dir='ltr'><strong>ct</strong></span> <span class='ocrx_word' id='word_1_641' title='bbox 250 5173 397 5231; x_wconf 88' lang='lat' dir='ltr'><strong>attitulata</strong></span> <span class='ocrx_word' id='word_1_642' title='bbox 410 5190 429 5230; x_wconf 97' lang='grc'><strong>0</strong></span> <span class='ocrx_word' id='word_1_643' title='bbox 441 5175 529 5230; x_wconf 89' lang='lat' dir='ltr'><strong>nobis</strong></span> <span class='ocrx_word' id='word_1_644' title='bbox 543 5179 572 5231; x_wconf 91' lang='lat' dir='ltr'><strong>et</strong></span> <span class='ocrx_word' id='word_1_645' title='bbox 586 5191 605 5232; x_wconf 90' lang='lat' dir='ltr'><strong>a</strong></span> <span class='ocrx_word' id='word_1_646' title='bbox 619 5175 728 5232; x_wconf 90' lang='lat' dir='ltr'><strong>nostris</strong></span> <span class='ocrx_word' id='word_1_647' title='bbox 742 5175 964 5232; x_wconf 86' lang='lat' dir='ltr'><strong>successoribus</strong></span> <span class='ocrx_word' id='word_1_648' title='bbox 1017 5170 1196 5229; x_wconf 89' lang='lat' dir='ltr'><strong>firmationis</strong></span> <span class='ocrx_word' id='word_1_649' title='bbox 1210 5172 1393 5246; x_wconf 88' lang='lat' dir='ltr'><strong>immutetur,</strong></span> <span class='ocrx_word' id='word_1_650' title='bbox 1408 5179 1459 5235; x_wconf 89' lang='lat' dir='ltr'><strong>aut</strong></span> <span class='ocrx_word' id='word_1_651' title='bbox 1475 5177 1576 5251; x_wconf 89' lang='lat' dir='ltr'><strong>aliquo</strong></span> <span class='ocrx_word' id='word_1_652' title='bbox 1596 5177 1688 5232; x_wconf 92' lang='lat' dir='ltr'><strong>modo</strong></span> <span class='ocrx_word' id='word_1_653' title='bbox 1707 5174 1842 5232; x_wconf 85' lang='lat' dir='ltr'><strong>violetur.</strong></span> 
     </span>
     <span class='ocr_line' id='line_1_57' title="bbox 136 5261 1843 5338; baseline 0.001 -20"><span class='ocrx_word' id='word_1_654' title='bbox 136 5261 271 5319; x_wconf 90' lang='lat' dir='ltr'><strong>debitum</strong></span> <span class='ocrx_word' id='word_1_655' title='bbox 293 5262 440 5319; x_wconf 90' lang='lat' dir='ltr'><strong>honorem</strong></span> <span class='ocrx_word' id='word_1_656' title='bbox 467 5263 601 5337; x_wconf 89' lang='lat' dir='ltr'><strong>recipiat,</strong></span> <span class='ocrx_word' id='word_1_657' title='bbox 631 5267 720 5337; x_wconf 86' lang='lat' dir='ltr'><strong>atque</strong></span> <span class='ocrx_word' id='word_1_658' title='bbox 741 5263 772 5321; x_wconf 92' lang='lat' dir='ltr'><strong>in</strong></span> <span class='ocrx_word' id='word_1_659' title='bbox 795 5263 908 5321; x_wconf 85' lang='lat' dir='ltr'><strong>indicta</strong></span> <span class='ocrx_word' id='word_1_660' title='bbox 921 5264 965 5321; x_wconf 91' lang='lat' dir='ltr'><strong>ihi</strong></span> <span class='ocrx_word' id='word_1_661' title='bbox 1020 5261 1049 5317; x_wconf 88' lang='lat' dir='ltr'><strong>Si</strong></span> <span class='ocrx_word' id='word_1_662' title='bbox 1062 5261 1131 5334; x_wconf 88' lang='lat' dir='ltr'><strong>quis</strong></span> <span class='ocrx_word' id='word_1_663' title='bbox 1147 5267 1259 5330; x_wconf 88' lang='lat' dir='ltr'><strong>autem,</strong></span> <span class='ocrx_word' id='word_1_664' title='bbox 1287 5265 1371 5338; x_wconf 87' lang='lat' dir='ltr'><strong>quod</strong></span> <span class='ocrx_word' id='word_1_665' title='bbox 1395 5281 1458 5324; x_wconf 93' lang='lat' dir='ltr'><strong>non</strong></span> <span class='ocrx_word' id='word_1_666' title='bbox 1485 5265 1645 5330; x_wconf 89' lang='lat' dir='ltr'><strong>credimus,</strong></span> <span class='ocrx_word' id='word_1_667' title='bbox 1667 5263 1843 5320; x_wconf 87' lang='lat' dir='ltr'><strong>temerarius</strong></span> 
     </span>
     <span class='ocr_line' id='line_1_58' title="bbox 137 5350 1843 5426; baseline 0.002 -19"><span class='ocrx_word' id='word_1_668' title='bbox 137 5351 328 5424; x_wconf 88' lang='lat' dir='ltr'><strong>processione</strong></span> <span class='ocrx_word' id='word_1_669' title='bbox 339 5353 387 5408; x_wconf 88' lang='lat' dir='ltr'><strong>vel</strong></span> <span class='ocrx_word' id='word_1_670' title='bbox 401 5352 515 5410; x_wconf 89' lang='lat' dir='ltr'><strong>satione</strong></span> <span class='ocrx_word' id='word_1_671' title='bbox 529 5353 623 5410; x_wconf 89' lang='lat' dir='ltr'><strong>nostri</strong></span> <span class='ocrx_word' id='word_1_672' title='bbox 644 5353 721 5410; x_wconf 91' lang='lat' dir='ltr'><strong>sacri</strong></span> <span class='ocrx_word' id='word_1_673' title='bbox 743 5353 846 5426; x_wconf 85' lang='lat' dir='ltr'><strong>palatii</strong></span> <span class='ocrx_word' id='word_1_674' title='bbox 860 5353 964 5412; x_wconf 88' lang='lat' dir='ltr'><strong>schola</strong></span> <span class='ocrx_word' id='word_1_675' title='bbox 1018 5350 1159 5408; x_wconf 83' lang='lat' dir='ltr'><strong>exstiterit</strong></span> <span class='ocrx_word' id='word_1_676' title='bbox 1170 5356 1274 5410; x_wconf 91' lang='lat' dir='ltr'><strong>contra</strong></span> <span class='ocrx_word' id='word_1_677' title='bbox 1287 5353 1346 5412; x_wconf 91' lang='lat' dir='ltr'><strong>hoc</strong></span> <span class='ocrx_word' id='word_1_678' title='bbox 1360 5360 1496 5412; x_wconf 90' lang='lat' dir='ltr'><strong>nostrum</strong></span> <span class='ocrx_word' id='word_1_679' title='bbox 1512 5351 1711 5425; x_wconf 86' lang='lat' dir='ltr'><strong>apostolicum</strong></span> <span class='ocrx_word' id='word_1_680' title='bbox 1725 5352 1843 5426; x_wconf 84' lang='lat' dir='ltr'><strong>privile-</strong></span> 
     </span>
     <span class='ocr_line' id='line_1_59' title="bbox 138 5439 1843 5518; baseline 0.002 -23"><span class='ocrx_word' id='word_1_681' title='bbox 138 5443 295 5497; x_wconf 89' lang='lat' dir='ltr'><strong>cantorum</strong></span> <span class='ocrx_word' id='word_1_682' title='bbox 310 5442 476 5499; x_wconf 83' lang='lat' dir='ltr'><strong>conveniat.</strong></span> <span class='ocrx_word' id='word_1_683' title='bbox 493 5441 560 5514; x_wconf 92' lang='lat' dir='ltr'><strong>lpse</strong></span> <span class='ocrx_word' id='word_1_684' title='bbox 575 5442 655 5498; x_wconf 89' lang='lat' dir='ltr'><strong>enim</strong></span> <span class='ocrx_word' id='word_1_685' title='bbox 669 5441 962 5515; x_wconf 72' lang='lat' dir='ltr'><strong>praecellentissimus</strong></span> <span class='ocrx_word' id='word_1_686' title='bbox 1019 5441 1101 5512; x_wconf 79' lang='lat' dir='ltr'><strong>glum</strong></span> <span class='ocrx_word' id='word_1_687' title='bbox 1123 5442 1224 5499; x_wconf 83' lang='lat' dir='ltr'><strong>venire</strong></span> <span class='ocrx_word' id='word_1_688' title='bbox 1244 5447 1296 5500; x_wconf 87' lang='lat' dir='ltr'><strong>aut</strong></span> <span class='ocrx_word' id='word_1_689' title='bbox 1318 5445 1350 5500; x_wconf 93' lang='lat' dir='ltr'><strong>in</strong></span> <span class='ocrx_word' id='word_1_690' title='bbox 1374 5457 1531 5515; x_wconf 89' lang='lat' dir='ltr'><strong>quoquam</strong></span> <span class='ocrx_word' id='word_1_691' title='bbox 1557 5439 1744 5516; x_wconf 87' lang='lat' dir='ltr'><strong>disrumpere</strong></span> <span class='ocrx_word' id='word_1_692' title='bbox 1766 5457 1843 5518; x_wconf 74' lang='grc'>0100-</span> 
     </span>
    </p>
   </div>
   <div class='ocr_carea' id='block_1_4' title="bbox 21 5531 1844 5606">
    <p class='ocr_par' dir='ltr' id='par_1_4' title="bbox 21 5531 1844 5606">
     <span class='ocr_line' id='line_1_60' title="bbox 21 5531 1844 5606; baseline 0.002 -20"><span class='ocrx_word' id='word_1_693' title='bbox 21 5559 32 5574; x_wconf 90' lang='lat'><strong>·</strong></span> <span class='ocrx_word' id='word_1_694' title='bbox 137 5531 253 5602; x_wconf 85' lang='lat' dir='ltr'><strong>martyr</strong></span> <span class='ocrx_word' id='word_1_695' title='bbox 265 5531 372 5588; x_wconf 89' lang='lat' dir='ltr'><strong>obtulit</strong></span> <span class='ocrx_word' id='word_1_696' title='bbox 386 5547 495 5605; x_wconf 90' lang='lat' dir='ltr'><strong>corpus</strong></span> <span class='ocrx_word' id='word_1_697' title='bbox 510 5547 601 5588; x_wconf 89' lang='lat' dir='ltr'><strong>suum</strong></span> <span class='ocrx_word' id='word_1_698' title='bbox 614 5535 737 5606; x_wconf 90' lang='lat' dir='ltr'><strong>propter</strong></span> <span class='ocrx_word' id='word_1_699' title='bbox 751 5535 845 5590; x_wconf 81' lang='lat' dir='ltr'><strong>ileum</strong></span> <span class='ocrx_word' id='word_1_700' title='bbox 865 5532 904 5590; x_wconf 88' lang='lat' dir='ltr'><strong>ad</strong></span> <span class='ocrx_word' id='word_1_701' title='bbox 921 5533 965 5590; x_wconf 91' lang='lat' dir='ltr'><strong>di·</strong></span> <span class='ocrx_word' id='word_1_702' title='bbox 1019 5533 1188 5606; x_wconf 87' lang='lat' dir='ltr'><strong>sumpserit,</strong></span> <span class='ocrx_word' id='word_1_703' title='bbox 1214 5537 1244 5589; x_wconf 92' lang='lat' dir='ltr'><strong>et</strong></span> <span class='ocrx_word' id='word_1_704' title='bbox 1268 5531 1405 5605; x_wconf 87' lang='lat' dir='ltr'><strong>superius</strong></span> <span class='ocrx_word' id='word_1_705' title='bbox 1431 5531 1552 5588; x_wconf 85' lang='lat' dir='ltr'><strong>anobis</strong></span> <span class='ocrx_word' id='word_1_706' title='bbox 1576 5535 1719 5590; x_wconf 89' lang='lat' dir='ltr'><strong>statutum</strong></span> <span class='ocrx_word' id='word_1_707' title='bbox 1743 5539 1787 5588; x_wconf 89' lang='lat' dir='ltr'><strong>est</strong></span> <span class='ocrx_word' id='word_1_708' title='bbox 1802 5531 1844 5590; x_wconf 87' lang='lat' dir='ltr'><strong>ita</strong></span> 
     </span>
    </p>
   </div>
   <div class='ocr_carea' id='block_1_5' title="bbox 68 5617 1841 5698">
    <p class='ocr_par' dir='ltr' id='par_1_5' title="bbox 68 5617 1841 5698">
     <span class='ocr_line' id='line_1_61' title="bbox 68 5617 1841 5698; baseline 0.002 -22"><span class='ocrx_word' id='word_1_709' title='bbox 68 5619 76 5628; x_wconf 84' lang='lat'><strong>’</strong></span> <span class='ocrx_word' id='word_1_710' title='bbox 137 5633 225 5677; x_wconf 81' lang='lat' dir='ltr'><strong>versa</strong></span> <span class='ocrx_word' id='word_1_711' title='bbox 239 5617 395 5694; x_wconf 89' lang='lat' dir='ltr'><strong>supplicia,</strong></span> <span class='ocrx_word' id='word_1_712' title='bbox 408 5619 476 5679; x_wconf 92' lang='lat' dir='ltr'><strong>ideo</strong></span> <span class='ocrx_word' id='word_1_713' title='bbox 491 5621 657 5695; x_wconf 88' lang='lat' dir='ltr'><strong>promeruit</strong></span> <span class='ocrx_word' id='word_1_714' title='bbox 674 5637 819 5680; x_wconf 88' lang='lat' dir='ltr'><strong>coronam</strong></span> <span class='ocrx_word' id='word_1_715' title='bbox 838 5621 964 5681; x_wconf 86' lang='lat' dir='ltr'><strong>coelestis</strong></span> <span class='ocrx_word' id='word_1_716' title='bbox 1017 5639 1194 5698; x_wconf 85' lang='lat' dir='ltr'><strong>permanere</strong></span> <span class='ocrx_word' id='word_1_717' title='bbox 1208 5637 1271 5680; x_wconf 91' lang='lat' dir='ltr'><strong>non</strong></span> <span class='ocrx_word' id='word_1_718' title='bbox 1285 5620 1439 5696; x_wconf 88' lang='lat' dir='ltr'><strong>dimiserit,</strong></span> <span class='ocrx_word' id='word_1_719' title='bbox 1453 5619 1527 5680; x_wconf 88' lang='lat' dir='ltr'><strong>sciat</strong></span> <span class='ocrx_word' id='word_1_720' title='bbox 1539 5637 1582 5693; x_wconf 89' lang='lat' dir='ltr'><strong>se,</strong></span> <span class='ocrx_word' id='word_1_721' title='bbox 1604 5621 1662 5680; x_wconf 85' lang='lat' dir='ltr'><strong>nisi</strong></span> <span class='ocrx_word' id='word_1_722' title='bbox 1677 5621 1841 5697; x_wconf 84' lang='lat' dir='ltr'><strong>resipiscat,</strong></span> 
     </span>
    </p>
   </div>
   <div class='ocr_carea' id='block_1_6' title="bbox 0 0 2058 6148">
    <p class='ocr_par' dir='ltr' id='par_1_6' title="bbox 0 0 2058 6148">
     <span class='ocr_line' id='line_1_62' title="bbox 0 0 2058 6148; baseline 0 0"><span class='ocrx_word' id='word_1_723' title='bbox 0 0 2058 6148; x_wconf 95' lang='lat' dir='ltr'><strong> </strong></span> 
     </span>
    </p>
   </div>
  </div>
 </body>
</html>
