4106 6148
200 214 253 270 tet

751 205 939 266 sarnanum
958 190 1115 264 uentum
1134 193 1354 259 carantonus

201 332 366 388 cerneum
380 331 492 405 rapidis
507 329 645 389 sulcabat
659 335 751 389 Nerea
765 333 870 404 [mare]
884 327 984 387 remis.
1047 319 1069 384 l
1086 316 1920 399 scotticaplebs,etPictacohors,vulgusqueBritannum

202 421 308 478 Littera
321 420 397 478 felici
409 425 533 494 patuere
546 422 679 478 salubria
699 433 798 479 cursu.

203 508 264 567 fo.
278 510 402 582 Regium
417 511 492 568 odit.
512 511 537 566 A
554 523 624 582 repe
635 511 745 580 predic
760 511 868 582 accipit
886 513 915 566 ct
936 509 970 564 Η
982 507 1032 563 fti-

451 614 544 670 pense
558 601 781 657 monasterium.

239 689 349 745 Fasces
362 687 575 762 impertireges
587 692 652 746 tum
667 688 741 746 forte
753 687 881 759 gemelli,

203 775 333 834 Alfridus
344 777 528 852 imperitans,
540 793 602 834 unu
616 778 732 849 genitor
747 777 837 834 simul
849 775 960 844 oswiu,

204 865 324 922 Foedere
339 865 468 922 consorti
479 866 639 922 servabant
654 866 786 940 scitaque
796 865 888 936 vulgi,

204 953 349 1010 Ardentes
364 953 472 1011 animis
486 954 575 1011 subdi
590 954 762 1012 coelestibus
778 954 869 1024 orgiis
882 953 939 1025 [te.
951 965 1033 1024 mys-

204 1046 262 1100 Nec
273 1043 494 1116 potuitlatebris
507 1043 579 1101 abdi
586 1044 634 1101 fax
648 1045 740 1102 missa
754 1043 902 1102 nefandis.
920 1041 1031 1114 [teriis].

205 1133 270 1188 flcx
283 1146 422 1204 proceres
440 1132 515 1189 inter
528 1133 721 1190 rumusculus
737 1133 806 1190 exiit
819 1131 907 1202 aulae,

207 1218 330 1276 scillicet
340 1220 519 1278 adventasse
533 1221 633 1278 virum
644 1223 751 1280 virtute
764 1224 908 1293 vigetum,

207 1307 325 1382 Optima
340 1307 497 1380 clavigeris
512 1309 565 1384 qui
579 1311 658 1368 fatur
671 1313 816 1383 dogmata
831 1310 907 1368 coeli.

206 1396 322 1468 Regalis
332 1413 405 1455 sane
418 1399 509 1456 subiit
528 1401 688 1473 proscenia
701 1401 796 1468 fundi,

206 1487 267 1542 Pax
281 1485 385 1542 domun
399 1492 479 1556 tunc,
496 1488 571 1556 infit,
583 1490 662 1554 huic,
679 1491 850 1563 captimque
864 1487 999 1562 loquelas

206 1575 322 1632 Tractat
335 1575 534 1648 evangelicus,
550 1596 628 1652 quas
644 1579 740 1635 indice
756 1579 871 1635 discere
885 1577 999 1634 Christo

207 1665 381 1734 Promeruit,
393 1665 460 1722 latae
476 1671 637 1740 penetrans
648 1669 808 1740 gymnasia
822 1668 933 1737 Romae,

208 1753 340 1824 Quaque
354 1753 411 1808 sub
424 1758 536 1821 argutis
548 1761 740 1825 congesserat
749 1756 868 1828 optima
883 1753 981 1811 Gallis.

208 1840 356 1896 Attonitus
368 1841 496 1914 stupidis
505 1843 644 1917 princeps
660 1843 850 1900 sermonibus
871 1843 959 1910 adiro,

208 1929 272 1982 Non
284 1927 393 1999 puduit
406 1929 514 2000 glauco
529 1931 624 1988 telluri
640 1933 763 1989 sternier
784 1937 875 1994 osne.

209 2016 265 2071 Ore
276 2020 380 2089 petens
390 2018 449 2088 agii
458 2020 616 2077 confestim
629 2036 661 2077 se
674 2021 822 2079 benedici.

208 2103 352 2177 Explevit,
367 2108 442 2163 dum
456 2121 526 2179 rege
539 2123 678 2174 manens,
697 2114 743 2167 sat
757 2109 852 2166 multu
866 2107 1001 2177 benigno

209 2189 341 2249 Obtinru't
354 2194 459 2251 mento
473 2197 625 2269 pecuaria,
640 2197 763 2270 praedia,
779 2211 898 2263 census,

207 2282 305 2355 Atque
316 2287 532 2343 monasterium
543 2288 618 2361 (300)
631 2287 746 2358 vulgari
758 2287 881 2343 nomine
901 2285 1017 2358 llltlpis.

210 2370 263 2437 Qui
277 2387 339 2428 non
352 2379 461 2430 aeratus
476 2374 607 2432 instabat
617 2377 747 2432 condere
762 2389 861 2446 gazas,

210 2461 337 2534 Dapsilis
349 2468 395 2519 ast
410 2464 534 2528 cunctis,
550 2465 666 2521 dedans
676 2465 832 2521 hermenia
841 2463 930 2531 (300')
940 2463 1018 2531 vita,

210 2551 395 2622 Pauperibus
407 2551 507 2623 largas
524 2553 680 2626 praebebat
696 2553 819 2609 sedulus
835 2567 931 2620 escas,

210 2638 352 2710 Exemplo
367 2641 503 2712 pendens
518 2643 626 2710 coeptat
643 2642 717 2715 quid
732 2641 853 2715 spiritus
867 2639 987 2698 ardens.

258 2725 329 2784 Vftl.
340 2728 388 2784 Ac
402 2729 576 2801 AEpttbertc
590 2732 678 2787 Gotlc
693 2733 828 2802 mierum
835 2731 995 2802 presbyter

538 2819 712 2876 mutuatur.

246 2903 394 2960 flatenem
409 2903 491 2962 fandi
504 2906 590 2963 dabit
608 2907 720 2964 amodo
735 2907 831 2977 gratie
846 2907 928 2965 tanb'.

210 2991 324 3050 Interea
334 2994 435 3050 Borea
449 2996 559 3068 praesul
573 2996 704 3053 defertur
718 2997 757 3053 ab
767 2997 836 3053 oris.

210 3081 391 3153 AEgilbertus
406 3087 478 3152 erat,
490 3084 633 3141 doctrinm
648 3085 756 3142 robore
766 3089 894 3152 mactus,

211 3169 337 3228 Astabat
350 3171 489 3236 ducibus,
502 3173 635 3231 suadens
650 3189 719 3248 quae
734 3175 860 3231 mandat
874 3177 972 3230 lesus.

211 3263 238 3316 ls
252 3275 324 3316 mox
335 3259 464 3318 Wilfridi
478 3263 571 3320 vitam
581 3264 782 3336 meritumque
801 3263 915 3320 notarit

212 3348 408 3422 Proecipuum,
430 3351 574 3410 Sermone
587 3352 672 3408 ducis
687 3353 833 3409 sannatia
847 3351 948 3419 fertur,

213 3437 285 3494 Utile
299 3451 459 3512 personam
471 3440 615 3510 gradibus
629 3441 773 3498 donando
787 3432 871 3498 beari

213 3525 338 3598 Divinis,
350 3543 442 3598 quam
459 3543 519 3583 non
529 3529 648 3585 hebetet
662 3543 791 3585 censura
805 3527 957 3601 palustris.

154 3668 160 3680 ‚
212 3613 327 3684 allegat
340 3615 452 3687 praesul
466 3602 579 3686 fac'ilis3
594 3617 755 3673 verumillc
769 3619 898 3689 juventa

213 3705 361 3760 Excursus
374 3704 512 3778 trepidat,
527 3721 566 3762 ne
580 3705 681 3762 forsan
696 3705 815 3763 mobilis
834 3711 905 3764 setas

212 3790 395 3868 Praecipitem
409 3809 511 3868 prave
525 3796 658 3852 retrahat
668 3809 722 3868 per
735 3800 875 3870 competa
889 3800 987 3854 senne.

212 3882 344 3940 Tandem
354 3884 431 3941 colla
442 3885 517 3957 jngo
531 3885 665 3942 subdens
680 3886 797 3943 delectu
809 3887 913 3959 petito,

1085 414 1157 490 Hinc
1172 413 1272 484 regale
1284 412 1386 484 decus,
1401 409 1662 486 ephoeborumque
1676 403 1817 478 manipli,

1084 503 1182 560 Turba
1196 499 1435 576 senum,pras1d
1450 498 1580 556 violento
1595 495 1713 552 deditus
1728 495 1818 552 Euro.

1085 594 1168 650 Stant
1183 592 1261 650 acies
1275 590 1369 648 dubio
1385 588 1519 648 certatim
1527 587 1588 643 fine
1601 585 1734 656 retenta,

1085 681 1209 738 Publica
1223 681 1344 738 declivae
1357 679 1434 736 fiunt
1445 675 1572 736 divortia
1585 674 1675 731 lunae.

1120 785 1192 845 Inde
1207 787 1429 861 loquaspositac
1441 783 1601 844 colmanus
1617 778 1925 854 episcopusutnbrae,

1086 881 1141 934 Dat
1154 879 1305 950 praecepta
1318 875 1401 950 prior
1412 873 1510 931 subito
1521 871 1646 944 lapsura
1660 869 1790 940 fragore.

1086 968 1144 1022 Nos
1155 965 1261 1022 seriem
1273 963 1413 1038 patriam,
1429 977 1491 1019 non
1504 959 1609 1016 frivola
1624 958 1715 1030 sripta
1731 959 1887 1028 tenemuS,

1087 1052 1237 1126 Discipulo
1243 1051 1356 1108 Dusebi
1371 1049 1523 1124 Polycapo
1537 1046 1627 1103 dante
1639 1045 1771 1102 loannis.

1087 1141 1136 1198 flle
1150 1141 1260 1197 etenim
1275 1139 1322 1197 bis
1337 1145 1467 1213 septenas
1483 1132 1541 1193 sub
1557 1141 1691 1208 tempore
1706 1131 1841 1207 pboebae,

1089 1233 1231 1289 Sanctum
1244 1229 1371 1305 praefixit
1386 1227 1474 1286 nobis
1488 1225 1552 1283 fore
1567 1221 1680 1282 Pascha
1696 1221 1866 1280 colendum
1881 1241 1890 1290 ς

1087 1325 1182 1394 Atque
1192 1317 1278 1376 nefas
1291 1319 1375 1386 dixit,
1393 1317 1498 1391 siquis
1511 1313 1661 1372 contraria
1676 1313 1773 1370 sentit

1087 1413 1176 1466 Docte
1186 1409 1309 1483 quidem
1333 1423 1449 1464 morem
1462 1421 1589 1463 nameus
1611 1399 1778 1477 depromsit
1793 1402 1928 1470 avitum,

1091 1504 1193 1573 Utpote
1208 1499 1362 1572 praeteritus
1370 1495 1503 1554 recolens
1519 1493 1661 1564 choragia
1670 1499 1730 1548 zoae
1741 1486 1847 1565 [vitet

1091 1589 1147 1647 Sed
1162 1603 1223 1644 non
1237 1587 1363 1660 aequatis
1378 1583 1523 1660 appendit
1532 1581 1669 1640 lancibus
1683 1581 1762 1656 ae'qui

1056 1681 1075 1738 B
1090 1679 1277 1734 Testamenta
1288 1675 1350 1739 Dei,
1363 1675 1440 1731 veris
1453 1679 1573 1747 aquata
1582 1668 1756 1746 chylindris.

1092 1763 1276 1823 condoluere
1291 1767 1401 1830 Patres,
1415 1779 1494 1819 cccco
1509 1762 1582 1836 quia
1592 1759 1716 1817 numine
1731 1749 1840 1816 fratres

1091 1854 1227 1910 Nituutur
1240 1851 1349 1910 validis
1365 1851 1514 1932 tabularia
1529 1849 1640 1906 menda
1655 1848 1740 1920 tueri,

1092 1942 1234 2000 Obicibus
1249 1941 1350 1999 faciles
1363 1951 1418 1998 nec
1429 1939 1540 1997 cedunt
1553 1955 1642 2013 posse
1655 1937 1758 1994 refelli.

1127 2049 1256 2106 Heroum
1268 2050 1355 2122 jussu
1369 2045 1471 2105 clivosi
1484 2045 1609 2104 tramitis
1622 2049 1711 2118 atque

1091 2137 1248 2196 anfractus
1261 2135 1383 2194 lubricae
1399 2133 1563 2210 prudenter
1576 2131 1664 2190 deria
1673 2137 1759 2190 secta

1091 2225 1240 2283 Wilfridus
1254 2221 1361 2296 legitur
1376 2222 1586 2298 spermolocus
1602 2225 1664 2278 arte
1678 2221 1780 2292 sagaci

1092 2316 1212 2382 Pedere,
1228 2321 1301 2372 nota
1319 2311 1486 2389 peregrinus
1501 2311 1550 2368 cui
1564 2309 1684 2367 feminee
1699 2309 1821 2382 glossae.

1092 2405 1165 2460 Hinc
1180 2401 1289 2460 dubios
1304 2401 1380 2459 inter
1391 2418 1503 2459 cuneos
1518 2405 1618 2457 orator
1632 2397 1776 2456 adorsus:

1091 2496 1274 2549 Tercentum
1289 2489 1413 2548 memini
1427 2495 1471 2548 ter
1482 2505 1570 2546 senos
1586 2493 1676 2562 atque
1692 2492 1846 2558 gerontas,

1094 2581 1230 2654 Limpida
1243 2579 1390 2638 collectim
1406 2581 1509 2638 Nicaea
1523 2575 1664 2650 exempla
1676 2567 1788 2633 tulisse.

1092 2675 1164 2740 Quae
1178 2672 1202 2726 si
1222 2671 1413 2745 perspiciant,
1429 2685 1500 2726 mox
1515 2665 1692 2725 eluctabitur
1706 2665 1806 2724 omnis

1092 2760 1217 2818 Desidia
1233 2759 1358 2830 scabies,
1374 2759 1466 2816 torvis
1488 2757 1568 2814 illata
1582 2755 1742 2829 chelydris.

1092 2854 1236 2909 lactarunt
1249 2849 1359 2906 etenim
1373 2854 1417 2905 ter
1432 2847 1496 2905 seni
1510 2848 1644 2904 themata
1657 2843 1733 2918 cycli

1093 2942 1126 2996 fn
1140 2953 1206 2996 sese
1215 2939 1329 2996 tatluos
1340 2939 1445 3010 juncto
1459 2935 1591 2993 monade
1604 2949 1756 2992 racemus.

1056 3034 1076 3090 C
1094 3029 1143 3086 llic
1154 3033 1252 3085 tenet:
1267 3027 1387 3097 ignorat
1398 3026 1451 3083 sed
1465 3026 1547 3081 hunc
1561 3040 1635 3096 gens
1647 3023 1751 3095 indiga
1765 3025 1840 3090 veri,

1094 3117 1257 3177 caecutiens
1272 3117 1361 3191 lippis
1375 3116 1449 3190 quid
1464 3115 1562 3172 differt
1575 3114 1691 3171 discere
1700 3112 1814 3170 ocellis.

1128 3242 1255 3312 Dixerat,
1270 3239 1391 3298 effertur
1409 3238 1563 3310 legionum
1574 3237 1663 3294 valde
1676 3237 1789 3294 favore.

1095 3331 1183 3388 Addit
1195 3334 1339 3404 praterea
1351 3329 1444 3402 plano
1459 3343 1597 3384 sermone
1606 3325 1762 3400 profatus:

1095 3427 1162 3481 liceo
1175 3424 1302 3478 immota
1312 3425 1437 3478 manent
1448 3423 1574 3476 cunctus
1588 3417 1711 3474 oracula
1725 3417 1817 3474 soles.

1097 3514 1190 3585 Stirps
1203 3526 1406 3585 quaecumque
1418 3508 1499 3566 volet
1511 3507 1588 3564 fixos
1601 3507 1755 3564 obvertere
1769 3507 1859 3576 fines,

1095 3605 1216 3658 Tartara
1230 3597 1416 3656 flammiferis
1431 3597 1558 3654 sudibus
1575 3596 1632 3653 sub
1642 3595 1752 3652 acerba
1764 3599 1891 3652 rotetm.

1097 3691 1162 3756 Quo
1177 3689 1257 3746 dictu
1272 3687 1352 3743 siluit
1361 3687 1513 3760 Princeps,
1530 3685 1657 3758 canique
1668 3699 1814 3759 sequaces

1098 3779 1216 3852 Frigida
1226 3777 1378 3836 convulsis
1393 3777 1544 3834 vexabant
1553 3780 1675 3850 pectora
1687 3775 1808 3848 pugnis.

1099 3868 1226 3927 Solvitur
1235 3868 1267 3924 in
1279 3872 1415 3923 tenerum
1429 3864 1587 3923 confestim
1601 3865 1705 3922 concio
1719 3863 1847 3921 fuctum.

214 3972 330 4030 Ordinis
343 3977 462 4046 aptatur
475 3973 584 4031 calebs
600 3973 631 4030 in
646 3975 761 4031 honore
777 3973 902 4031 secundi
913 3975 945 4046 [i.
960 3989 984 4032 e.
999 3989 1044 4031 sa.
1133 3975 1236 4032 Dulcia
1250 3975 1318 4049 post
1331 3973 1484 4032 modicum
1497 3989 1550 4030 rex
1561 3973 1640 4030 mitis
1652 3969 1776 4047 protulit
1789 3985 1866 4030 ora:

886 4063 1042 4136 [cerdatiil.

1098 4065 1247 4122 Concedet
1260 4063 1330 4121 eniti
1341 4063 1438 4138 poenis
1453 4063 1628 4120 Acherontis
1640 4060 1748 4130 adusti,

213 4153 287 4208 Tum
299 4151 397 4222 magis
405 4155 495 4226 atque
509 4151 606 4222 magis
615 4151 713 4209 fructu
726 4152 848 4208 meliore
862 4167 1043 4223 pavescens
1099 4157 1258 4226 Exemptas
1271 4153 1358 4224 justis
1369 4155 1484 4208 mentes
1499 4151 1623 4208 miscere
1637 4147 1782 4218 suadelis,

215 4239 385 4298 Sufficiebat
397 4255 493 4298 ovans
508 4241 623 4298 cunctis
641 4241 824 4298 documenta
838 4240 953 4297 salutis.

1098 4243 1198 4309 Dicite,
1213 4257 1324 4314 quaeso,
1341 4243 1441 4299 Patres
1455 4241 1491 4313 [s.
1503 4239 1585 4312 fidei]
1596 4237 1865 4307 innotescentes,

244 4333 287 4386 lif.
299 4331 464 4389 schismate
476 4332 602 4388 extorto
616 4331 654 4388 de
667 4331 827 4398 Posrbote,
849 4331 1010 4402 thsn'dcs
1098 4327 1250 4403 Numquid
1259 4329 1433 4403 olympiaca
1446 4331 1532 4385 Petro
1542 4328 1610 4402 quis
1626 4326 1724 4397 maj0r
1736 4325 1768 4382 fn
1781 4325 1877 4384 aulaf

496 4419 599 4477 Scotos
619 4421 755 4476 revincit.

214 4504 1032 4580 Ortadehincpestisttotlgcminumdiscluditinorbam

213 4593 368 4652 Uniculam
382 4609 460 4652 verte
474 4595 545 4653 fidei
559 4600 605 4654 sat
619 4595 757 4652 morbide
767 4589 899 4669 plebem.

213 4684 351 4757 Dumque
359 4684 745 4758 tremuntbifldocorruptae
760 4683 921 4740 schismate
930 4688 1041 4758 partes.

213 4773 273 4827 lico
286 4772 381 4829 coiere
395 4771 494 4838 simul,
509 4774 607 4846 gelida
623 4773 676 4830 ssd
692 4777 722 4829 ct
736 4775 836 4838 Arcto,

250 4880 325 4946 (300)
341 4883 404 4936 Non
428 4881 656 4947 monasterium,
672 4881 726 4939 sed
743 4881 916 4938 monasterii
929 4876 1040 4951 locum,

204 4998 207 5008 ,
257 4961 305 5002 em
315 4948 482 5031 Alchfridus
495 4953 666 5024 pauloante
685 4955 725 5010 eia
747 4954 800 5024 qui
818 4954 920 5021 Scutos
944 4967 1043 5024 seque-

233 5023 336 5086 antur,
353 5033 385 5073 m
411 5025 619 5089 possessionem
633 5025 811 5082 monosterii
822 5025 956 5090 dederat,
969 5027 1043 5082 teste

1099 4421 1194 4486 Quem
1204 4433 1262 4474 nus
1274 4421 1302 4475 et
1316 4417 1406 4492 prisci
1415 4417 1532 4473 dudum
1545 4415 1643 4486 legere
1657 4415 1788 4488 tyranni.

1098 4511 1143 4563 An
1156 4505 1351 4564 columchilla
1362 4505 1436 4578 (302)
1448 4521 1510 4579 quo
1524 4504 1611 4578 plebs
1624 4503 1754 4560 infausta
1768 4503 1929 4576 superbit?

1099 4597 1239 4670 synodus
1253 4596 1331 4652 elata
1345 4593 1502 4668 respondit
1517 4609 1589 4651 voce
1604 4593 1709 4650 beata:

1097 4688 1198 4742 Petrus
1212 4685 1252 4742 ab
1265 4683 1425 4742 altithrono
1438 4682 1569 4740 donatus
1589 4681 1725 4738 desmate
1747 4681 1824 4754 (303)
1845 4683 1928 4752 lesu,

1098 4773 1204 4830 Difficit
1215 4774 1334 4844 ignavus
1347 4771 1516 4845 torquentia
1529 4771 1594 4828 lora
1609 4775 1747 4840 senecta,

1098 4878 1199 4937 Scketf
1208 4875 1364 4934 fluviolum
1378 4875 1487 4934 locuto.

1133 4949 1218 5022 (300)
1238 4949 1276 5004 fd
1285 4953 1328 5005 est
1341 4947 1551 5020 exposinones.

1132 5021 1207 5090 (301)
1221 5023 1302 5076 Hanc
1312 5019 1350 5076 de
1365 5020 1508 5076 Paschata
1522 5017 1759 5074 controversiam
1768 5017 1831 5075 late
1839 5018 1931 5076 refert

214 5088 293 5146 Beda
306 5089 338 5145 in
349 5087 401 5146 lib.
417 5105 447 5145 ιιι
458 5105 525 5164 cap.
544 5097 589 5149 25.
600 5097 641 5150 Eo
653 5095 684 5150 in
699 5095 765 5151 loco
776 5101 883 5176 postea
893 5093 1043 5150 Wilfridus
1098 5091 1177 5148 Deda
1188 5091 1218 5146 in
1228 5090 1280 5147 lib.
1295 5107 1335 5158 ιιι,
1349 5106 1415 5162 cap.
1432 5094 1466 5146 25

105 5215 107 5218 .
213 5159 385 5218 coenobium
410 5159 577 5218 edificavit.
595 5163 678 5245 Unde
704 5165 769 5238 ipse
796 5181 827 5222 m
853 5165 980 5240 epistola
1003 5164 1044 5222 ad
1132 5163 1205 5246 (3021
1222 5161 1340 5218 Sicfere
1353 5159 1531 5219 columbam
1545 5159 1689 5216 abbatem
1702 5159 1929 5221 etconditcrem

213 5231 362 5316 loannem
380 5248 494 5307 papam
509 5231 592 5306 apud
608 5233 804 5290 erlelmum:
821 5237 883 5307 Epo
898 5242 1044 5294 monaste·

213 5317 261 5360 nc
277 5304 336 5360 dno
354 5305 386 5360 in
407 5320 442 5362 eu
462 5306 623 5376 provincia
645 5306 753 5375 posito.
771 5307 855 5375 nepa
871 5309 899 5364 et
922 5305 1043 5379 Hagna-

214 5373 344 5445 tauers,
358 5373 648 5447 praeseminatores
664 5377 812 5432 omittam.
831 5377 897 5432 toci
909 5379 1044 5446 regimen
1098 5375 1244 5433 Columbo
1255 5390 1365 5432 cunco
1379 5373 1522 5431 nonnulis
1537 5375 1729 5444 compositae
1742 5367 1928 5432 cellectCa
2033 5375 2034 5430 ἶ

1098 5231 1222 5290 Hirensis
1239 5231 1448 5290 monasteriis
1491 5229 1631 5294 ellabant,
1652 5233 1777 5290 testante
1796 5227 1877 5288 Beda
1897 5231 1929 5288 in

1098 5303 1231 5361 Historiae
1244 5303 1295 5360 lib.
1310 5321 1330 5360 v
1345 5305 1436 5376 capul
1448 5248 1489 5359 ll
1498 5301 1544 5358 his
1561 5299 1676 5358 verbis:
1705 5301 1762 5370 Qui
1789 5299 1928 5362 vtaelicet

213 5441 253 5500 ad
268 5451 397 5502 mortem
417 5463 514 5520 usque
528 5445 648 5504 retinuit
671 5445 831 5514 wilfridus,
848 5465 909 5520 quo
924 5454 1044 5504 mortuo
1099 5447 1201 5504 tumba
1215 5447 1333 5504 nomine
1358 5443 1536 5504 columcelli
1548 5448 1683 5502 vermer.
1698 5449 1770 5502 Acta
1795 5443 1862 5518 eius
1880 5460 1929 5502 cx·

213 5513 367 5598 Tatbertus
393 5517 489 5574 abbas
512 5519 552 5575 ab
567 5535 603 5576 ec
630 5517 805 5590 designatus
827 5519 1045 5574 monasterinm
1099 5517 1221 5574 stantia
1236 5515 1384 5574 seauton
1400 5515 1547 5573 benedict.

213 5591 298 5656 rexit,
307 5589 701 5660 exmonasnconnglicano.
710 5593 794 5647 Nunc
803 5591 920 5662 hippon
932 5605 1045 5646 nomen
1136 5589 1208 5663 (303)
1222 5587 1256 5646 ld
1270 5590 1474 5664 estpotestate
1488 5583 1602 5660 ligandi
1616 5589 1644 5646 et
1653 5585 1800 5646 solvendi.

213 5658 306 5718 haret
324 5657 439 5737 oppido
472 5677 567 5738 supra
594 5661 774 5734 meracum,
803 5659 878 5721 inter
902 5661 992 5719 Utum
1018 5665 1046 5720 ct
