4104 6162
87 153 133 210 ιιι
433 145 435 149 ·
599 147 866 210 comsanensis
884 143 975 206 inni
994 146 1092 208 runs.
1110 173 1145 198 ..
1163 155 1229 214 ιιι.
1249 157 1274 214 ιι
1738 175 1791 232 η,

86 273 150 330 dele
163 285 258 345 quam
273 272 312 330 ad
331 272 476 330 cistellam
489 289 576 332 susm
591 273 786 346 aperiendam
799 272 906 344 depor-
925 271 1064 330 lmius:
1087 277 1119 334 lit
1137 278 1212 351 quid
1235 280 1293 338 seis
1312 283 1337 338 si
1363 284 1501 346 meliores
1519 293 1618 359 esurii,
1642 291 1697 365 qui
1724 294 1790 354 1110,

86 367 169 432 terat,
183 362 263 432 ignis
279 366 353 420 tecto
366 363 494 438 irrepsit.
505 366 616 422 Contra
629 364 708 422 lianc
722 363 843 420 stultam
855 361 908 416 de·
966 364 1177 428 corroborent?
1191 374 1266 430 Nam
1282 377 1314 432 ιι
1328 377 1467 446 prescire
1484 381 1609 440 ommno
1623 382 1697 442 nihil
1711 401 1790 458 prrs-
1837 403 1839 407 ’

85 453 243 516 sotionem,
259 451 322 510 imo
334 453 501 523 avaritiam,
511 455 643 512 loannes
650 453 722 510 dicit
733 470 739 508 :
749 453 836 510 Nihil
846 467 910 510 om·
964 451 1047 510 veles
1060 459 1142 528 quod
1154 465 1198 518 est
1210 461 1305 520 solius
1316 464 1377 522 Dei.
1392 469 1429 522 At
1442 466 1505 526 illa:
1523 469 1609 528 Plura
1622 477 1732 543 tamen,
1749 476 1792 534 att

83 542 162 612 ptius
181 555 271 613 quoru
294 541 374 612 quod
397 541 476 598 ιιιιι
497 543 692 600 coerciturum
711 549 765 605 ιιι,
787 541 910 612 factatis
963 539 1064 600 tutare
1076 561 1113 602 eri
1125 550 1364 620 precedentibus
1382 569 1543 624 cognosco.
1564 561 1790 622 ursimannus

86 631 166 702 (lac.
181 645 222 700 ιιι,
236 629 288 701 la).
311 631 344 686 ιιι
357 633 434 688 certe
451 629 534 688 nulla
548 631 606 688 lico
624 631 728 700 regule
745 630 841 702 jubet,
857 627 911 684 sed
963 630 1003 688 ad
1018 648 1101 692 eam:
1115 639 1454 715 thuomodo,inqnit?
1466 643 1519 702 llla
1529 661 1599 704 vero
1611 651 1668 706 ait:
1688 653 1791 712 Omnis

85 718 182 788 magis
193 718 309 776 nudam
321 719 639 778 erucemesseclamat
653 736 671 776 a
685 720 768 778 nudo
782 734 910 792 sequen·
964 720 1006 778 rei
1021 723 1201 800 principium
1224 730 1316 788 tendit
1334 731 1373 788 ad
1391 739 1599 803 augmentum,
1622 737 1730 798 dehinc
1751 742 1791 800 ad

84 808 164 864 dem.
177 807 291 873 Quibus
304 807 381 864 hene
393 809 530 879 congruit
537 808 609 866 illud
617 809 842 882 propheticum:
859 809 910 864 Vc·
964 807 1176 874 detrimentum
1191 817 1333 889 devergit.
1349 820 1395 878 Sic
1410 836 1482 890 ergo
1504 827 1532 882 et
1557 823 1589 880 in
1613 825 1670 884 hac
1691 834 1792 888 vestre

83 898 144 954 site
158 899 189 954 irs
200 897 318 967 Bcrbet,
332 902 359 954 et
372 899 462 967 impie
476 899 565 969 agite,
579 903 606 956 et
629 899 781 958 ιἰιιιιοιιιιι
798 897 835 956 de
849 898 911 967 set*
965 901 1159 972 professione,
1174 911 1207 964 ιιι
1219 909 1357 981 conjicio,
1376 909 1435 968 liet.
1453 915 1527 970 Nam
1549 912 1625 970 inter
1644 916 1715 974 vitia
1736 933 1793 976 sua

84 991 213 1042 rientutc
227 985 338 1055 (Amos.
353 1002 394 1055 iv,
410 989 450 1054 ι).
474 986 546 1044 Cain
566 985 746 1044 sacrificium
762 985 912 1044 obtulerat
965 989 1068 1061 signis,
1082 999 1111 1054 et
1123 997 1209 1054 variis
1222 998 1382 1058 virtutibus
1394 1001 1536 1060 roboreto
1550 1005 1792 1073 ιιιιιιιιιιιιιιιι

83 1079 153 1141 Deo,
170 1074 223 1132 ssd
235 1075 308 1148 quia
319 1074 465 1134 termento
477 1075 597 1134 malitia
616 1093 787 1149 respersum
803 1075 909 1144 fuerat,
964 1085 1065 1140 autem
1080 1097 1233 1144 senescere
1246 1088 1377 1160 eoeperit,
1401 1093 1453 1148 aut
1473 1092 1617 1164 temporis
1631 1093 1792 1154 diurnitate

81 1164 193 1220 idcirco
207 1179 269 1222 non
283 1168 328 1222 est
342 1170 472 1234 gratum.
491 1165 540 1222 llis
552 1166 653 1238 iteqae
667 1181 728 1238 quo
741 1171 829 1238 pacto
843 1164 911 1220 licet
963 1169 1125 1241 lacescens,
1138 1180 1191 1232 aul
1204 1176 1385 1246 negligentia
1400 1179 1510 1251 teporis
1520 1180 1663 1240 deficiens
1686 1200 1706 1244 a
1724 1201 1790 1258 pro·

81 1252 171 1324 quasi
185 1252 225 1308 ad
239 1257 381 1310 ornatum
401 1253 534 1310 ecclesias
551 1254 729 1326 relinquere,
750 1253 834 1326 quod
847 1269 909 1308 non
964 1260 1037 1332 priis
1052 1262 1242 1322 incrementis
1257 1266 1418 1324 minuetur.
1436 1271 1518 1326 Tunc
1539 1270 1629 1340 igitur
1649 1273 1792 1332 adsersus

79 1340 149 1398 licat
161 1340 272 1398 habere
285 1340 333 1400 vel
345 1341 518 1414 possidere?
533 1341 671 1400 immolat
682 1347 794 1409 autem,
807 1341 859 1398 sed
872 1341 909 1396 de
963 1348 1138 1418 hujusmodi
1153 1358 1257 1425 potero
1270 1355 1442 1426 praevalere.
1457 1358 1542 1423 Quod
1556 1358 1598 1416 ita
1615 1359 1680 1418 lieri
1689 1365 1793 1420 nostra

80 1427 270 1497 sermentato,
280 1429 334 1502 qui
346 1429 460 1502 aliquid
474 1430 560 1488 offert
574 1430 658 1504 quod
674 1434 751 1488 lleus
764 1430 910 1501 dedigna—
964 1438 1036 1492 setis
1049 1438 1196 1496 effrenata
1215 1442 1347 1514 pravitas
1370 1445 1510 1502 ostendit.
1527 1447 1705 1506 Pachomius
1721 1465 1792 1510 vero

80 1523 138 1574 tur.
154 1518 228 1576 ilinc
241 1519 305 1591 ipse
320 1535 374 1592 per
395 1520 575 1592 prophetem
592 1524 716 1582 testetur
737 1520 820 1593 quod
839 1518 909 1576 adio
963 1527 1109 1598 posthaec
1122 1529 1161 1584 de
1178 1530 1289 1588 risione
1311 1531 1454 1588 sollicitus
1468 1533 1614 1594 instanter
1626 1537 1743 1604 orabat,
1760 1543 1793 1596 ut

78 1607 173 1664 habet
189 1607 327 1680 rapinam
342 1607 373 1666 in
384 1608 608 1666 holocaustum.
623 1609 696 1666 ilino
713 1623 765 1666 rex
780 1609 852 1666 Saul
865 1624 944 1685 reg
963 1615 990 1672 ei
1012 1617 1156 1674 Dominus
1181 1619 1347 1677 declararet
1371 1611 1439 1694 quis
1464 1628 1557 1680 slatus
1571 1628 1792 1688 monachos-mn

78 1697 238 1769 probatus,
254 1711 291 1756 eo
306 1696 391 1770 quod
405 1697 462 1754 sub
472 1697 650 1756 immolandi
663 1699 763 1771 specie
777 1713 910 1756 reserva
962 1709 1031 1778 post
1046 1721 1076 1762 se
1090 1707 1209 1764 futurus
1228 1713 1314 1766 esset.
1331 1709 1388 1775 Qui
1401 1727 1455 1784 per
1469 1711 1618 1770 visionem
1632 1714 1672 1774 ad
1686 1732 1717 1772 se
1732 1717 1792 1774 iae·

78 1785 121 1840 vil
130 1785 170 1842 do
181 1785 325 1844 Amalech
339 1799 375 1844 ιιι,
384 1801 454 1858 quae
461 1786 564 1856 justius
575 1787 672 1846 fueriti
685 1787 843 1846 trucidare.
853 1786 910 1842 Sed
963 1799 1026 1851 tam
1040 1796 1164 1853 edoctus
1176 1801 1230 1868 esi,
1245 1799 1330 1870 quod
1350 1801 1533 1860 monasteria
1547 1801 1672 1874 quidem
1690 1805 1793 1862 multi.

76 1873 138 1942 ltili,
150 1878 184 1932 ut
197 1874 323 1947 quidam
338 1877 458 1932 Psslfflm
472 1874 554 1944 dlssib
569 1876 666 1946 masi·
677 1875 783 1934 VOlUsst
799 1875 910 1932 habere
963 1885 1078 1956 pliciter
1090 1886 1295 1954 dilatarentur,
1311 1892 1341 1943 at
1353 1889 1490 1946 nonnulli
1502 1889 1550 1963 pie
1565 1894 1594 1947 et
1606 1891 1792 1954 continenter

77 1977 153 2020 snas
174 1963 312 2030 cistellas,
331 1977 393 2020 non
412 1964 609 2033 recogitantes
629 1964 731 2022 niiseri
754 1967 827 2038 qiua
845 1980 910 2037 per
963 1973 1106 2042 viverent,
1119 1973 1175 2029 aad
1187 1973 1309 2046 plurimi
1326 1975 1522 2046 negligerent,
1539 1961 1689 2051 suamque
1711 1979 1792 2038 salii·

77 2052 160 2108 dunt
175 2067 247 2108 suas
262 2051 391 2108 animas.
964 2061 1025 2114 tem
1040 2060 1159 2131 penitus
1181 2061 1339 2132 perderent
1351 2080 1359 2131 ;
1375 2063 1510 2122 maxima
1529 2081 1600 2122 vero
1622 2081 1677 2139 per
1701 2065 1793 2138 negli-

116 2144 215 2198 illlliv.
233 2144 317 2198 llune
328 2155 401 2212 crgo
425 2141 578 2212 religionis
593 2141 744 2202 delectum
758 2141 910 2206 diabolus,
965 2151 1068 2216 gentes
1082 2149 1258 2222 praepositos
1269 2150 1350 2208 mala
1365 2157 1596 2221 succrescerent,
1606 2158 1634 2210 et
1649 2153 1730 2210 bona
1744 2155 1794 2212 de-

74 2232 149 2287 licet
162 2236 249 2304 pater
270 2230 422 2288 mendacii
436 2231 483 2299 sit,
507 2249 560 2288 vos
585 2233 712 2290 miseros
739 2233 912 2290 incursuros
966 2233 1076 2294 lectum
1089 2237 1282 2296 incurrerent.
1307 2239 1422 2306 Quibus
1436 2239 1600 2312 primatum
1624 2243 1793 2300 tenentibus

75 2319 186 2374 ιιιιιιι
201 2321 364 2376 Ριιιιοιιιιι
376 2321 524 2394 praedixit.
541 2321 712 2394 Aliquando
722 2323 804 2380 enim
818 2339 912 2396 appa·
964 2339 1090 2382 necesse
1105 2330 1151 2383 est
1160 2328 1260 2398 jurgia
1275 2329 1411 2397 generari
1423 2346 1433 2400 ;
1445 2330 1555 2402 etquis
1574 2331 1676 2402 praesit
1686 2331 1792 2390 'ambi-

74 2408 139 2462 ruit
153 2407 181 2464 ιι
201 2407 233 2463 iii
259 2407 365 2464 habitu
383 2407 527 2477 mulieris,
548 2409 695 2468 excedens
719 2425 841 2468 omnem
857 2411 911 2468 liu·
953 2413 1040 2470 ,ιιοιι
1052 2413 1101 2470 lite
1115 2417 1305 2485 contendere,
1318 2420 1348 2473 et
1360 2417 1516 2490 reprobari
1526 2417 1634 2488 bonos,
1649 2435 1685 2476 ac
1696 2419 1793 2478 ιιιιοι

73 2509 207 2552 ιιιιιιι
221 2494 534 2568 piiichii'tudiuem,itii
547 2501 579 2552 ut
591 2495 690 2554 torma
702 2498 767 2568 cius
776 2513 813 2554 ιι
826 2513 910 2554 eom·
963 2501 1041 2572 eligi.
1060 2505 1141 2560 Unde
1151 2520 1207 2560 nec
1220 2505 1322 2578 aliqua
1333 2505 1422 2562 honis
1440 2505 1507 2562 viris
1517 2505 1673 2564 resistendi
1682 2506 1793 2566 tiducia

75 2583 191 2656 positio
217 2588 248 2640 ιι
269 2583 349 2642 visus
368 2584 479 2657 exponi
501 2600 564 2642 non
590 2586 694 2658 possit.
724 2588 821 2654 Quam
843 2601 911 2644 esse
965 2589 1088 2658 suberit,
1103 2593 1155 2648 sed
1169 2593 1372 2666 omniapsne,
1387 2609 1456 2666 ques
1471 2593 1582 2664 regulis
1602 2594 1711 2652 divinis
1724 2595 1794 2652 sub

73 2673 275 2746 phantasiam
302 2673 419 2740 videns,
438 2689 543 2746 preces
570 2673 718 2734 fundebat
742 2675 783 2732 ad
810 2676 910 2734 Domi-
963 2679 1039 2736 nixa
1066 2685 1145 2746 sunt,
1172 2682 1314 2739 humanis
1340 2683 1609 2742 commutabuntur
1634 2682 1792 2742 illecebris.

74 2776 166 2830 num,
182 2767 215 2818 ut
235 2762 265 2818 vi
288 2763 454 2834 majestatis
474 2763 541 2834 ejus
562 2769 764 2820 evanesceret.
790 2765 910 2822 interim
964 2773 1045 2826 Tunc
1057 2771 1236 2827 rashomius
1251 2771 1425 2830 exclamans
1439 2771 1651 2832 adllcminum
1660 2773 1792 2832 aitzlleu

71 2856 184 2908 antem
197 2851 248 2908 illa
264 2851 404 2924 proprius
426 2856 528 2908 astaus
548 2852 589 2908 ait
602 2853 643 2908 ei:
670 2853 745 2918 Quid
761 2853 911 2926 superflue
964 2873 1023 2925 me,
1036 2859 1110 2930 qnia
1128 2859 1239 2916 trustra
1258 2859 1393 2916 laboravi
1407 2861 1414 2916 ι
1430 2861 1552 2918 Sienim
1573 2865 1634 2918 tam
1657 2862 1793 2935 perversi

72 2940 236 2997 laborast·
252 2943 430 2996 Ροιιιιιιιιι
462 2941 566 3012 accepi
593 2958 613 2998 a
642 2943 769 2998 Domine
796 2946 947 3032 tentaret
964 2946 1055 3002 icturi
1068 2953 1138 3002 suiit
1150 2948 1203 3020 qui
1224 2947 1365 3004 iratribus
1386 2953 1548 3021 praeerunt,
1563 2965 1668 3006 eornm
1681 2950 1793 3008 subditi

71 3045 160 3102 qnos
173 3028 252 3086 volo.
263 3029 483 3086 EtPechomius
493 3030 533 3085 ad
549 3045 635 3086 eam:
652 3031 728 3096 Quid
741 3030 909 3104 visinquit,
965 3035 1070 3108 quales
1085 3037 1191 3092 eruut?
1213 3039 1247 3092 ei
1262 3052 1331 3092 cuni
1348 3035 1608 3104 affectuosissime,
1627 3040 1705 3094 sieut
1723 3037 1793 3094 illuc

72 3133 146 3175 esse
159 3121 173 3174 t
186 3123 216 3174 et
227 3118 296 3174 illa:
310 3119 372 3189 Ego
387 3135 467 3187 suin,
483 3119 532 3186 ait,
547 3118 662 3175 diaboli
672 3120 775 3190 virtus,
790 3125 821 3178 et
841 3119 911 3176 culi-
965 3125 1113 3193 scribitur,
1127 3124 1287 3180 nominum
1297 3124 1508 3198 interpellaret,
1520 3124 1694 3198 apparuitei
1707 3125 1794 3182 mira-

71 3207 150 3277 gine
174 3205 333 3262 mortiferis
357 3206 519 3263 voluntatis
542 3208 685 3264 mortales
698 3208 838 3278 involvo;
858 3209 911 3264 sed
964 3213 1017 3270 bili
1031 3213 1146 3283 inlgoie
1161 3219 1285 3284 portans
1301 3216 1607 3286 coronamspineam,
1623 3213 1796 3286 eiqueinter

72 3297 141 3352 suis
170 3295 216 3352 vel
245 3296 300 3352 tibi
324 3296 570 3369 appropinquare
601 3303 724 3370 propter
750 3299 910 3366 Christum,
965 3305 1071 3358 catera
1080 3300 1172 3357 dixit:
1189 3301 1372 3370 Coniectare,
1387 3301 1539 3370 Pachomi,
1552 3301 1624 3374 quia
1637 3301 1795 3374 posteritas

72 3385 129 3458 qui
150 3386 335 3441 humanatus
348 3389 401 3452 est,
420 3399 482 3441 ιιι
495 3401 632 3459 possum.
648 3387 705 3444 Sed
718 3387 856 3460 nunquid
870 3388 912 3444 ita
965 3395 1024 3446 tua
1030 3405 1127 3462 usque
1140 3391 1172 3445 iii
1186 3389 1279 3446 linem
1289 3389 1391 3446 saculi
1400 3406 1463 3446 non
1477 3389 1604 3448 deliciet.
1615 3392 1648 3446 Et
1656 3389 1795 3463 quisquis

72 3476 131 3530 erit
148 3475 293 3547 semper?
314 3474 414 3533 veniet
431 3475 541 3530 etenim
565 3481 685 3549 tempus
707 3481 775 3549 post
794 3476 911 3534 obitum
964 3479 1040 3535 inter
1052 3495 1104 3536 eos
1116 3479 1169 3552 qui
1183 3479 1273 3536 luturl
1284 3480 1411 3553 suntpie
1426 3496 1462 3538 ac
1476 3479 1666 3538 continenter
1677 3477 1793 3549 vixerit,

71 3567 180 3630 ιιιιιιιι,
190 3562 316 3636 qnando
328 3567 417 3636 proiit
430 3563 558 3634 libuerit,
573 3565 650 3621 inter
664 3581 716 3622 eos
734 3581 811 3638 quos
830 3581 911 3622 nunc
965 3573 1065 3625 tamen
1081 3568 1224 3636 dicotihi,
1240 3569 1375 3642 requiem
1388 3569 1537 3626 sortietur.

74 3654 137 3710 tais
164 3651 352 3709 orationibus
376 3653 478 3710 munis
498 3654 724 3712 debacchabor.
743 3658 776 3712 Et
798 3658 910 3714 Pacho-
1000 3659 1108 3713 xxxvl.
1121 3656 1282 3714 Sciendum
1290 3657 1455 3731 saire‚quia
1467 3657 1542 3716 sicin
1554 3657 1796 3732 quadamverba

70 3796 262 3856 ancillarum
276 3797 337 3862 Dei,
360 3815 414 3854 seu
435 3799 623 3869 monialium,
637 3815 705 3874 quae
724 3797 836 3856 ibidem
855 3815 911 3874 pro
966 3798 1102 3856 sionibus
1127 3797 1251 3862 dotavit,
1277 3803 1306 3854 et
1327 3797 1447 3854 animus
1472 3797 1513 3854 illi
1536 3801 1611 3868 crat,
1635 3797 1660 3854 si
1684 3797 1796 3854 diutius

71 3867 194 3924 crebris
221 3865 463 3924 infestationibus
491 3869 591 3925 saeculi
621 3876 649 3925 ιι
680 3871 909 3938 Saracenorum,
965 3871 1094 3938 vixisset,
1119 3867 1256 3942 plurimis
1281 3867 1525 3940 aliisaugere‚et
1546 3883 1614 3924 eain
1638 3869 1796 3924 ecclesiam

72 3945 155 3995 tunc
178 3937 382 3995 ordinabiliter
396 3955 519 3996 manere
532 3939 775 4022 nequibant,·illa
792 3941 911 4012 delega-
966 3941 1030 3997 aliis
1053 3943 1224 4011 exemptam
1249 3939 1305 3993 soll
1326 3938 1389 3994 sedi
1409 3937 1581 4010 apostolicas
1601 3935 1723 3994 subesse
1744 3953 1796 3994 vo·

69 4009 422 4068 praedecesserum
435 4025 516 4084 papa
532 4012 655 4085 aptioris
669 4012 802 4068 utilitatis
817 4013 912 4082 gratia
965 4010 1162 4081 luit‚sulsque
1199 4008 1522 4078 rivilegiisdeclaravit.
1542 4009 1698 4088 ancherus
1718 4011 1794 4089 ,⁹⁸³5

71 4083 136 4138 sub
155 4081 259 4138 habitu
271 4083 491 4140 monachornm
512 4099 577 4140 esse
596 4087 794 4150 congruenter
809 4083 911 4140 decra—
966 4081 1044 4140 taleo
1058 4095 1140 4153 papa
1187 4079 1274 4136 rheni
1289 4094 1384 4152 nepos
1399 4079 1557 4152 presbyter
1580 4078 1741 4134 cardinalis
1764 4083 1797 4134 ιι-

69 4155 128 4224 vit,
151 4168 284 4234 suesque
302 4152 413 4210 litteras
427 4153 528 4210 abbati
549 4159 577 4210 et
600 4153 824 4224 congregationi
848 4169 912 4210 mo·
967 4153 1028 4210 tulo
1042 4155 1152 4208 sanctae
1167 4147 1318 4220 Praxedis,
1340 4165 1432 4222 quein
1446 4155 1573 4223 patruus
1592 4147 1631 4204 ad
1657 4149 1796 4204 cardina-

68 4223 250 4280 nachorum
264 4223 358 4298 ipsius
373 4225 547 4280 monasterii
560 4223 674 4280 direxit.
692 4227 798 4280 Praeter
812 4241 847 4281 ιι
867 4239 912 4280 οι-
966 4223 1060 4280 latum
1074 4225 1222 4289 evexerat,
1242 4219 1300 4276 hoc
1319 4235 1396 4292 opus
1418 4219 1554 4302 protexit,
1571 4217 1732 4294 multisque
1747 4233 1796 4275 or·
1889 4280 1893 4287 ,

69 4293 196 4354 dinavit
221 4293 304 4367 quod
325 4295 357 4350 iii
383 4311 510 4351 numero
538 4295 779 4366 congregationis
802 4296 911 4351 modus
966 4293 1116 4352 namentis
1133 4292 1232 4348 eureis
1256 4295 1284 4348 et
1299 4291 1428 4363 sericeis,
1455 4291 1688 4372 imaginibuset
1716 4291 1797 4347 vasis

68 4368 160 4423 adeo
175 4371 412 4430 conservaretur,
433 4373 466 4422 ut
485 4381 540 4422 neo
560 4367 717 4440 pluralitas
737 4369 910 4439 penuriam,
967 4366 1061 4423 sacris
1076 4364 1175 4421 aureis
1193 4369 1223 4419 et
1242 4363 1401 4434 argenteis,
1417 4379 1454 4420 ac
1475 4363 1560 4422 libris
1574 4362 1796 4445 pretiosissimis

67 4445 129 4494 aut
142 4438 282 4511 paucitas
295 4437 496 4496 habitantium
515 4438 737 4496 destitutionem
752 4438 810 4495 loci
823 4438 912 4496 indu·
967 4437 1060 4496 ausit.
1076 4439 1180 4494 Postea
1192 4435 1352 4506 Eugenius,
1370 4433 1516 4501 Clemens,
1529 4435 1798 4505 innocentiusese-

69 4526 146 4566 cere
168 4507 287 4566 valeret.
304 4513 430 4582 insuper
445 4510 528 4590 quod
547 4509 676 4566 obeunte
691 4509 800 4566 abbate
812 4507 913 4566 nullus
967 4507 1101 4578 lestinns‚
1125 4505 1285 4574 Adrianus,
1308 4506 1388 4572 Pius,
1414 4505 1561 4574 Urbanus,
1577 4505 1717 4564 Martinus
1745 4507 1799 4560 Re

67 4579 194 4636 ibidem
210 4579 420 4652 praeficeretur,
436 4579 493 4636 nisi
515 4597 607 4654 quein
622 4596 787 4636 consensus
810 4597 914 4637 mone·
968 4579 1051 4636 meni
1065 4577 1231 4653 pontifices,
1247 4593 1340 4651 quam
1355 4575 1487 4650 plurima
1497 4575 1661 4658 privilegia,
1675 4575 1796 4632 liberta·

69 4653 210 4706 chorum
223 4650 391 4706 secundum
412 4651 549 4707 timorem
573 4651 623 4708 Ilei
648 4657 676 4708 ιι
696 4651 913 4707 institutionem
967 4656 1022 4720 tes,
1038 4650 1253 4716 immunitates,
1270 4648 1492 4713 concessiones,
1508 4653 1628 4729 ginnas,
1640 4646 1798 4727 indulgen·

66 4721 194 4792 regulas
219 4725 248 4778 B.
276 4722 424 4780 Benedicti
447 4723 576 4792 eligeret,
598 4728 626 4779 et
648 4722 820 4796 apostolicas
834 4723 913 4779 sedis
968 4723 1025 4778 tias
1039 4727 1069 4780 et
1081 4719 1297 4794 praerogativas
1316 4719 1430 4776 eisdem
1445 4717 1603 4799 abbatiet
1627 4721 1796 4798 conventui,

67 4793 216 4866 pontilex
230 4793 406 4866 previderet
426 4793 640 4862 ordinandum,
656 4800 708 4852 aut
723 4795 913 4865 suggestione
967 4793 1041 4850 locis
1058 4798 1088 4850 ιι
1101 4791 1278 4848 membrisa
1297 4789 1377 4870 dicto
1401 4794 1584 4870 monasterio
1605 4786 1798 4862 dependenti-

67 4865 700 4922 monachorumconsensissetordiualum.
720 4865 914 4922 Postmodum
968 4865 1036 4934 hus,
1054 4869 1081 4920 el
1094 4861 1191 4920 eidem
1205 4859 1345 4932 subjectis
1368 4863 1531 4934 respective
1546 4861 1758 4915 concesserunt
1771 4864 1800 4917 et

70 4935 224 4993 Urbanus
240 4933 404 5004 secundus,
419 4937 610 4992 Innocentius
625 4941 762 5010 quartus,
774 4935 914 4993 Urbanus
968 4933 1167 4994 indulserunt.
1186 4931 1300 4988 liabent
1323 4929 1445 4987 ulterius
1465 4929 1561 4986 abbas
1585 4935 1613 4986 et
1634 4933 1799 4986 conventus

66 5013 218 5079 quartus,
235 5007 286 5080 qni
298 5011 381 5062 crtus
396 5006 450 5064 init
460 5007 560 5063 ‘l'recis
572 5007 676 5062 humili
692 5015 912 5078 generamine,
968 5005 1150 5064 territorium
1160 5002 1303 5070 divisum,
1314 5007 1344 5058 et
1358 5003 1399 5058 ab
1414 5001 1479 5058 aliis
1489 5007 1662 5084 separatam
1673 5017 1800 5084 percru-

66 5079 252 5150 sntorisqne
265 5079 504 5136 veteramentaril
520 5077 609 5146 filius,
625 5085 826 5147 cognomento
838 5083 914 5135 Pan·
969 5095 1020 5135 ces
1035 5093 1087 5134 seu
1101 5075 1232 5144 insignis
1246 5079 1275 5131 et
1288 5071 1419 5130 confinia
1434 5074 1520 5156 certis
1534 5073 1679 5155 limitibus
1693 5073 1799 5153 hmita-

65 5149 369 5219 selemselitanus
384 5166 506 5222 quoque
520 5150 552 5206 in
562 5150 636 5206 urbe
651 5152 818 5208 tricassina
827 5167 914 5208 cous·
970 5155 1033 5207 tum
1047 5154 1075 5206 et
1090 5147 1230 5212 divisum,
1245 5149 1377 5219 potestas
1393 5145 1536 5202 Vezehaci
1558 5145 1719 5268 vulpariter
1740 5141 1799 5196 die-

65 5227 151 5276 tuns
165 5221 245 5278 tama
260 5227 313 5277 est.
329 5219 384 5288 Qui
399 5221 531 5294 pontifex
549 5220 666 5288 nullum
680 5221 711 5278 iu
727 5223 824 5294 patria
839 5223 914 5292 grati
970 5227 1034 5278 tuin
1056 5219 1086 5278 in
1099 5235 1160 5292 quo
1176 5217 1324 5299 situantur
1342 5223 1371 5274 ιι
1385 5217 1551 5300 consistunt
1561 5232 1611 5271 ecc
1624 5213 1694 5293 ιιιιι
1708 5225 1798 5284 paro-

64 5289 177 5348 animi
201 5291 321 5365 reliquit
354 5292 557 5348 testimonium
585 5297 693 5366 proeter
720 5293 864 5366 templum
883 5293 913 5348 S.
970 5289 1099 5348 chiaes:
1125 5303 1193 5364 quas
1225 5288 1349 5370 quidem
1376 5287 1564 5370 parochiales
1587 5283 1729 5348 ecclesiae,
1754 5295 1799 5362 ¹ac

66 5361 204 5424 Urbani.
219 5363 303 5437 qnod
316 5363 347 5419 iii
359 5363 434 5419 urbe
449 5365 597 5430 Trecensi,
610 5364 642 5420 in
659 5379 720 5437 qua
735 5369 824 5420 uehis
840 5367 913 5430 erat,
970 5377 1077 5419 omues
1091 5365 1120 5418 et
1133 5359 1252 5432 singuli.
1266 5365 1328 5416 tam
1339 5359 1371 5415 iii
1412 5358 1532 5414 radicis
1546 5355 1631 5437 urbe,
1642 5367 1737 5424 quani
1752 5367 1798 5434 in·

61 5431 257 5490 reaedificari
276 5435 374 5504 jussit,
396 5435 428 5492 in
443 5435 507 5490 solo
527 5441 720 5508 paternarum
735 5435 857 5498 radium,
871 5451 915 5492 re·
970 5435 1016 5492 ira
1026 5435 1100 5490 lines
1112 5432 1299 5511 atterminos·
1313 5375 1525 5511 praeficiamus
1537 5429 1690 5506 orvitatum
1714 5423 1799 5506 habi-

61 5505 154 5584 licto
168 5504 209 5560 ibi
220 5505 299 5564 tenui
307 5505 433 5576 collegio
441 5523 481 5562 iiii
497 5507 714 5564 canonicorum
728 5523 799 5564 cum
811 5521 915 5579 perso·
972 5512 1091 5572 latores,
1103 5510 1173 5562 sunt
1185 5505 1216 5560 in
1230 5501 1434 5576 spiritualibus
1457 5497 1569 5556 subditi
1589 5495 1668 5552 dioto
1684 5493 1797 5562 abbati,

62 5574 203 5634 natibus
217 5577 344 5644 decano,
361 5577 557 5644 thesaurario,
574 5583 603 5634 et
624 5583 754 5644 cantore,
775 5593 812 5634 eii
837 5577 912 5635 rivis
976 5577 1088 5634 etnulli
1102 5575 1185 5634 alteri
1199 5573 1335 5630 subsunt.

59 5643 234 5721 lapidibus
253 5651 282 5705 et
305 5647 403 5721 politis
421 5648 598 5716 construxit,
613 5647 774 5723 multisque
797 5664 917 5722 posses-
