4160 6162
120 189 169 243 tie
343 245 347 250 ,
544 187 691 245 errrore
706 184 888 244 trousttllll
905 182 934 239 S·
947 179 1048 238 GRRG.
1065 181 1099 240 ΙΝ
1112 183 1184 242 JOB.
1195 216 1230 226 -
1248 188 1405 248 nro.x111.
1703 201 1710 218 ’
1778 197 1832 256 2⁵⁰

118 309 198 368 aliud
212 309 292 368 ieras
309 310 475 381 ostendere,
492 315 521 369 ιι
533 311 613 368 intus
627 311 708 369 aliud
722 309 844 369 habere.
860 307 983 370 Under
1001 321 1064 380 quo
1087 309 1168 367 hunc
1181 310 1213 368 in
1237 315 1336 371 mente
1362 327 1470 388 capere
1491 321 1653 392 nequeunt,
1668 333 1705 377 ao
1727 325 1832 382 oenoe

116 403 194 457 recte
208 400 346 471 egregius
360 401 537 474 praedicator
551 399 635 458 dicit:
652 425 667 452 »
692 404 726 459 tlt
740 401 871 458 exiberet
882 399 946 473 ipse
1001 411 1123 454 carnem
1136 397 1214 456 illius
1229 400 1380 458 crudelius
1394 402 1597 464 inardescunt.
1619 408 1775 483 Sequitur:

118 487 174 544 sibi
193 487 354 558 gloriosam
369 488 530 546 Ecclesiam
544 505 604 548 nen
617 489 780 548 habentem
794 486 946 546 maculam
1034 487 1333 561 recensueritis
1355 491 1506 564 quondm
1525 496 1688 566 opulentes,
1712 504 1832 569 repente

117 579 169 634 aut
182 591 291 648 rugam
312 577 431 648 (Epire.
447 594 476 646 v,
491 579 545 651 ιι).
561 602 576 628 »ι
597 581 638 636 Ac
652 579 677 635 si
690 593 762 650 crgo
776 577 871 635 dieat:
888 570 947 651 lpsi
1000 576 1147 633 contritus
1161 593 1237 636 rum.
1250 609 1285 620 -
1299 580 1381 637 lneo
1390 580 1475 654 quod
1490 595 1522 638 se
1536 588 1658 656 repente
1670 587 1830 646 contritum

115 666 301 740 insequendo
313 665 623 742 increpant,quinunc
638 669 745 726 inmeo
758 683 883 743 corpore
895 682 948 741 pc-
1000 664 1140 737 asseruit,
1159 665 1348 726 intirmorum
1374 671 1506 726 menum
1532 669 1735 744 improvidam
1755 675 1832 734 desi·

116 755 173 826 siti,
184 753 364 829 duplicitatis
381 771 444 814 suae
466 757 496 814 in
520 758 665 817 malitiam
692 773 754 816 non
773 757 946 815 emendant.
1001 752 1113 823 gnedt.
1125 754 1181 821 Qui
1195 753 1269 812 dum
1281 755 1363 814 mala
1372 773 1441 832 quae
1450 761 1576 817 ventura
1586 763 1655 817 sunt
1666 755 1830 834 praevidere

116 843 486 917 sequitanlrtcusciramr
494 848 677 921 [aarum
687 849 830 906 adversm
837 847 948 918 faciem
1000 841 1148 912 nesciunt,
1164 845 1248 901 tanto
1260 844 1302 902 eis
1317 845 1455 918 graviora
1466 846 1552 916 liunt,
1568 851 1683 922 quanto
1693 853 1722 908 et
1735 851 1775 908 ab
1787 852 1830 910 eis

117 946 207 989 meum
223 933 434 991 contradicens
448 935 580 993 milti-
595 935 690 994 Etiam
704 935 789 1010 pacis
803 937 949 991 sautem·
1000 928 1156 1002 inopinata
1167 930 1339 991 tolerantur.
1358 933 1461 992 Eirmis
1486 939 1588 994 autem
1611 938 1762 996 mantibus
1783 955 1829 998 re·

116 1036 184 1094 pore
209 1023 314 1080 sancta
338 1021 468 1081 Ecclesia
495 1023 702 1099 falsiloquium
729 1024 850 1098 patitur,
873 1023 948 1080 dum
1000 1022 1089 1094 ponto
1121 1019 1250 1079 adversa
1279 1037 1342 1080 non
1373 1024 1507 1094 veniunt,
1536 1025 1619 1100 quia,
1647 1027 1828 1102 priusquam

116 1113 183 1166 sunt
203 1109 236 1166 in
256 1125 293 1168 ea
312 1109 398 1168 multi
420 1111 473 1185 qui
496 1112 535 1170 de
557 1113 728 1172 aetemtatis
750 1111 948 1187 promissione
1002 1107 1135 1180 veniant,
1149 1111 1362 1184 praevidentur.
1376 1114 1462 1182 Quod
1489 1119 1590 1174 umen
1608 1133 1690 1175 nune
1704 1133 1827 1193 quoque

114 1198 254 1257 diffidunt
266 1203 295 1257 et
315 1203 416 1258 umen
436 1217 468 1259 se
482 1199 587 1260 fideles
598 1219 662 1260 esse
683 1202 877 1261 mentiuntur.
893 1200 948 1266 Qui
1001 1202 1105 1256 ιιιιιιι
1119 1200 1249 1260 Ecclesia
1262 1201 1293 1260 in
1305 1203 1491 1278 quibusdam
1504 1209 1583 1264 retro
1599 1205 1761 1266 laundbus
1773 1223 1829 1283 pa·

113 1289 184 1346 dum
208 1288 416 1362 praedicationi
444 1292 509 1364 ejus
533 1297 635 1366 aperta
658 1292 862 1350 contradicere
883 1305 947 1348 non
1000 1286 1079 1356 titur,
1095 1289 1229 1364 quipost
1252 1291 1396 1350 doctrinm
1411 1293 1608 1368 opulentiam,
1631 1295 1758 1354 subditis
1774 1296 1829 1355 ali·

113 1382 309 1452 praesumunt,
329 1377 532 1454 falsiloquium
556 1397 619 1438 non
634 1385 738 1440 eontra
759 1381 877 1450 faeiem,
893 1379 946 1438 scd
999 1375 1124 1449 quando
1146 1378 1222 1436 vitiis
1247 1384 1452 1453 conteruntur,
1465 1387 1499 1440 ιιι
1526 1383 1569 1441 sie
1593 1384 1624 1442 in
1645 1385 1830 1458 quibusdam

113 1467 197 1539 quasi
213 1471 282 1540 post
295 1467 419 1526 dorsum
432 1469 553 1542 patitur.
569 1469 626 1528 Sed
640 1486 710 1528 eum
725 1475 845 1544 tempus
859 1468 946 1526 mali·
999 1465 1087 1522 malis
1097 1472 1248 1539 corruant,
1264 1485 1299 1529 ac
1313 1471 1338 1528 si
1352 1471 1435 1529 verbi
1446 1473 1596 1547 pabulum
1605 1489 1764 1549 nunquam
1779 1475 1832 1532 ba·

114 1556 159 1612 tire
182 1557 324 1631 eruperit,
353 1559 395 1616 eis
420 1561 473 1634 qui
487 1575 568 1618 nunc
592 1565 729 1619 metuens
751 1560 887 1631 derogat,
905 1558 946 1616 ad
998 1554 1144 1614 buissent.
1169 1558 1326 1632 Sequitur:
1346 1563 1452 1619 Τιηιιι
1477 1565 1621 1620 emices
1640 1579 1747 1635 mcum,
1762 1579 1831 1621 con-

113 1645 570 1706 contradicendumantelaciem
581 1649 668 1718 venit,
678 1648 857 1724 quiavarbis
868 1663 945 1706 verae
960 1669 981 1725 Β
996 1644 1091 1716 tregit
1104 1661 1159 1713 mc,
1172 1652 1201 1704 ct
1212 1649 1314 1718 posuit
1338 1651 1426 1721 quusi
1449 1651 1482 1707 ira
1504 1651 1635 1723 meam.
1653 1683 1687 1692 -
1702 1651 1783 1710 Sicut
1797 1651 1830 1709 in

113 1733 181 1791 tidei
196 1734 306 1808 apertis
316 1735 441 1794 vocibus
455 1737 581 1796 obsistit.
596 1739 753 1813 Sequitur:
998 1731 1086 1789 melis
1109 1733 1209 1791 ⁰01'Vix
1232 1735 1416 1810 superbiam,
1433 1737 1475 1794 ⁵5⁰
1495 1738 1526 1795 in
1549 1737 1638 1796 bonis
1661 1737 1829 1796 libertetem

54 1845 59 1858 ·
148 1823 238 1880 Vsus.
268 1824 311 1882 ιθ.
342 1825 465 1899 Colligit
491 1827 627 1898 furorem
654 1843 742 1884 suum
767 1829 800 1884 ic
823 1841 879 1884 me.
911 1857 945 1867 -
998 1819 1239 1897 erectionemque
1270 1824 1426 1896 signifieat.
1457 1829 1488 1883 Et
1512 1825 1585 1900 quia
1613 1826 1829 1900 persecutionis

113 1912 209 1970 Habet
234 1928 315 1972 nune
336 1914 476 1972 diabolus
500 1920 604 1974 contra
626 1920 764 1974 sanctam
783 1915 946 1974 Ecclesiam
998 1914 1133 1984 tempore
1146 1911 1257 1970 infirmi
1271 1913 1397 1988 quidam
1410 1930 1482 1972 rere
1494 1930 1563 1988 quaa
1576 1916 1709 1974 sentiunt
1722 1915 1831 1990 prandi·

113 1999 256 2072 furorem,
280 2002 335 2060 scd
348 2003 566 2076 sparsusrfiaror
579 2005 645 2076 ejus
659 2008 713 2075 cst,
737 2004 810 2077 quic
823 2003 947 2061 occultas
1000 2013 1068 2054 care
1082 1997 1174 2056 libere
1191 2015 1254 2060 non
1265 2007 1462 2076 praesumunt,
1476 2008 1554 2062 recte
1569 2004 1608 2062 de
1617 2005 1676 2062 boe
1686 2005 1772 2063 hoste
1786 2005 1830 2063 di·

114 2094 189 2146 sunt
213 2089 279 2161 elus
293 2091 470 2148 tentationes
498 2107 576 2166 quas
602 2107 658 2166 per
676 2091 812 2163 singulos
836 2095 945 2149 movet.
1000 2086 1084 2144 citur.
1107 2090 1211 2146 Tenuit
1235 2093 1378 2149 ceruicem
1399 2107 1505 2160 mcum,
1530 2095 1688 2166 confregit.
1709 2125 1744 2136 -
1758 2098 1829 2152 For·

112 2177 191 2233 Cum
214 2193 286 2235 vero
310 2183 414 2236 contra
440 2195 508 2238 eam
530 2184 634 2254 aperta
659 2179 865 2256 persecutione
883 2195 948 2237 eru·
1001 2179 1081 2234 tasse
1093 2178 1237 2235 autemhi
1267 2179 1389 2236 cervicis
1411 2181 1613 2256 appellatione
1627 2183 1735 2254 signati
1747 2187 1828 2256 sunt,

111 2265 199 2339 perit,
221 2265 354 2324 iurarem
377 2268 512 2326 suumin
535 2284 571 2326 eu
583 2269 703 2340 colligit,
719 2269 791 2343 quia
813 2268 844 2326 in
856 2267 948 2326 afflic-
999 2265 1051 2340 qui
1065 2266 1149 2339 pacis
1167 2267 1232 2340 ejus
1247 2271 1381 2342 tempore
1394 2270 1464 2344 plus
1485 2285 1580 2346 quam
1595 2271 1690 2340 decet,
1711 2273 1830 2344 erigam·

113 2354 193 2411 bone
210 2353 292 2412 illius
304 2359 367 2414 tota
377 2373 409 2415 se
418 2357 580 2416 intentione
590 2357 773 2429 constringit.
787 2356 943 2431 Sequitur:
999 2356 1069 2423 tur;
1094 2358 1124 2411 et
1143 2354 1200 2412 sub
1228 2355 1386 2414 occasione
1412 2356 1610 2416 defendenda
1634 2357 1829 2427 rectitudinis,

113 2443 151 2499 Et
175 2445 361 2501 commissuras
374 2446 459 2514 milri,
481 2447 640 2518 infrendit
662 2451 828 2504 contremo
850 2446 946 2503 derrt-
998 2441 1070 2500 vitio
1092 2443 1264 2502 deserviunt
1283 2445 1429 2504 stadonis.
1449 2447 1505 2514 Qui
1519 2446 1735 2522 persecutionis
1756 2453 1830 2504 ιιιιι·

114 2532 166 2588 lus
179 2533 251 2590 sais.
265 2564 300 2574 -
312 2535 426 2608 llcquo
438 2539 467 2592 et
481 2535 635 2593 subditur:
649 2537 752 2593 Hostis
765 2550 846 2593 meuc
859 2536 944 2592 terri·
997 2546 1081 2604 pore,
1093 2532 1205 2592 idcirco
1225 2534 1355 2594 adversa
1368 2535 1439 2610 plus
1456 2536 1680 2612 sentiuntque
1693 2535 1731 2594 de
1745 2551 1830 2610 pros·

115 2621 221 2679 bilitas
241 2623 335 2680 oeulis
349 2639 396 2682 me
407 2625 535 2682 intuitus
549 2635 602 2683 est.
617 2657 652 2667 -
674 2625 724 2682 ille
743 2625 855 2698 quippe
870 2624 945 2682 anti·
997 2621 1078 2694 peris
1093 2622 1282 2680 extolluntur.
1307 2625 1430 2682 Οιιιιιιι
1450 2624 1594 2682 nimirum
1615 2625 1690 2700 quia
1716 2623 1828 2684 idcireo

113 2713 293 2784 quusbcstis
316 2717 421 2772 cono-a
441 2714 520 2772 banc
533 2713 673 2774 dentibus
690 2714 798 2784 tremit,
815 2729 944 2788 eamque
998 2709 1119 2781 signam
1138 2713 1261 2785 ponitur
1275 2716 1309 2770 ut
1322 2713 1499 2786 segidmum
1517 2713 1680 2772 emissione
1693 2713 1825 2772 ieriatur.

114 2799 293 2858 terribilibus
316 2801 410 2870 oculis
437 2802 578 2876 intuetur,
606 2802 679 2876 quia
705 2817 760 2876 per
783 2802 857 2860 alios
880 2817 945 2860 cru-
998 2799 1105 2856 ridelis
1117 2803 1219 2858 autem
1232 2802 1363 2875 populus
1375 2803 1407 2860 in
1426 2803 1548 2876 signum
1559 2803 1639 2862 boati
1649 2819 1705 2860 suo
1719 2807 1764 2861 est
1775 2817 1828 2874 po-

112 2888 435 2966 deliaexerect,etper
458 2891 534 2949 alios
554 2907 623 2966 qua
647 2891 943 2965 exerceatprovidet.
999 2887 1826 2965 situs,quiaeumsempersuispersaeutionibusallligit.

113 2979 217 3036 Dentes
241 2993 376 3053 namque
394 2978 486 3052 hujus
501 2979 596 3037 hostis
624 2983 694 3037 sunt
707 2979 858 3037 bonorum
880 2994 945 3052 per
960 3024 981 3080 c
998 2977 1052 3044 Qui
1066 2977 1147 3035 enim
1159 2978 1190 3035 in
1203 2978 1332 3036 bacvita
1343 2979 1467 3038 assidua
1484 2979 1566 3038 mala
1579 2979 1693 3049 tolerat,
1704 2979 1828 3038 velutin

113 3073 263 3126 secutores
302 3072 393 3142 atqm
430 3068 596 3140 carnifices,
626 3069 678 3142 qui
710 3069 776 3141 ejus
807 3068 953 3126 membra
1000 3065 1086 3137 signo
1100 3067 1217 3140 positus
1231 3066 1501 3141 excipitlacicntes.
1518 3069 1672 3141 Sequitur:

111 3156 232 3227 lanmnt,
263 3157 338 3216 dum
360 3158 470 3216 dectus
497 3159 575 3216 illius
599 3158 660 3216 suis
687 3158 946 3234 persecutionibus
1034 3157 1118 3212 Vnus.
1134 3157 1176 3212 ιι.
1189 3155 1392 3214 ιῑινιιιηιιιιιιιι
1405 3155 1828 3226 ιιιιιιιιιιιιιι,ιοιιιιιιηι-

112 3245 260 3319 affligunt
282 3247 367 3305 Oculi
397 3262 469 3305 vero
496 3248 588 3320 hujus
613 3248 707 3305 hostis
734 3250 804 3304 sunt
829 3246 861 3302 bi
892 3243 945 3319 qui
999 3245 1082 3303 revit
1092 3244 1205 3304 lwnboa
1216 3261 1305 3317 meos,
1320 3261 1381 3303 cerr
1388 3247 1526 3318 ριρινιιι
1539 3252 1568 3304 ιι
1578 3245 1684 3316 effudit
1695 3246 1726 3302 in
1743 3249 1828 3302 terra

111 3340 214 3393 contra
233 3351 302 3392 eam
328 3335 485 3409 provident
508 3335 590 3395 mala
613 3351 693 3412 ,quaa
717 3336 802 3404 fiant,
822 3335 944 3409 suisque
999 3336 1114 3393 uicem
1128 3351 1204 3394 mea.
1220 3367 1255 3378 -
1269 3335 1427 3408 uacjusa
1438 3334 1567 3393 litteram
1579 3333 1669 3393 beato
1682 3333 1739 3392 lob
1753 3348 1826 3391 con·

112 3425 242 3483 consiliis
261 3430 487 3498 persecutorum
512 3427 578 3499 ejus
600 3425 806 3484 crudelitatem
828 3425 945 3482 iniiam-
999 3425 1064 3498 grui
1084 3425 1273 3498 [ιοιιειιιιιι]
1287 3440 1376 3499 posse
1391 3424 1572 3483 videbantur
1584 3439 1639 3500 per
1661 3424 1719 3482 boe
1742 3422 1827 3498 quod

111 3519 203 3572 mant.
234 3514 382 3589 antiquus
404 3531 477 3587 argo
503 3515 694 3574 &serrarius
714 3515 813 3572 fremit
840 3517 944 3572 contra
998 3514 1115 3573 dicitur.
1128 3516 1336 3574 circumdedit
1352 3531 1399 3574 me
1425 3516 1619 3585 ιαιιιίιιιιιι,
1632 3513 1701 3585 nisi,
1717 3511 1826 3570 subde-

112 3618 177 3661 cam
192 3605 335 3662 dentibus
353 3606 425 3675 suis,
439 3605 513 3663 dnm
532 3621 587 3680 per
603 3604 738 3664 crudeles
753 3605 898 3680 reprobos
912 3604 944 3661 in
998 3609 1041 3661 ret
1063 3604 1147 3678 quod
1161 3619 1198 3662 eo
1212 3604 1356 3679 scriptum
1377 3603 1501 3662 minime
1523 3603 1640 3676 legitur.
1655 3601 1776 3674 Effudit
1792 3601 1826 3659 cr

111 3709 145 3750 ca
158 3695 326 3768 insequitur
335 3694 427 3754 vitam
435 3695 812 3754 bonorumlutnetuream
827 3695 943 3752 teribi-
999 3699 1081 3751 terre
1108 3694 1223 3752 cucero
1248 3709 1324 3752 mco.
1340 3725 1375 3736 -
1401 3697 1443 3751 Ex
1456 3709 1520 3768 qua
1533 3709 1565 3750 re
1579 3707 1702 3752 necesse
1725 3694 1780 3761 est,
1794 3693 1826 3749 ul

114 3783 188 3840 tibus
212 3784 319 3855 oculu,
342 3783 415 3857 qada
434 3800 598 3858 pravorum
617 3783 747 3842 consiliis
765 3799 827 3840 non
848 3787 944 3840 cessat
998 3783 1141 3840 dumhoc
1152 3783 1369 3855 justalitteram
1384 3783 1516 3841 invenire
1527 3797 1589 3840 non
1600 3797 1776 3856 possumus,
1789 3793 1827 3838 ιι

111 3871 191 3930 mala
205 3873 371 3946 exquirere,
385 3871 416 3928 in
439 3873 551 3946 quibus
571 3873 651 3931 hanc
673 3887 791 3946 semper
813 3871 944 3930 deterius
997 3887 1066 3945 quae
1080 3872 1111 3929 in
1126 3871 1227 3929 verbis
1246 3872 1311 3943 eJ'us
1333 3871 1501 3928 seeundum
1526 3869 1682 3928 historiam
1705 3871 1825 3940 sonant,

110 3960 234 4033 affligat.
252 3961 409 4034 Sequitur:
995 3960 1082 4032 juxta
1105 3959 1242 4032 spiritum
1258 3959 1469 4033 requiramus!
1489 3960 1598 4016 Sancta
1618 3957 1748 4014 Ecclesia
1759 3957 1826 4012 lan·

143 4054 232 4106 Vnus.
247 4054 290 4106 ιι.
317 4050 512 4119 remeunt
534 4066 626 4122 super
639 4067 686 4108 me
700 4065 756 4107 ora
770 4067 825 4107 sue
840 4067 945 4121 repro
998 4048 1106 4106 eeisab
1117 4048 1202 4105 hoste
1211 4063 1268 4104 suo
1278 4047 1491 4115 circumdatur,
1502 4045 1627 4120 quando
1636 4045 1668 4101 iu
1682 4043 1826 4101 membris

110 4141 243 4197 orantes.
257 4169 292 4178 —
307 4139 365 4196 Ora
380 4153 435 4196 sua
448 4139 569 4212 reprobi
584 4139 783 4214 exprobantes
796 4138 943 4212 aperiunt,
999 4138 1063 4196 suis
1078 4137 1118 4194 ab
1141 4137 1352 4211 impugnatore
1378 4134 1487 4193 callido
1509 4135 1708 4192 tentationum
1716 4130 1826 4205 jaculis

110 4244 179 4285 cum
194 4230 224 4284 ιι
243 4227 350 4285 erroris
365 4227 412 4285 sui
435 4227 517 4286 mala
537 4227 700 4302 praedicare
715 4243 776 4284 non
796 4231 943 4302 metuunt,
997 4226 1167 4301 impeditur.
1182 4227 1259 4284 Bene
1266 4225 1368 4283 autem
1379 4223 1565 4282 circumdare
1574 4221 1686 4280 lanceis
1696 4220 1825 4278 dicimus

111 4323 138 4376 et
159 4316 403 4392 predicamentis
417 4321 505 4375 rectae
519 4317 590 4374 fidei
612 4317 756 4376 invident.
782 4316 940 4391 Sequitur:
998 4315 1071 4390 quia
1098 4313 1241 4388 antiquus
1266 4312 1360 4371 hostis
1373 4311 1546 4370 montionis
1566 4327 1629 4368 suae
1644 4310 1767 4369 vulnere
1785 4307 1826 4368 ab

111 4409 327 4466 percusserunt
339 4408 499 4466 medillam
513 4423 620 4476 meam,
637 4409 742 4465 satiati
754 4415 823 4464 sunt
844 4376 981 4478 penten
998 4405 1082 4464 omni
1108 4409 1192 4480 parte
1218 4419 1274 4461 nos
1302 4402 1427 4477 impetit.
1453 4403 1685 4461 concameravit
1711 4400 1826 4458 lumbos

111 4498 190 4554 ιιιιι.
209 4529 243 4538 -
267 4495 383 4554 llaxilla
396 4495 510 4570 quippe
529 4495 668 4554 Ecclesia
682 4495 777 4554 sancti
796 4496 943 4571 proedica·
997 4511 1085 4552 meos.
1101 4495 1135 4551 ln
1143 4492 1255 4550 lumbis
1269 4490 1382 4566 quippe
1394 4491 1514 4549 luxuria
1524 4495 1580 4548 est.
1597 4489 1680 4548 Unde
1694 4494 1723 4547 et
1736 4489 1762 4546 i
1772 4488 1826 4562 qui

113 4589 189 4643 tores
204 4589 276 4642 sunt
300 4585 378 4642 sicut
397 4584 454 4642 sub
468 4583 580 4642 ludes
596 4583 694 4660 specie
715 4601 770 4659 per
783 4586 943 4644 Jeremiam
997 4584 1138 4658 cupiebat
1152 4582 1338 4657 voluptatem
1349 4580 1481 4638 libidinis
1492 4596 1512 4638 a
1525 4579 1615 4637 corde
1625 4578 1824 4649 exstinguere,

113 4673 237 4732 dicitur:
256 4697 271 4725 a
285 4673 406 4732 Plorans
430 4673 560 4748 ploravit
584 4674 615 4731 in
636 4678 733 4747 nocta,
749 4679 778 4732 ιι
801 4675 944 4750 lacrymae
997 4673 1162 4748 predicavit
1195 4671 1326 4730 dicens:
1353 4691 1368 4720 ι
1394 4669 1541 4728 Succincti
1567 4667 1689 4725 lumbos
1716 4664 1826 4722 mantis

114 4763 175 4834 ejus
199 4763 232 4820 in
252 4762 382 4820 maxillis
404 4763 469 4834 ejus
496 4763 619 4835 (Three.
645 4779 664 4835 r,
689 4763 726 4835 ι).
751 4786 766 4814 »
796 4763 944 4822 llaxillam
999 4767 1100 4823 vestrm
1116 4765 1147 4831 (l
1157 4763 1240 4819 Patr.
1254 4777 1275 4832 1,
1291 4759 1344 4832 ιι).
1360 4757 1462 4814 »Cum
1486 4771 1558 4828 ergo
1575 4751 1826 4828 antiquushostie

113 4853 223 4927 quippe
236 4853 370 4926 perversi
388 4851 506 4920 leuant,
524 4867 594 4910 cum
617 4851 716 4910 bonos
733 4853 944 4927 predicatores
996 4851 1117 4909 fidelem
1143 4848 1292 4924 populum
1318 4846 1359 4904 ad
1388 4845 1541 4904 luxuriam
1565 4841 1719 4918 pertrahit,
1742 4841 1825 4900 bunc

114 4941 320 5018 insequuntur,
330 4943 359 4999 et
373 4945 445 4998 tunc
456 4940 576 5014 reprobi
584 4941 698 5013 grande
713 4941 827 5016 aliquid
840 4941 944 4999 iecisse
997 4937 1219 5015 proculdubio
1250 4937 1282 4994 in
1314 4935 1426 4993 lumbis
1458 4933 1533 4991 ierit.
1567 4932 1624 4990 Ubi
1655 4932 1825 4992 noundum

114 5033 268 5102 estimant,
293 5047 363 5087 eum
384 5029 475 5088 ιιιιιιι
502 5029 725 5104 predicatorum
750 5035 876 5089 necant·
892 5031 945 5088 llla
998 5044 1121 5104 quoque
1135 5026 1283 5100 estquod
1296 5039 1358 5082 non
1373 5024 1433 5082 ait:
1448 5022 1626 5096 vulneravit,
1639 5020 1826 5080 sedconuul·

114 5121 223 5196 quippe
245 5135 338 5196 poena
363 5135 416 5178 eos
441 5119 538 5192 satiat,
558 5135 625 5195 qua
650 5126 782 5179 mentem
808 5120 944 5178 Ecclesia
997 5125 1116 5178 remcort
1140 5116 1256 5174 tumens
1269 5129 1359 5172 meos.
1375 5113 1455 5170 Sicut
1469 5111 1549 5170 enim
1562 5111 1646 5187 loqui
1659 5109 1824 5185 aliquando

114 5211 261 5285 precipue
276 5209 412 5280 castigat.
429 5209 585 5283 Sequitur:
997 5209 1087 5268 unius
1111 5211 1165 5277 est,
1201 5204 1331 5280 colloqui
1352 5219 1424 5262 rere
1450 5203 1592 5276 duorum,
1616 5201 1665 5259 sel
1695 5199 1824 5255 leuasse

146 5301 228 5356 vans.
242 5303 284 5356 12.
299 5299 452 5357 conclusit
459 5311 506 5355 mc
519 5299 599 5356 Deua
612 5299 696 5369 apud
705 5299 854 5369 iniquum,
869 5305 896 5356 el
911 5301 942 5356 irs
997 5297 1161 5356 multorum
1174 5312 1181 5351 ι
1196 5293 1238 5352 ιιι
1261 5292 1404 5368 antiquus
1424 5291 1529 5364 hostis,
1543 5290 1616 5364 quia
1633 5299 1690 5342 nos
1708 5282 1749 5339 ad
1763 5279 1824 5337 cul·

115 5403 219 5445 uranus
238 5389 399 5460 cupiarum
421 5401 466 5442 me
477 5386 613 5444 tradidit.
626 5387 832 5444 *Electorum
846 5403 943 5461 popu·
997 5403 1070 5463 pam
1082 5385 1147 5443 sine
1159 5387 1262 5442 nostra
1274 5383 1426 5442 voluntate
1447 5395 1510 5438 non
1523 5377 1611 5450 rapit,
1627 5385 1824 5445 nequaquem

115 5473 159 5532 lus
168 5477 250 5551 apud
264 5477 405 5550 iniquum
419 5471 616 5547 concluditur,
632 5491 700 5532 cum
716 5475 781 5548 ejus
793 5491 863 5532 caro
872 5475 945 5532 anti-
996 5477 1118 5534 lumbos
1142 5477 1261 5532 nosnos
1272 5471 1441 5538 vulnerare,
1455 5467 1509 5524 sed
1523 5457 1738 5520 convulnerare
1751 5461 1823 5519 diei·

116 5565 165 5637 qui
178 5565 272 5622 hostis
287 5559 548 5638 persecutionibus
561 5563 764 5636 temporaliter
777 5564 874 5621 datur.
890 5565 945 5632 Qui
997 5571 1056 5638 tur,
1068 5543 1141 5639 quia
1152 5563 1211 5622 hoe
1220 5563 1305 5637 quod
1316 5560 1404 5618 nobis
1413 5557 1461 5613 illa
1471 5552 1550 5610 male
1560 5551 1701 5626 suggerit,
1712 5567 1769 5609 nos
1780 5565 1824 5606 sa-

117 5667 175 5710 non
190 5653 316 5729 spiritui,
328 5652 383 5711 sed
392 5649 534 5710 manibus
550 5650 676 5710 traditur
688 5653 861 5727 impiorum,
872 5653 944 5728 quia
996 5659 1122 5728 quantes
1134 5669 1175 5710 ex*
1185 5651 1339 5710 voluntate
1353 5642 1476 5718 propria
1484 5637 1654 5714 implemus.
1668 5639 1823 5712 Sequitur:
