4110 6138
279 101 331 158 m
899 91 1071 151 theudulli
1089 89 1185 148 elit.
1206 90 1361 150 onottsslt.
1891 103 1928 160 ιιι

277 235 381 280 eomes
392 215 625 288 ltetimonensis,
637 231 693 272 nec
706 229 769 272 non
784 219 812 272 et
821 230 897 273 uuor
907 231 977 272 mea
990 218 1109 272 armen·
1124 217 1148 276 Δ
1166 214 1217 270 Dei
1232 229 1335 274 casem
1346 214 1387 272 ad
1402 212 1584 287 stipendium
1596 213 1717 272 tracum
1733 214 1831 274 ibidem
1843 220 1890 278 uso
1904 223 1935 294 iu

278 310 389 382 gardis,
404 323 460 382 pro
472 307 524 364 Dei
537 321 641 364 amore
663 307 692 362 et
712 307 823 362 emron
846 303 1050 374 retributione,
1078 307 1111 360 ut
1165 303 1208 374 git
1216 319 1242 359 rr
1257 303 1458 360 servientium.
1472 302 1500 360 Si
1513 301 1580 375 quis
1599 317 1666 360 sero
1685 303 1855 364 donationem
1874 309 1935 370 istan

276 398 345 472 pius
361 401 438 454 Deus
452 396 571 454 animas
584 398 705 452 nostras
720 397 748 450 et
760 397 920 466 parentum
934 397 1110 450 nostrorum
1165 392 1386 462 contradixerit,
1398 392 1475 448 ham
1488 390 1539 448 liei
1554 391 1690 460 incurrat,
1700 397 1726 450 et
1739 394 1798 450 auri
1805 395 1936 470 libusque·

277 485 405 544 alberici
416 489 508 559 atque
527 483 713 552 Tholoseue,
727 483 871 541 Manassei
886 487 915 540 et
935 486 1110 552 lirmengar
1165 485 1233 538 tuor
1247 484 1422 555 componet,
1438 485 1468 536 ct
1481 479 1603 538 donatio
1626 479 1682 536 istu
1703 480 1786 540 firma
1804 493 1935 555 permaneat

277 575 333 646 die,
349 591 405 633 nee
419 590 483 633 non
496 571 614 632 Geraldl
627 572 716 630 amici
728 571 833 640 nostri,
848 588 902 629 seu
924 571 1062 629 omnium
1076 569 1110 627 u·
1166 569 1357 643 stipulatione
1366 569 1497 626 subnixa
1511 570 1539 628 S.
1560 568 1698 641 Leotaldi,
1716 571 1744 626 S.
1764 573 1934 645 meremoth,

277 665 391 723 delium
403 663 640 724 Christianorum
654 669 715 719 tem
737 660 876 719 vivorum
900 677 995 735 quam
1009 664 1039 718 ct
1061 659 1110 716 de
1165 659 1218 733 qui
1228 659 1423 718 donationem
1443 659 1531 718 istam
1543 657 1606 718 fieri
1617 661 1647 714 et
1657 665 1822 728 rogaverunt
1832 661 1934 731 firman,

277 754 451 812 iunctorum
465 753 593 812 liberare
607 751 747 822 dignetur
761 750 799 807 de
813 750 911 823 poeuis
922 750 1039 808 interni.
1052 750 1110 806 Pro
1166 748 1194 805 S.
1205 747 1347 806 Gaulredi
1358 747 1486 817 comitis,
1499 750 1527 805 S.
1544 746 1702 819 umdovni,
1716 749 1742 806 S.
1759 748 1906 818 leodegarii,
1915 755 1934 810 t.

277 843 346 916 ipso
362 857 465 901 amore
480 840 614 899 cedimus
628 843 719 912 atque
734 838 886 896 donamus
901 839 940 896 ad
950 839 1049 912 ipsam
1063 853 1111 894 ca·
1164 835 1309 905 llacherii,
1327 838 1355 894 S.
1371 835 1500 902 Geraldi,
1518 837 1547 894 S.
1561 835 1735 904 Gothoiredi,
1755 837 1781 894 S.
1793 837 1933 910 turbastis.

278 947 345 990 sam
360 931 411 990 liei
424 929 539 1004 aliquid
561 945 598 987 ex
616 928 707 986 rebus
723 928 831 984 nostris
845 928 876 984 in
889 943 969 1002 pago
994 927 1111 998 Lugdu·
1165 925 1372 995 iwicheranni,
1387 927 1416 982 S.
1430 925 1548 999 ldayoli,
1565 927 1594 983 S.
1614 925 1775 998 Odeylnrdi,
1796 928 1820 984 S.
1836 927 1934 994 elberici,

278 1020 365 1079 uensi
378 1020 410 1076 in
425 1019 494 1077 villa
507 1017 673 1076 Dardanico
682 1031 772 1090 super
782 1015 907 1072 fluvium
920 1015 1000 1073 Sillia
1011 1016 1109 1084 (Μ’),
1166 1016 1194 1074 S.
1211 1014 1350 1087 Ardradi,
1367 1017 1396 1074 S.
1410 1013 1569 1083 wichardi,
1583 1015 1612 1070 S.
1627 1013 1781 1086 adalgarii,
1798 1016 1822 1072 S.
1835 1017 1934 1073 Βοιοιιι.

280 1109 441 1184 quesitum
455 1113 500 1165 est
513 1105 739 1181 inquirendum,
755 1121 825 1162 cum
839 1105 981 1162 omnibus
995 1119 1109 1177 uppen-
1165 1105 1239 1160 Data
1260 1119 1314 1175 per
1337 1119 1465 1162 manum
1489 1102 1608 1160 berardi
1632 1101 1680 1162 die
1710 1103 1836 1162 heronio
1855 1119 1873 1162 ιι
1893 1105 1935 1162 ιιι.

279 1199 359 1258 ditiis
373 1203 402 1257 ct
422 1197 618 1256 servientibus
642 1195 937 1270 supermanentibus,
963 1193 1111 1268 quidquid
1165 1192 1255 1266 ltpril.
1271 1197 1358 1252 huno
1375 1197 1408 1252 li
1420 1197 1564 1264 regnante
1579 1191 1734 1266 liudulpho
1747 1205 1817 1263 rege.

278 1287 321 1345 tbi
334 1286 393 1344 visi
403 1301 509 1344 sumus
518 1285 630 1344 habere
641 1287 736 1342 totum
751 1283 791 1341 ad
801 1283 998 1354 integrumad
1010 1283 1110 1356 ipsam

315 1377 399 1450 lilib'
412 1375 493 1434 Sillia
506 1373 608 1446 (vulgo
624 1374 656 1430 to
666 1371 779 1444 settle),
794 1371 905 1428 fluvius
920 1375 964 1429 est
978 1371 1031 1445 qui
1045 1371 1077 1428 iu
1089 1369 1207 1430 Ararim
1220 1369 1328 1442 iuiluil,
1343 1385 1406 1429 non
1422 1371 1512 1441 longe
1527 1385 1546 1430 a
1558 1367 1709 1430 llateuella
1721 1368 1791 1430 aas.

1721 1544 1931 1572 ι--ι--ῤ

1106 1683 1169 1802 t.

682 1900 1173 1993 susrluuuruu
1234 1901 1588 1990 ἰιιιιιιιιιι

972 2053 1211 2144 Cognomeuto
1235 2061 1300 2126 l’u.

724 2197 951 2266 Aromtorum
976 2196 1104 2267 comitia
1127 2203 1160 2266 et
1184 2195 1277 2266 dacis
1300 2195 1547 2288 Aquitanorum

609 2340 669 2408 ua
691 2319 1410 2411 cousruuorrons'cuuurlouusrs
1433 2339 1538 2412 soor
1556 2338 1664 2430 (esai.

522 2467 530 2474 ’
1033 2471 1138 2550 (Auno
1152 2471 1236 2554 910.)

845 2603 1040 2676 (Bibliotheca
1057 2604 1272 2676 cluniacensis,
1291 2621 1363 2680 pag.
1385 2610 1424 2678 1,.)

1027 2727 1228 2746 m

313 2829 432 2893 Cunctis
441 2843 514 2887 saue
523 2825 785 2886 considerantibus
796 2825 899 2900 liquet,
910 2827 1042 2901 quodita
1054 2827 1141 2889 lleiB
1160 2843 1226 2901 ques
1241 2823 1409 2885 transitorie
1428 2825 1632 2900 possidentur,
1658 2825 1682 2884 sl
1704 2825 1744 2884 eis
1763 2823 1831 2882 bane
1850 2821 1935 2877 utantu

277 2917 463 2998 dispensatio
472 2917 644 2996 quibusque
654 2915 766 2974 ditibus
782 2915 920 2987 consulit,
929 2919 962 2974 ut
972 2917 1106 2975 exrebus
1160 2931 1279 2992 semper
1292 2929 1437 2974 mansura
1450 2913 1572 2974 valeant
1583 2909 1868 2990 premtapromereri.
1878 2901 1933 2975 ιιι]

314 3062 388 3136 (ile)
415 3061 633 3120 Testamentum
660 3059 805 3117 Wiltclmi
821 3059 858 3116 de
880 3063 991 3116 constr.
1014 3058 1105 3116 clun.
1161 3061 1290 3132 religiosi
1308 3065 1432 3135 totoque
1454 3061 1528 3120 orbe
1550 3060 1664 3120 famosi
1685 3057 1843 3120 monasterii
1861 3049 1932 3128 tunde

280 3127 937 3212 loct.Willelmumhuuc,·seuG1dllelmum
960 3131 1107 3186 Arverno·
1161 3139 1262 3190 manta
1280 3132 1385 3206 jecisse
1423 3132 1515 3190 assim
1538 3132 1570 3188 iu
1594 3133 1657 3192 suis
1680 3132 1765 3190 bullis
1779 3125 1933 3204 acpracspilt

277 3223 345 3264 rum
361 3205 501 3262 comitem
535 3206 563 3260 et
584 3206 802 3276 aquitanorum
826 3199 946 3272 ducem,
972 3197 1107 3276 plerique
1161 3207 1309 3262 asserunt.
1324 3149 1449 3262 senodes
1464 3201 1549 3260 Odilo
1569 3203 1668 3263 abbas
1689 3197 1933 3262 Cluuiacensisl,111

278 3275 417 3334 moderni
430 3289 493 3357 uon
502 3245 704 3356 fundatorem,
728 3271 781 3329 sed
792 3275 1025 3354 restauratorem
1045 3275 1107 3329 tau·
1161 3277 1224 3332 vita
1240 3275 1335 3332 sancti
1347 3275 1443 3347 Maioli
1458 3277 1650 3347 praeessetis
1671 3275 1725 3344 sui,
1750 3272 1843 3331 Glader
1861 3259 1933 3324 lodul-

279 3346 481 3406 tumcoenobir
494 3344 694 3402 Clunracensrs
709 3342 861 3424 affirmant
876 3361 883 3399 ι
904 3357 1036 3400 maxime
1049 3345 1106 3399 Bu·
1160 3347 1240 3421 phus
1252 3351 1281 3403 et
1294 3347 1358 3420 ipse
1367 3347 1536 3403 monachus
1551 3345 1637 3404 Gluu.
1651 3345 1702 3404 lib.
1718 3359 1746 3403 ιιι
1756 3341 1869 3401 historie
1878 3340 1934 3414 liu·

279 3418 420 3490 gnonius,
436 3415 609 3474 Guillelmus
621 3415 796 3482 Perediam,
809 3414 860 3470 hb.
877 3429 897 3484 ι,
912 3414 1019 3471 annui.
1035 3417 1106 3471 Bur·
1161 3433 1277 3489 mmm,
1290 3434 1357 3491 cap.
1374 3423 1407 3486 ti;
1422 3417 1555 3490 itemque
1570 3419 1629 3476 seri
1653 3423 1697 3476 lor
1715 3413 1837 3475 Chtcuiei
1855 3409 1934 3488 Cluui·

279 3488 411 3562 guudioe,
427 3488 531 3542 Petrus
546 3485 737 3556 Saujulianus
758 3484 918 3554 Balmmus,
932 3484 984 3540 lib.
1001 3501 1020 3540 11
1032 3489 1061 3542 et
1075 3501 1107 3541 ιιι
1161 3489 1258 3546 censis
1272 3491 1324 3564 qui
1335 3492 1439 3546 saneto
1461 3489 1587 3560 lingone
1653 3489 1719 3548 bate
1741 3491 1773 3545 vl
1793 3484 1861 3550 vixit,
1881 3476 1934 3536 rdeu

279 3558 422 3634 nunquit.
437 3557 709 3628 listisconensium,
724 3561 750 3614 el
764 3555 894 3612 lacobus
912 3556 1061 3612 severtius
1076 3557 1108 3614 in
1161 3564 1332 3618 constanter
1346 3559 1507 3617 affirmant.
1530 3559 1669 3618 Chronici
1683 3557 1770 3616 verba
1783 3559 1820 3613 sic
1839 3549 1933 3612 habeut:

278 3635 363 3710 parte
378 3645 408 3699 u,
428 3629 466 3686 de
479 3627 630 3700 llatiscon,
651 3625 865 3708 episcopiam
888 3639 994 3682 omnes
1015 3627 1107 3684 Wari-
1162 3653 1176 3682 ι(
1190 3631 1278 3688 Anno
1306 3631 1521 3688 incarnationis
1549 3631 1711 3688 [lominica
1737 3633 1794 3694 tto,
1820 3619 1934 3680 suenus

278 3717 364 3772 num,
381 3699 607 3758 seuGuarinum
619 3697 759 3755 comitem
767 3699 1108 3756 lletrscoucusemetda-
1161 3701 1224 3760 dux
1238 3703 1457 3775 aquitanorum
1464 3705 1639 3760 venerando
1649 3707 1731 3760 Petro
1742 3699 1872 3770 Pauloqre
1879 3701 1936 3746 rear

278 3774 477 3844 bilonensem,
505 3770 639 3844 primrun
659 3774 722 3826 ιιιιιι
749 3768 866 3826 celebre
891 3769 1108 3828 monasterium
1161 3773 1292 3832 randum
1300 3773 1442 3832 cluniaco
1453 3775 1621 3832 consumit
1633 3759 1935 3846 ιιιοιιιιιιιιιίυιι.»,δῦιιιι

278 3844 468 3914 armoricae,
481 3858 517 3900 ae
526 3840 1108 3914 uudebsldumususeonensemepisco-
1161 3849 1299 3904 auctores
1310 3844 1360 3902 alii
1372 3844 1468 3912 msdti,
1479 3861 1515 3905 ae
1524 3845 1718 3906 vetushssimi
1731 3859 1796 3902 eum
1809 3839 1935 3916 munem·

278 3934 353 4046 Eum
379 3917 411 3974 in
433 3916 548 3996 honore
570 3912 729 3996 hestorum
752 3911 957 3995 apostolorum
979 3913 1055 3970 Petri
1080 3916 1109 3970 et
1162 3915 1245 3974 sibus
1266 3913 1469 3974 momimcntis
1482 3917 1684 3986 consentiunt,
1706 3913 1935 3988 ibamqueprmau

301 3987 361 4046 auli
375 4001 598 4044 consecravisse
617 3985 741 4042 dicunt:
766 3985 857 4058 idque
879 3983 936 4040 sub
959 3996 1053 4042 anum
1075 3987 1107 4040 ll
1162 3987 1308 4044 Guillelmi
1327 3987 1368 4043 eii
1388 3986 1597 4044 fundationem
1613 3986 1789 4046 unammiter
1805 3971 1935 4052 agnoscunt

277 4059 327 4119 vel
342 4061 373 4117 li
389 4055 531 4114 ludovici
552 4055 604 4130 Pii,
625 4055 721 4113 Caroli
746 4055 843 4125 ldegni
865 4055 927 4112 filii.
956 4055 1014 4113 Sed
1038 4069 1108 4112 oum
1164 4059 1294 4132 scriptor
1305 4057 1375 4116 titas
1390 4059 1755 4129 seucdllugeaisabbutie
1768 4049 1936 4114 emutuit

278 4129 453 4201 Bugnonius
466 4127 630 4199 autiquodi
653 4127 768 4194 lomati,
782 4137 887 4200 exque
900 4126 1108 4183 fundationem
1162 4130 1307 4188 liduensis
1330 4129 1533 4202 ammentum
1543 4135 1630 4190 vome
1644 4130 1771 4190 aistmia
1793 4127 1936 4184 Francorum·

278 4198 497 4273 haucprobare
510 4201 618 4256 conen
643 4197 672 4268 ἰ,
688 4213 803 4256 anuum
818 4197 908 4254 etiam
930 4197 1035 4256 Christi
1056 4201 1108 4256 828
1161 4201 1328 4262 Ademarus
1335 4201 1431 4264 sancti
1442 4201 1579 4264 llartialis
1590 4197 1803 4263 lemovicensis
1815 4185 1936 4271 monachu

279 4271 373 4342 addit,
385 4285 449 4328 rem
470 4273 642 4344 suspectam
654 4267 725 4330 iacit
748 4273 781 4324 ut
794 4267 891 4342 inquit
902 4267 1041 4326 Nicoleus
1056 4269 1107 4326 vi-
1161 4272 1193 4328 in
1213 4271 1336 4330 historia
1361 4277 1385 4330 lt
1408 4273 1536 4344 uitaniae,
1554 4273 1721 4331 chronicon
1731 4267 1817 4328 sauch‘
1830 4261 1886 4322 reri
1897 4259 1937 4309 llil

280 4341 443 4414 gneriusiu
458 4337 714 4423 dhrouicorerum
731 4338 983 4422 ‘urgundiopum
998 4353 1033 4398 ac
1045 4357 1109 4398 ma·
1162 4343 1355 4416 senonensis,
1383 4289 1523 4402 {arlinus
1545 4343 1686 4413 rotenus,
1712 4341 1761 4418 qui
1783 4345 1869 4398 tamen
1885 4321 1937 4384 md·

279 4414 326 4487 gis
339 4427 408 4488 quae
422 4411 461 4468 de
472 4427 538 4486 ipso
552 4413 671 4466 wemno
682 4409 793 4480 scribit,
814 4423 883 4467 eum
895 4423 996 4485 ipsum
1010 4412 1107 4469 itatis·
1162 4413 1352 4473 (iuilleimam
1367 4415 1448 4472 hunc
1462 4416 1629 4491 principem
1644 4411 1814 4488 Βιιιςιιιιιιιιι
1821 4397 1937 4474 matr

280 4481 702 4568 abbacomiteminstitutum
716 4481 910 4540 solummodo
924 4486 993 4556 post
1013 4497 1109 4611 effic·
1162 4485 1280 4544 dericas
1305 4486 1405 4546 vitalis
1428 4488 1596 4546 monachus
1619 4486 1770 4558 Uticensis,
1794 4473 1936 4540 euomuit

278 4561 387 4616 ratorrs
412 4554 554 4612 Ludovrcs
576 4556 792 4610 restitutionem
815 4551 955 4610 affirmat.
980 4555 1033 4612 Cre
1088 4555 1109 4611 i·
1162 4557 1338 4628 dioeceseos,
1354 4563 1384 4616 et
1405 4562 1509 4616 auctor
1522 4575 1695 4642 anonymus
1714 4553 1832 4615 historie
1849 4550 1936 4620 mmet

278 4629 337 4687 lius
364 4627 439 4685 ieret
460 4625 665 4684 testimonium
686 4624 770 4698 quod
796 4624 945 4682 severtius
965 4625 1108 4698 proferte
1161 4643 1242 4702 rum,
1261 4631 1314 4703 qui
1327 4629 1421 4704 Philip
1446 4630 1609 4688 'budomer
1622 4629 1664 4687 eii
1683 4629 1736 4686 filii
1873 4622 1937 4693 ‘till

300 4697 495 4774 azophylacio
509 4696 604 4770 ipsius
619 4695 747 4754 abbatiae
759 4694 971 4764 tlluniaeeusis,
985 4695 1032 4752 his
1043 4713 1109 4754 ver·
1163 4701 1218 4760 sit:
1235 4716 1317 4774 quau
1341 4717 1412 4758 uam
1450 4701 1542 4758 'duo
1558 4701 1701 4776 postremi
1723 4700 1768 4758 Gir
1820 4707 1862 4749 um
1877 4689 1936 4755 tim

279 4715 327 4828 fii,
352 4785 443 4826 conce
466 4772 541 4850 tum,
555 4789 570 4818 «
585 4767 759 4826 monasterii
771 4766 972 4824 cluniacensis
992 4768 1109 4841 primus
1163 4771 1241 4830 male
1253 4787 1308 4845 pro
1319 4716 1478 4830 dunelmo
1492 4773 1614 4830 habent.
1626 4772 1747 4830 illorum
1758 4763 1874 4844 omniurn
1886 4753 1937 4826 llil·

279 4841 422 4898 fundator
459 4853 592 4908 narinus,
613 4837 687 4896 alies
712 4839 846 4896 Gerimus
867 4853 969 4896 eomes
991 4839 1108 4898 Cabilo-
1162 4841 1266 4900 monia
1281 4842 1462 4918 protulimus
1476 4844 1506 4901 iu
1523 4833 1935 4916 bibliothecaipssclumsom.

279 4909 381 4970 nensis
391 4913 419 4968 ct
430 4909 661 4978 matisconensis,
676 4913 820 4982 regnante
831 4909 983 4968 moerico
997 4910 1110 4970 Picca-
1162 4913 1281 4988 paginis
1296 4919 1322 4985 5,
1338 4917 1400 4972 vet
1413 4917 1439 4976 8,
1453 4915 1608 4974 Addamus
1631 4931 1712 4972 nuno
1724 4918 1751 4970 et
1767 4909 1820 4968 alia
1839 4903 1887 4960 duo
1903 4903 1936 4974 pt

279 4983 336 5042 roli
349 4981 446 5053 liegni
459 4980 521 5062 tilio
548 4979 663 5037 circiter
686 4995 801 5038 aunum
824 4983 886 5051 820,
902 4981 987 5055 quod
1004 4987 1110 5065 postea
1162 4986 1372 5058 santiquorum
1387 5001 1473 5060 usque
1489 4987 1679 5061 scriptorum.
1697 4989 1857 5054 anonymus
1875 4975 1934 5056 imin:

279 5055 320 5115 ab
339 5057 486 5124 ilungarrs
506 5021 739 5120 devastatum
761 5051 915 5110 Girillelmo
941 5053 1108 5127 tqustauioe
1160 5055 1217 5114 sed
1235 5057 1369 5115 eruditus
1385 5062 1488 5116 auctor
1501 5058 1569 5115 libri
1593 5075 1614 5114 u
1639 5057 1709 5114 Vite
1731 5049 1816 5112 saneti
1837 5037 1933 5102 denut-

279 5128 356 5185 duce
367 5125 569 5183 restauratum
583 5121 647 5180 luit.
659 5143 673 5174 a
698 5123 882 5194 credibilius,
906 5122 937 5180 iu
961 5141 1042 5194 uam,
1065 5124 1108 5182 io·
1162 5126 1242 5182 «llis
1258 5128 1456 5202 temporibus,
1471 5129 1578 5204 inquit,
1594 5127 1754 5185 Willelmus
1767 5113 1934 5181 comoranti·

278 5203 333 5270 ret,
349 5197 374 5255 si
387 5195 629 5255 noninnumcrae
648 5193 857 5268 diplomatum,
873 5193 930 5252 che
1073 5209 1109 5254 ae
1161 5213 1272 5256 uorum
1294 5204 1360 5257 erat
1379 5199 1444 5257 dux
1469 5201 1698 5274 equitandum,
1721 5195 1770 5272 qui
1791 5183 1934 5266 uastauit

279 5271 370 5327 etiam
383 5267 528 5325 librorum
544 5265 681 5338 ejusdcm
696 5265 1108 5338 ooeuobiiauotoritates,huie
1162 5269 1300 5330 fundavit
1313 5271 1496 5330 coenobium.
1511 5294 1526 5324 »
1541 5269 1752 5330 hildemanus
1766 5260 1872 5338 qmdcm
1882 5246 1934 5328 huus

278 5341 332 5397 uni
360 5339 489 5396 auctoris
513 5338 616 5395 incerti
641 5337 809 5395 testimonio
832 5352 893 5410 proe
917 5339 1107 5396 ouderarent.
1162 5341 1322 5400 llalmnndi
1336 5343 1367 5399 iu
1381 5343 1576 5414 chronologia
1590 5341 1734 5399 abbatum
1745 5332 1828 5396 saneti
1838 5313 1934 5400 pareda

278 5409 517 5538 agapituseuim
531 5413 554 5466 ll
569 5425 609 5482 pa
625 5425 660 5494 a,
686 5407 855 5492 Ludovicus
905 5409 1106 5480 ltramurinus,
1163 5413 1420 5470 lemovicensis.»
1450 5415 1545 5488 Hujus
1572 5413 1698 5476 abbatis,
1723 5401 1839 5466 Fulberfi
1859 5383 1933 5450 illm

278 5497 332 5542 rex
365 5495 535 5550 raucorum,
551 5485 580 5538 et
663 5479 786 5552 plunmr
803 5477 993 5535 Gurllelmum
1005 5483 1108 5539 Arvar
1163 5486 1207 5552 Vl,
1223 5499 1304 5542 anuo
1318 5485 1525 5542 decimonono
1535 5485 1608 5542 obiit
1616 5481 1784 5540 Guillelmus
1795 5475 1855 5535 dax,
1864 5465 1933 5538 ΜΨ

278 5553 336 5612 niae
351 5551 502 5621 comitem,
518 5567 554 5608 ac
564 5551 674 5608 ducem
683 5549 903 5622 aquitanorum
910 5549 1009 5625 pume
1016 5552 1108 5626 hujus
1162 5556 1296 5629 menis,
1317 5557 1372 5631 qui
1393 5556 1571 5618 wem
1593 5554 1761 5614 monium
1780 5533 1933 5606 „uiderit
