4104 6162
258 191 308 245 ⁵4³
791 193 818 248 s.
834 191 962 248 oooars
983 177 1128 240 aestus
1143 176 1393 235 tauniacensis
1410 182 1432 233 u
1885 181 1925 235 ag

257 315 498 384 pernatassent
513 313 693 387 (dclxxxiv,
718 317 774 386 11),
803 315 939 374 videlieet
962 305 1120 385 superbia
1139 301 1235 372 blunt,
1263 307 1291 362 et
1318 319 1420 362 amore
1448 300 1619 360 divitiarum
1647 312 1759 370 semper
1786 298 1925 358 insaturat-

256 399 394 472 exempla
407 399 582 458 humilitatis
595 417 663 474 quea
678 401 804 476 prebuit
812 403 928 460 imitare
940 401 1083 472 despexe·
1140 393 1219 456 Quos
1233 391 1369 449 videlicet
1380 393 1452 466 quia
1470 392 1537 448 vitm
1552 387 1701 463 sequentis
1723 402 1801 444 amor
1817 403 1870 446 non
1886 391 1927 447 hu·

257 493 335 545 runt·
352 489 455 546 Omnis
469 489 550 546 enim
572 489 649 548 aelio
672 506 766 564 quam
789 509 842 566 per
870 486 1084 550 incarnationis
1139 478 1243 546 miliat,
1257 479 1332 538 inter
1347 496 1457 555 pravos
1470 477 1576 536 divites
1590 491 1706 533 morum
1719 475 1855 550 protervia
1863 475 1929 534 addi·

258 593 318 633 suae
331 577 507 649 mysterium
524 577 655 636 Christus
675 581 725 636 Dei
749 581 896 655 sapientia
923 578 1015 651 gessit
1037 575 1085 633 via
1140 567 1178 624 cit
1195 585 1200 626 :
1219 573 1248 627 at
1261 569 1337 626 sicut
1351 571 1382 626 in
1397 569 1473 625 libro
1486 583 1505 622 x
1525 564 1676 624 Moralium
1699 563 1808 635 dieitur,
1827 563 1889 620 nihil
1906 565 1928 620 in

257 669 311 734 est,
328 665 445 723 etordo
461 666 579 724 vivendi
606 685 612 723 ε
642 671 694 741 qui
715 669 901 726 venientibus
925 668 964 724 ad
990 682 1020 722 se
1044 667 1086 722 tot
1140 655 1251 714 ultione
1276 657 1381 730 judicii
1400 657 1560 730 discrepat,
1588 658 1687 710 ullum
1715 653 1798 708 rebus
1820 651 1928 708 ³¹1³⁰li⁸

256 753 321 812 vias
336 754 465 828 praebuit
479 760 553 829 quot
571 756 709 831 exempla
728 759 904 816 monstravit
934 776 940 814 :
964 756 1001 812 de
1025 768 1087 828 qua
1140 746 1275 804 moribus
1294 748 1516 805 intumescant:
1533 745 1586 818 qui
1612 743 1718 800 scilieet
1742 741 1875 816 quoslibet
1890 741 1930 797 hu·

258 841 404 915 sapientia
426 843 570 916 scriptum
597 848 641 901 est
661 863 667 900 :
690 846 765 914 Quia
788 847 927 904 elumitot
953 852 1036 902 stores
1055 844 1086 897 in
1141 835 1234 898 miles,
1251 838 1303 910 qui
1320 842 1436 895 terrena
1450 837 1480 893 in
1493 851 1560 903 usu,
1578 849 1638 890 non
1652 833 1681 890 iu
1693 831 1829 888 desiderio
1841 831 1932 887 haben·

260 930 365 987 mediis
379 932 489 988 scenitas
504 933 605 1000 (Prov.
622 949 682 1004 viu,
698 937 735 1007 11,
752 952 820 1009 quoe
842 935 986 992 nimirum
1009 933 1088 989 inve
1142 929 1194 998 tes,
1211 931 1384 999 sequentem
1401 926 1492 982 ritum
1507 923 1643 994 diligunt,
1658 920 1702 978 vel
1715 919 1880 994 opprimunt,
1897 917 1932 974 vel

258 1018 399 1089 stigando
423 1019 510 1077 nobis
537 1021 631 1080 iuerat
657 1023 681 1080 si
708 1040 737 1080 se
760 1021 1035 1082 occcultarevellet.
1052 1026 1088 1079 at
1141 1011 1330 1087 despiciunt:
1347 1031 1417 1071 eum
1438 1013 1494 1086 ipsi
1516 1012 1618 1085 utiquo
1642 1014 1693 1066 aut
1719 1007 1801 1064 rebus
1823 1006 1930 1074 einais,

259 1123 341 1164 nuuc
355 1108 386 1165 in
401 1110 508 1166 mediis
525 1111 637 1168 semitis
652 1111 716 1185 tigit
734 1114 874 1186 gradum,
897 1119 929 1170 ut
943 1113 973 1170 in
987 1114 1087 1186 ipsam
1141 1107 1192 1159 aul
1206 1102 1275 1159 Solis
1288 1102 1442 1159 desideriis
1457 1101 1634 1158 moriuntur·

258 1197 509 1271 impinguamus,
552 1205 579 1257 et
616 1202 773 1270 uolentes;
807 1209 836 1262 et
867 1219 961 1276 quam
987 1201 1086 1257 videre
1177 1195 1284 1249 XXXVI.
1305 1191 1561 1264 Dobisscriptum
1577 1193 1641 1246 est:
1665 1183 1931 1245 Vaoolt'sdr'ut'tibra,

258 1285 447 1357 negligimus,
478 1291 637 1359 tangamus
662 1291 857 1350 offendentes.
890 1294 966 1350 Sane
989 1288 1087 1364 qualis
1141 1282 1330 1354 unitatatis
1356 1282 1588 1338 contemtionem
1613 1283 1739 1335 vestram
1764 1277 1792 1330 ia
1819 1273 1934 1344 praeeat

258 1376 302 1430 est
316 1374 362 1430 via
372 1391 465 1448 quam
480 1378 630 1436 ostendit?
645 1380 746 1453 utique
761 1380 936 1438 humilitatis
955 1397 960 1434 :
975 1380 1013 1437 de
1027 1394 1087 1452 qua
1142 1371 1223 1442 (Luc.
1238 1387 1275 1441 vr,
1290 1372 1336 1442 at)
1351 1388 1357 1426 :
1372 1369 1402 1426 hi
1418 1373 1518 1428 autem
1530 1365 1713 1424 fastidientes
1724 1361 1846 1439 propria,
1858 1361 1934 1416 [1111111

258 1462 322 1535 ipse
337 1462 428 1521 dicit:
445 1466 555 1524 Dr'sttlc
568 1483 586 1526 u
600 1485 646 1525 me
660 1473 731 1539 quta
746 1471 825 1527 mitia
846 1486 909 1526 suar
923 1476 950 1526 et
966 1469 1086 1526 humilis
1142 1459 1376 1534 concupiscunt:
1395 1464 1447 1516 aut
1461 1456 1621 1530 concupita
1644 1453 1765 1526 adipisci
1787 1465 1843 1508 uon
1855 1449 1934 1506 velen·

259 1551 476 1622 cordetMattlt.
493 1570 534 1621 ιιι,
554 1558 609 1624 19).
632 1557 707 1622 Quid
722 1557 801 1614 enim
818 1558 847 1613 in
864 1557 993 1614 hacnte
1004 1554 1087 1613 aliud
1142 1553 1194 1618 tes,
1221 1548 1388 1618 instigantis
1415 1545 1545 1605 avaritie
1575 1543 1704 1603 tumultu
1728 1543 1875 1598 vastantur·
1905 1541 1934 1594 lie

258 1655 352 1713 quam
380 1641 576 1713 dejectionem
600 1644 778 1702 intuentium
806 1645 900 1703 oculis
934 1644 1086 1702 ostendit?
1101 1673 1122 1726 B
1141 1637 1252 1711 quibus
1268 1637 1298 1694 iu
1312 1637 1466 1696 Moralium
1480 1635 1558 1693 libro
1573 1631 1744 1691 iudicitur:
1765 1630 1784 1688 0
1799 1645 1879 1702 quam
1891 1627 1934 1683 dil·

259 1731 369 1786 Nostrae
378 1729 458 1787 enim
468 1731 642 1805 perditionis
655 1734 697 1791 lut
711 1733 795 1806 origo
807 1735 948 1808 superbia
961 1732 1084 1791 diaboli.
1140 1726 1216 1785 fieile
1232 1727 1271 1784 ad
1286 1727 1420 1800 requiem
1435 1725 1571 1792 tendunt,
1588 1723 1639 1797 qui
1654 1727 1714 1780 tam
1726 1721 1804 1778 duris
1814 1717 1935 1789 cogitatio

261 1820 294 1874 Ut
306 1834 377 1890 ergo
393 1819 606 1894 redemptionis
622 1822 854 1881 instrumentum
869 1823 953 1880 ficret
966 1822 1084 1880 humili·
1140 1831 1214 1873 num
1241 1815 1427 1886 tumultibus,
1458 1815 1533 1871 dum
1556 1813 1587 1870 in
1603 1813 1661 1870 boc
1683 1809 1793 1868 mundo
1809 1805 1935 1864 sublimari
2014 1880 2015 1900 Χ

259 1911 305 1962 tas
319 1906 378 1978 Dei,
394 1907 434 1964 ed
448 1908 506 1966 hoc
520 1924 582 1966 nou
597 1910 696 1968 solum
708 1911 841 1980 visibilis,
865 1912 1019 1968 sedetiam
1034 1911 1085 1967 de·
1141 1904 1252 1974 volunt,
1274 1904 1304 1961 in
1328 1904 1417 1961 corde
1439 1901 1695 1976 comprimunturl
1727 1898 1795 1954 Hinc
1820 1896 1935 1968 scriptum

259 1999 378 2066 spectus
392 1998 550 2070 apperuit:
567 1999 672 2056 adhoc
684 1999 933 2058 contumeliarum
946 1999 1085 2066 ludibria,
1141 1999 1185 2051 est
1201 2013 1207 2050 ι
1230 1995 1275 2051 Vae
1289 1997 1341 2070 qui
1354 1993 1539 2064 multiplicat
1558 2006 1618 2048 nott
1631 2005 1688 2047 suo
1711 2005 1721 2046 .·
1744 2000 1879 2060 moreque
1896 1999 1934 2054 no·

258 2083 429 2142 irrisionum
443 2087 564 2159 probra,
581 2089 757 2162 passionum
774 2093 921 2147 tormenta
943 2095 1085 2146 mortem-
1140 2090 1250 2154 gravat
1264 2089 1370 2140 contro
1383 2097 1412 2140 se
1426 2081 1550 2140 &osum
1575 2079 1702 2136 tutum?
1723 2075 1841 2148 (Hebro.
1860 2089 1884 2136 ιι,
1907 2076 1934 2140 t).

258 2187 318 2244 que
334 2172 477 2244 toleravit,
494 2179 526 2230 ut
539 2175 660 2234 humilis
686 2179 762 2234 Deus
785 2176 905 2234 doceret
932 2177 1086 2234 hominem
1140 2189 1194 2246 per
1209 2173 1306 2230 lutum
1320 2186 1453 2245 nemque
1469 2175 1585 2228 wrrane
1599 2168 1774 2239 ligurantur.
1795 2168 1879 2242 bouso
1898 2161 1936 2232 igi-

258 2274 319 2316 non
336 2275 400 2316 esse
416 2263 591 2336 superbum.
606 2267 726 2338 Propter
740 2264 939 2322 humilitatem
954 2280 1087 2337 namque
1143 2266 1189 2316 tur
1203 2261 1265 2318 luto
1281 2277 1312 2317 se
1327 2263 1481 2334 aggravat,
1497 2259 1549 2332 qui
1564 2262 1684 2314 terrena
1708 2253 1878 2327 multiplicat,
1898 2248 1936 2322 qui

259 2348 356 2406 solam
370 2352 514 2408 veraciter
527 2352 725 2423 edocendam,
740 2354 826 2426 isqui
837 2353 1087 2410 estaestimatioue
1142 2366 1173 2405 sc
1188 2349 1329 2418 avaritiae,
1345 2365 1413 2423 quas
1428 2346 1636 2405 estidolorum
1652 2344 1788 2416 servitus,
1801 2338 1936 2414 oppressio

258 2452 388 2508 maguus
416 2455 506 2512 super
533 2442 647 2513 omnia,
675 2457 788 2514 parvus
811 2442 886 2498 inter
908 2441 1010 2498 omnia
1024 2441 1087 2497 lieri
1141 2454 1179 2495 ne
1193 2441 1390 2508 coangustata
1406 2437 1476 2494 bino
1491 2436 1561 2494 item
1585 2434 1762 2492 :dedictum
1777 2429 1936 2488 desertarum

258 2525 465 2594 dignatusest.
483 2527 534 2585 Hae
548 2534 618 2585 sunt
629 2544 701 2599 ergo
712 2530 765 2586 visa
786 2531 861 2601 ejus,
873 2545 949 2603 quas
966 2529 1087 2602 superbi
1141 2529 1188 2586 itis
1202 2529 1254 2600 qui
1263 2533 1401 2597 presunt
1411 2528 1461 2598 fiet
1475 2527 1556 2598 (sap.
1575 2541 1613 2593 vr,
1628 2528 1668 2594 e).
1682 2521 1763 2581 Unde
1777 2523 1804 2578 et
1820 2521 1847 2576 in
1865 2519 1936 2573 Evae·
2014 2513 2015 2566 ἶ

257 2611 420 2683 intelligere
435 2613 551 2686 uolunt,
569 2616 715 2689 quoniam
740 2617 858 2690 abjecte
881 2633 949 2691 quse
969 2616 1089 2690 pertulit
1142 2616 1218 2690 gello
1234 2615 1344 2674 Veritas
1360 2615 1448 2674 dicit:
1466 2616 1524 2674 Cui
1537 2615 1666 2672 multum
1687 2614 1789 2670 datum
1814 2613 1860 2671 est,
1879 2603 1936 2659 mot·
2014 2641 2015 2644 ,

258 2700 321 2773 pati
334 2700 512 2775 despiciunt.
535 2704 592 2762 Sed
604 2703 729 2762 easdem
757 2705 821 2762 vias
843 2706 1003 2781 unicuique
1030 2707 1086 2763 hu·
1142 2712 1205 2764 tem
1219 2707 1257 2764 ot
1272 2721 1304 2764 eo
1318 2705 1576 2779 requiriturffluc.
1594 2719 1645 2773 xu,
1661 2704 1718 2776 48).
1747 2697 1937 2766 llarumitaque
2014 2717 2015 2720 ¹

258 2787 321 2844 mili
335 2788 497 2862 intelligere
511 2797 557 2849 est
570 2793 627 2850 hoc
640 2809 738 2862 nosse,
753 2795 825 2868 quia
840 2810 893 2869 per
905 2795 968 2851 brec
981 2795 1087 2852 infima
1141 2795 1228 2853 valde
1254 2799 1308 2864 est,
1336 2799 1368 2852 ut
1391 2795 1443 2868 qui
1469 2809 1578 2852 aurum
1601 2791 1758 2867 possident
1778 2787 1812 2846 ad
1830 2783 1936 2858 requiem

258 2877 399 2935 transitur
413 2879 452 2936 ad
467 2897 588 2940 summa
604 2899 610 2938 :
627 2882 701 2940 seire
715 2883 798 2956 quod
811 2887 947 2956 oporteat
959 2883 1086 2941 adversa
1140 2885 1274 2951 madent,
1290 2883 1363 2942 dum
1378 2881 1639 2958 persemetipsum
1654 2879 1770 2938 Veritas
1783 2876 1871 2934 dicat:
1889 2869 1938 2938 btt-

258 2967 403 3039 paticnter
431 2969 565 3038 tolerare,
603 2987 746 3030 mansura
778 2977 1003 3045 perseveranter
1039 2989 1087 3030 ex·
1139 2974 1219 3043 ficita
1233 2973 1286 3045 qui
1297 2973 1440 3042 pecunias
1456 2969 1564 3028 babent
1578 2971 1610 3026 ie
1624 2984 1752 3042 regnum
1771 2961 1938 3024 calomnia·

258 3058 402 3128 spectare,
429 3063 460 3116 ut
486 3059 625 3133 exemplo
651 3061 717 3132 ejus
745 3076 837 3135 quem
858 3061 919 3135 pati
944 3061 1084 3136 oportuit,
1141 3062 1265 3119 trabunt
1280 3060 1396 3133 (Metti.
1412 3077 1473 3128 arx,
1486 3059 1542 3132 23).
1556 3061 1631 3117 Nam
1643 3059 1700 3132 qui
1712 3057 1759 3115 hic
1772 3049 1937 3126 multiplican-

258 3147 287 3201 et
300 3145 341 3202 ite
355 3145 464 3206 intrare
483 3149 654 3222 ingloriam
678 3165 776 3219 suam,
801 3155 912 3209 aterna
934 3155 1087 3226 quaeratur
1140 3151 1187 3208 dis
1202 3150 1311 3232 divitiis
1324 3149 1449 3218 inhiant,
1465 3165 1532 3224 quae
1547 3148 1669 3206 alterius
1685 3146 1751 3204 vitre
1775 3141 1874 3217 gaudia
1890 3149 1938 3208 spt-

258 3233 363 3304 gloria,
379 3237 594 3310 temporalibus
607 3238 778 3312 opprobriis
793 3243 978 3313 comparate.
1140 3239 1229 3296 rantl
1254 3239 1340 3305 Quod
1368 3243 1402 3295 ut
1422 3237 1602 3312 Redemptor
1626 3239 1731 3293 noster
1758 3231 1838 3291 valde
1859 3237 1938 3285 rarum

294 3327 389 3382 XXXV.
410 3327 474 3382 Istae
488 3326 556 3384 duae
571 3328 787 3398 generationes,
803 3328 849 3386 vel
863 3329 931 3386 aua
944 3329 1084 3396 civitates,
1140 3327 1274 3402 quidem,
1291 3331 1324 3384 ut
1337 3343 1373 3384 ex
1389 3325 1453 3383 solo
1467 3323 1624 3394 miraculo,
1651 3340 1707 3398 per
1729 3337 1759 3381 se
1784 3325 1873 3378 tamen
1891 3311 1938 3368 fieri
2015 3325 2016 3330 ¹

258 3429 337 3487 quae,
362 3417 395 3470 ut
420 3415 533 3472 dictum
562 3421 616 3486 est,
636 3417 786 3474 aduobus
806 3416 877 3474 Ades
893 3417 960 3474 tiliis
977 3423 1085 3475 exortae
1140 3433 1228 3491 posse
1242 3419 1434 3488 monstraret,
1447 3416 1488 3473 ait
1504 3432 1509 3471 :
1524 3415 1617 3486 anna
1631 3414 1766 3472 bmniaes
1777 3402 1940 3476 11οεί1110111

259 3506 338 3572 sunt,
357 3503 387 3558 in
414 3509 545 3576 quatuor
569 3504 813 3575 generationibus
839 3507 1008 3579 partiuntur
1029 3525 1035 3562 ι
1054 3512 1086 3563 ut
1142 3507 1199 3564 bite
1211 3512 1263 3574 est,
1280 3505 1363 3577 opud
1374 3506 1467 3563 Deum
1493 3505 1594 3562 omnio
1618 3503 1778 3575 possibilia
1798 3495 1939 3563 sentitur.

259 3594 359 3648 autem
385 3593 553 3649 seeundum
574 3592 647 3650 illud
672 3594 843 3667 exemplum
858 3610 920 3668 quo
935 3595 1086 3652 malornm
1140 3597 1290 3666 xvirali),
1307 3599 1336 3652 et
1347 3599 1463 3651 caewra.
1492 3593 1641 3661 Quoniam
1665 3592 1737 3666 ipse
1754 3595 1852 3666 potens
1869 3589 1905 3640 est
1919 3580 1941 3635 ir

258 3683 363 3736 auctor
391 3682 462 3738 Cain
489 3683 707 3755 primogenitus
736 3683 800 3754 luit,
829 3689 858 3741 et
877 3685 1085 3759 unusquisque
1140 3685 1181 3742 eis
1197 3690 1344 3742 tumorem
1368 3682 1466 3740 cordis
1489 3683 1663 3757 reprimere,
1689 3687 1722 3739 et
1741 3679 1876 3740 ambitum
1889 3683 1940 3727 con·

257 3771 394 3826 nostrum
409 3771 508 3843 primo
532 3771 630 3829 malus
649 3778 702 3842 est,
733 3779 877 3847 etpostea
891 3775 1086 3847 pergratiam
1140 3773 1331 3848 cupiscentiee
1344 3771 1502 3829 refrenare.
1521 3773 1562 3828 Ex
1576 3770 1640 3828 solo
1656 3771 1742 3828 enim
1764 3767 1858 3825 divino
1874 3759 1940 3818 rnire·

257 3855 400 3930 baptismi
412 3859 446 3915 tit
459 3859 570 3931 bonus,
586 3876 667 3918 aune
687 3863 836 3935 primodo
861 3863 1011 3921 malorum
1034 3879 1084 3935 ge·
1140 3861 1208 3920 culo
1222 3862 1252 3920 id
1268 3877 1357 3936 posse
1369 3862 1432 3917 fieri
1447 3865 1640 3930 monstratur,
1651 3854 1890 3934 quandoquidem
1899 3849 1939 3906 hor

258 3947 410 4003 neratione
423 3948 572 4006 dicamus.
588 3950 657 4024 Ipsa
672 3951 702 4008 in
717 3950 837 4008 duobus
862 3952 1021 4022 generibus
1040 3953 1085 4009 di·
1140 3953 1223 4028 quod
1238 3951 1300 4008 fiori
1316 3950 1486 4008 nullatenus
1498 3955 1596 4024 potest
1611 3951 1650 4007 ad
1661 3947 1835 4024 exemplum
1845 3937 1941 4000 deduci·

258 4034 376 4092 viditur.
393 4036 488 4095 Habet
501 4039 580 4095 enim
596 4044 696 4112 aperte
711 4041 817 4105 malos,
836 4046 868 4096 ut
891 4045 960 4098 sunt
980 4057 1086 4098 omnes
1140 4049 1197 4110 tur,
1213 4059 1282 4100 cum
1297 4042 1442 4100 Dominus
1458 4041 1518 4098 ait:
1535 4041 1669 4098 Facilius
1693 4047 1737 4099 est
1758 4035 1890 4096 rometam
1900 4041 1941 4098 pet·

258 4126 393 4196 potentes
407 4141 576 4200 pauperum
591 4142 797 4201 oppressores,
813 4129 924 4202 quibus
943 4129 1000 4186 hoe
1016 4146 1084 4203 pro·
1139 4133 1276 4202 foramen
1291 4147 1362 4189 acas
1383 4133 1522 4199 transire,
1547 4145 1636 4202 quom
1659 4130 1781 4188 diuitem
1803 4117 1941 4184 iatrortt't

256 4211 356 4286 prium
371 4217 424 4281 est,
439 4220 470 4271 ut
484 4215 529 4272 vel
544 4215 656 4273 deliciis
672 4234 703 4274 se
714 4216 847 4283 ablatent,
861 4219 910 4275 vei
921 4219 1085 4292 potentiam
1141 4237 1265 4294 regnum
1279 4221 1420 4278 catonem
1436 4220 1556 4292 (Metto.
1573 4235 1634 4287 xix,
1650 4221 1709 4292 at).

256 4300 400 4358 divinitus
411 4309 565 4377 acceptam
580 4304 617 4360 ad
629 4305 756 4362 aliorum
768 4306 905 4364 laesiones
917 4314 1083 4380 exerceant,
1177 4312 1296 4368 xxxvii.
1333 4313 1382 4367 Est
1403 4313 1504 4366 autem
1533 4314 1561 4366 et
1589 4307 1671 4366 eliud
1693 4307 1842 4366 malorum
1857 4311 1941 4373 genus.

257 4389 305 4446 vel
329 4405 361 4446 se
389 4407 442 4464 per
470 4391 637 4466 voluptates
662 4393 844 4453 dissolvant:
870 4400 898 4452 et
917 4397 941 4452 ri
957 4395 1083 4455 faciendi
1100 4368 1120 4424 ὓ
1141 4415 1245 4457 eorum
1260 4399 1396 4456 videlieet
1409 4399 1461 4472 qui
1476 4397 1614 4456 habitum
1630 4397 1783 4470 religionis
1797 4389 1940 4454 assumunt,

258 4477 380 4535 allectus
392 4479 484 4550 deest,
500 4481 639 4538 voluntas
655 4487 755 4540 tamen
780 4483 889 4554 agendi
916 4501 1035 4560 semper
1054 4487 1084 4542 in
1140 4486 1249 4544 sedvel
1264 4486 1364 4544 multis
1377 4486 1451 4544 vitiis
1467 4484 1840 4560 publice‚relquibusdam
1850 4473 1942 4536 occulte

257 4565 299 4622 eis
314 4572 369 4623 est.
386 4568 509 4626 Undeet
523 4585 641 4645 semper
662 4571 738 4628 inest
760 4571 790 4628 iu
815 4570 856 4628 eis
880 4576 989 4645 reatus,
1010 4590 1085 4648 quo
1140 4593 1170 4633 so
1186 4575 1328 4633 subdunt.
1347 4575 1429 4634 Unde
1438 4575 1545 4632 beatus
1559 4573 1614 4632 lob
1626 4590 1698 4632 voce
1721 4573 1845 4632 dolentis
1866 4563 1940 4624 Eccle-

256 4655 340 4714 uiam
357 4656 458 4730 pravis
472 4658 627 4716 desideriis
638 4659 1085 4736 indesinenteriimplioantuaet
1139 4667 1190 4723 siae
1203 4665 1273 4724 dicit
1290 4684 1296 4720 ι
1317 4664 1423 4736 Effudi
1436 4665 1467 4721 in
1483 4670 1595 4723 terram
1610 4666 1724 4721 oisemo
1743 4677 1808 4720 tneo
1822 4655 1880 4732 (lob
1896 4665 1941 4713 au.

256 4746 328 4818 quia
353 4762 501 4822 pauperes
525 4764 647 4824 quoque
672 4749 851 4824 despiciunt,
879 4756 911 4808 ut
932 4767 1025 4826 supra
1043 4752 1085 4808 di·
1142 4759 1194 4824 te).
1211 4757 1285 4812 Nam
1296 4753 1491 4828 quisvisoera
1507 4753 1537 4810 in
1551 4753 1688 4812 humano
1700 4755 1824 4827 corpore
1842 4745 1942 4806 interius

257 4834 342 4903 citur,
369 4836 507 4896 beneda
534 4839 576 4896 eis
602 4841 747 4914 scriptum
773 4845 817 4898 est
837 4857 844 4895 ε
864 4841 995 4912 Lampus
1014 4858 1083 4902 eoa·
1139 4849 1218 4906 sunt.
1242 4844 1355 4900 viscera
1382 4843 1517 4900 Ecclesia
1544 4847 1701 4912 vocantur,
1731 4842 1783 4916 qui
1814 4829 1943 4906 religionis

258 4928 369 4994 tempta
391 4928 475 4997 apud
502 4929 694 5000 cogitationes
720 4930 847 4987 divitum
876 4929 948 5002 (rot.
973 4947 1024 5004 ιιι,
1045 4935 1082 5004 5).
1138 4930 1242 4988 habitu
1269 4928 1365 4987 induti
1391 4927 1430 4987 ad
1458 4929 1564 4988 intima
1602 4931 1667 5004 ejus
1697 4929 1879 4986 sacramenta
1906 4917 1943 4972 dt·

257 5012 322 5078 Ouo
344 5011 411 5071 loco
442 5015 568 5073 divitum
592 5017 715 5074 nomine
738 5019 837 5076 cuncti
867 5019 1082 5093 designantur,
1139 5019 1249 5076 servire
1270 5018 1390 5076 debent.
1413 5021 1487 5078 Cum
1501 5035 1574 5091 ergo
1588 5018 1740 5090 malignus
1759 5015 1851 5074 hostis
1872 5021 1944 5084 quos·

256 5101 457 5177 quisuperbis
473 5105 555 5178 apud
570 5121 602 5162 se
617 5107 846 5180 cogitabonibus
870 5114 997 5167 tument.
1023 5111 1084 5168 Ple·
1137 5109 1209 5166 dam
1240 5124 1276 5165 ex
1304 5109 1346 5166 eis
1372 5107 1411 5166 ad
1434 5108 1591 5168 saecularia
1610 5107 1760 5166 desideria
1778 5105 1823 5163 vel
1846 5095 1944 5172 negotia

254 5190 341 5265 rique
364 5192 445 5250 enim
466 5193 557 5251 rebus
579 5193 720 5268 ditantur,
741 5197 793 5272 qui
807 5197 881 5256 dum
897 5213 928 5255 se
942 5199 1083 5272 operibus
1136 5196 1297 5274 pertrahit,
1336 5197 1472 5270 ejusdem
1511 5197 1648 5256 Ecclesia
1685 5195 1801 5254 viscera
1835 5183 1945 5250 intendit

256 5281 412 5341 ebrmdare
427 5283 626 5357 conspiciunt,
648 5301 734 5344 veras
756 5285 806 5345 liei
830 5285 948 5346 divitias
963 5303 1025 5347 noa
1039 5305 1083 5347 re
1137 5287 1168 5346 iu
1204 5291 1331 5355 terram,
1369 5285 1443 5362 qtria
1478 5286 1544 5346 illos
1581 5287 1613 5346 in
1648 5284 1761 5345 infimis
1799 5277 1943 5340 conculcat.

256 5371 396 5443 quirunt;
419 5378 448 5432 et
468 5373 520 5447 qui
540 5379 645 5432 corba
663 5376 804 5434 meritum
827 5376 911 5434 ditati
934 5377 1022 5435 bonis
1044 5378 1084 5436 ed
1137 5377 1189 5452 qui
1217 5363 1256 5434 ad
1281 5376 1338 5435 boc
1359 5377 1455 5434 vocati
1484 5381 1556 5434 sunt
1580 5381 1612 5434 ut
1639 5373 1820 5450 spiritalibus
1843 5369 1946 5426 inhen-

257 5472 391 5516 amorem
416 5463 583 5520 conditoris
598 5464 756 5538 provocari
782 5464 960 5538 debuerunt,
986 5467 1082 5538 magis
1136 5471 1210 5526 rent.
1226 5471 1265 5525 lle
1278 5467 1324 5524 bis
1336 5466 1444 5524 iterum
1463 5467 1667 5540 scriptumest
1692 5484 1698 5520 :
1722 5461 1786 5520 Sed
1798 5463 1859 5532 ipso
1872 5455 1944 5514 rrrtrt!

255 5552 361 5606 contra
385 5549 469 5608 illum
491 5553 553 5609 suis
576 5552 664 5610 donis
688 5559 833 5627 pugnant.
860 5553 931 5610 Aliis
951 5570 1020 5612 vero
1036 5571 1082 5614 ros
1136 5556 1218 5616 radii
1235 5557 1305 5614 eolis
1331 5555 1398 5628 (lob
1417 5571 1474 5626 aar,
1498 5559 1544 5625 rt)
1567 5574 1573 5612 :
1599 5554 1682 5630 quod
1701 5558 1773 5608 tuno
1792 5549 1833 5610 ut.
1848 5537 1945 5603 cumbi

255 5638 451 5696 umenenon
466 5643 638 5712 suppetunt,
652 5639 705 5699 sed
720 5643 821 5700 amen
837 5641 919 5716 epod
934 5657 965 5700 se
981 5657 1082 5718 super·
1136 5645 1188 5720 qui
1215 5645 1291 5704 intre
1317 5648 1454 5704 seucum
1482 5643 1655 5711 Ecclesiam,
1682 5639 1779 5702 altiori
1800 5633 1889 5711 made
1910 5623 1944 5681 *⁸¹
